{
    "2023-06-30": {
        "Tax Effect Of Unusual Items": -375111.007463,
        "Tax Rate For Calcs": 0.197948,
        "Normalized EBITDA": 18793000.0,
        "Total Unusual Items": -1895000.0,
        "Total Unusual Items Excluding Goodwill": -1895000.0,
        "Net Income From Continuing Operation Net Minority Interest": 12897000.0,
        "Reconciled Depreciation": 7257000.0,
        "Reconciled Cost Of Revenue": 94440000.0,
        "EBIT": 16898000.0,
        "Net Interest Income": 254000.0,
        "Interest Expense": 818000.0,
        "Interest Income": 1072000.0,
        "Normalized Income": 14416888.992537,
        "Net Income From Continuing And Discontinued Operation": 12897000.0,
        "Total Expenses": 124855000.0,
        "Total Operating Income As Reported": 18432000.0,
        "Diluted Average Shares": 31685000.0,
        "Basic Average Shares": 31488000.0,
        "Diluted EPS": 0.41,
        "Basic EPS": 0.41,
        "Diluted NI Availto Com Stockholders": 12897000.0,
        "Net Income Common Stockholders": 12897000.0,
        "Net Income": 12897000.0,
        "Net Income Including Noncontrolling Interests": 12897000.0,
        "Net Income Continuous Operations": 12897000.0,
        "Tax Provision": 3183000.0,
        "Pretax Income": 16080000.0,
        "Other Income Expense": -4501000.0,
        "Other Non Operating Income Expenses": -2606000.0,
        "Special Income Charges": -1895000.0,
        "Restructuring And Mergern Acquisition": 1895000.0,
        "Net Non Operating Interest Income Expense": 254000.0,
        "Interest Expense Non Operating": 818000.0,
        "Interest Income Non Operating": 1072000.0,
        "Operating Income": 20327000.0,
        "Operating Expense": 30415000.0,
        "Research And Development": 6721000.0,
        "Selling General And Administration": 23694000.0,
        "Gross Profit": 50742000.0,
        "Cost Of Revenue": 94440000.0,
        "Total Revenue": 145182000.0,
        "Operating Revenue": 145182000.0
    },
    "2023-03-31": {
        "Tax Effect Of Unusual Items": -175299.660927,
        "Tax Rate For Calcs": 0.192215,
        "Normalized EBITDA": 24315000.0,
        "Total Unusual Items": -912000.0,
        "Total Unusual Items Excluding Goodwill": -912000.0,
        "Net Income From Continuing Operation Net Minority Interest": 18344000.0,
        "Reconciled Depreciation": 6918000.0,
        "Reconciled Cost Of Revenue": 94342000.0,
        "EBIT": 23403000.0,
        "Net Interest Income": 369000.0,
        "Interest Expense": 694000.0,
        "Interest Income": 1063000.0,
        "Normalized Income": 19080700.339073,
        "Net Income From Continuing And Discontinued Operation": 18344000.0,
        "Total Expenses": 122907000.0,
        "Total Operating Income As Reported": 22175000.0,
        "Diluted Average Shares": 31893000.0,
        "Basic Average Shares": 31634000.0,
        "Diluted EPS": 0.58,
        "Basic EPS": 0.58,
        "Diluted NI Availto Com Stockholders": 18344000.0,
        "Net Income Common Stockholders": 18344000.0,
        "Net Income": 18344000.0,
        "Net Income Including Noncontrolling Interests": 18344000.0,
        "Net Income Continuous Operations": 18344000.0,
        "Tax Provision": 4365000.0,
        "Pretax Income": 22709000.0,
        "Other Income Expense": -747000.0,
        "Other Non Operating Income Expenses": 165000.0,
        "Special Income Charges": -912000.0,
        "Restructuring And Mergern Acquisition": 912000.0,
        "Net Non Operating Interest Income Expense": 369000.0,
        "Interest Expense Non Operating": 694000.0,
        "Interest Income Non Operating": 1063000.0,
        "Operating Income": 23087000.0,
        "Operating Expense": 28565000.0,
        "Research And Development": 6586000.0,
        "Selling General And Administration": 21979000.0,
        "Gross Profit": 51652000.0,
        "Cost Of Revenue": 94342000.0,
        "Total Revenue": 145994000.0,
        "Operating Revenue": 145994000.0
    },
    "2022-12-31": {
        "Tax Effect Of Unusual Items": -134187.954359,
        "Tax Rate For Calcs": 0.280728,
        "Normalized EBITDA": 21951000.0,
        "Total Unusual Items": -478000.0,
        "Total Unusual Items Excluding Goodwill": -478000.0,
        "Net Income From Continuing Operation Net Minority Interest": 14940000.0,
        "Reconciled Depreciation": 8026000.0,
        "Reconciled Cost Of Revenue": 91277000.0,
        "EBIT": 21473000.0,
        "Net Interest Income": 14000.0,
        "Interest Expense": 702000.0,
        "Interest Income": 716000.0,
        "Normalized Income": 15283812.045641,
        "Net Income From Continuing And Discontinued Operation": 14940000.0,
        "Total Expenses": 120173000.0,
        "Total Operating Income As Reported": 21630000.0,
        "Diluted Average Shares": 32238000.0,
        "Basic Average Shares": 31818000.0,
        "Diluted EPS": 0.47,
        "Basic EPS": 0.47,
        "Diluted NI Availto Com Stockholders": 14940000.0,
        "Net Income Common Stockholders": 14940000.0,
        "Net Income": 14940000.0,
        "Net Income Including Noncontrolling Interests": 14940000.0,
        "Net Income Continuous Operations": 14940000.0,
        "Tax Provision": 5831000.0,
        "Pretax Income": 20771000.0,
        "Other Income Expense": -1351000.0,
        "Other Non Operating Income Expenses": -873000.0,
        "Special Income Charges": -478000.0,
        "Restructuring And Mergern Acquisition": 478000.0,
        "Net Non Operating Interest Income Expense": 14000.0,
        "Interest Expense Non Operating": 702000.0,
        "Interest Income Non Operating": 716000.0,
        "Operating Income": 22108000.0,
        "Operating Expense": 28896000.0,
        "Research And Development": 5405000.0,
        "Selling General And Administration": 23491000.0,
        "Gross Profit": 51004000.0,
        "Cost Of Revenue": 91277000.0,
        "Total Revenue": 142281000.0,
        "Operating Revenue": 142281000.0
    },
    "2022-09-30": {
        "Tax Effect Of Unusual Items": -156456.0,
        "Tax Rate For Calcs": 0.318,
        "Normalized EBITDA": 26094000.0,
        "Total Unusual Items": -492000.0,
        "Total Unusual Items Excluding Goodwill": -492000.0,
        "Net Income From Continuing Operation Net Minority Interest": 11798000.0,
        "Reconciled Depreciation": 7962000.0,
        "Reconciled Cost Of Revenue": 98565000.0,
        "EBIT": 17640000.0,
        "Net Interest Income": -175000.0,
        "Interest Expense": 342000.0,
        "Interest Income": 167000.0,
        "Normalized Income": 12133544.0,
        "Net Income From Continuing And Discontinued Operation": 11798000.0,
        "Total Expenses": 128775000.0,
        "Total Operating Income As Reported": 22644000.0,
        "Diluted Average Shares": 32090000.0,
        "Basic Average Shares": 31865000.0,
        "Diluted EPS": 0.37,
        "Basic EPS": 0.37,
        "Diluted NI Availto Com Stockholders": 11798000.0,
        "Net Income Common Stockholders": 11798000.0,
        "Net Income": 11798000.0,
        "Net Income Including Noncontrolling Interests": 11798000.0,
        "Net Income Continuous Operations": 11798000.0,
        "Tax Provision": 5500000.0,
        "Pretax Income": 17298000.0,
        "Other Income Expense": -5663000.0,
        "Other Non Operating Income Expenses": -5171000.0,
        "Special Income Charges": -492000.0,
        "Restructuring And Mergern Acquisition": 492000.0,
        "Net Non Operating Interest Income Expense": -175000.0,
        "Interest Expense Non Operating": 342000.0,
        "Interest Income Non Operating": 167000.0,
        "Operating Income": 23136000.0,
        "Operating Expense": 30210000.0,
        "Research And Development": 6207000.0,
        "Selling General And Administration": 24003000.0,
        "Gross Profit": 53346000.0,
        "Cost Of Revenue": 98565000.0,
        "Total Revenue": 151911000.0,
        "Operating Revenue": 151911000.0
    },
    "2022-06-30": {
        "Tax Effect Of Unusual Items": -161280.0,
        "Tax Rate For Calcs": 0.256,
        "Normalized EBITDA": 25170000.0,
        "Total Unusual Items": -630000.0,
        "Total Unusual Items Excluding Goodwill": -630000.0,
        "Net Income From Continuing Operation Net Minority Interest": 12598000.0,
        "Reconciled Depreciation": 7016000.0,
        "Reconciled Cost Of Revenue": 93134000.0,
        "EBIT": 17524000.0,
        "Net Interest Income": -339000.0,
        "Interest Expense": 602000.0,
        "Interest Income": 263000.0,
        "Normalized Income": 13066720.0,
        "Net Income From Continuing And Discontinued Operation": 12598000.0,
        "Total Expenses": 121666000.0,
        "Total Operating Income As Reported": 22686000.0,
        "Diluted Average Shares": 32243000.0,
        "Basic Average Shares": 32039000.0,
        "Diluted EPS": 0.39,
        "Basic EPS": 0.39,
        "Diluted NI Availto Com Stockholders": 12598000.0,
        "Net Income Common Stockholders": 12598000.0,
        "Net Income": 12598000.0,
        "Net Income Including Noncontrolling Interests": 12598000.0,
        "Net Income Continuous Operations": 12598000.0,
        "Tax Provision": 4324000.0,
        "Pretax Income": 16922000.0,
        "Other Income Expense": -6055000.0,
        "Other Non Operating Income Expenses": -5425000.0,
        "Special Income Charges": -630000.0,
        "Restructuring And Mergern Acquisition": 630000.0,
        "Net Non Operating Interest Income Expense": -339000.0,
        "Interest Expense Non Operating": 602000.0,
        "Interest Income Non Operating": 263000.0,
        "Operating Income": 23316000.0,
        "Operating Expense": 28532000.0,
        "Research And Development": 6294000.0,
        "Selling General And Administration": 22238000.0,
        "Gross Profit": 51848000.0,
        "Cost Of Revenue": 93134000.0,
        "Total Revenue": 144982000.0,
        "Operating Revenue": 144982000.0
    },
    "2022-03-31": {
        "Diluted EPS": 0.63,
        "Total Revenue": 148,
        "Gross Profit": 54,
        "Operating Income": 26,
        "EBIT": 33,
        "Net Income": 20
    },
    "2021-12-31": {
        "Diluted EPS": 0.27,
        "Total Revenue": 133,
        "Gross Profit": 49,
        "Operating Income": 18,
        "EBIT": 25,
        "Net Income": 9
    },
    "2021-09-30": {
        "Diluted EPS": -1.97,
        "Total Revenue": 122,
        "Gross Profit": 46,
        "Operating Income": 19,
        "EBIT": 26,
        "Net Income": -64
    },
    "2021-06-30": {
        "Diluted EPS": 0.03,
        "Total Revenue": 130,
        "Gross Profit": 48,
        "Operating Income": 21,
        "EBIT": 27,
        "Net Income": 1
    },
    "2021-03-31": {
        "Diluted EPS": 0.37,
        "Total Revenue": 128,
        "Gross Profit": 43,
        "Operating Income": 18,
        "EBIT": 25,
        "Net Income": 12
    },
    "2020-12-31": {
        "Diluted EPS": 0.45,
        "Total Revenue": 123,
        "Gross Profit": 43,
        "Operating Income": 17,
        "EBIT": 24,
        "Net Income": 15
    },
    "2020-09-30": {
        "Diluted EPS": 0.34,
        "Total Revenue": 114,
        "Gross Profit": 37,
        "Operating Income": 13,
        "EBIT": 20,
        "Net Income": 11
    },
    "2020-06-30": {
        "Diluted EPS": 0.15,
        "Total Revenue": 84,
        "Gross Profit": 27,
        "Operating Income": 6,
        "EBIT": 13,
        "Net Income": 5
    },
    "2020-03-31": {
        "Diluted EPS": 0.12,
        "Total Revenue": 103,
        "Gross Profit": 33,
        "Operating Income": 8,
        "EBIT": 15,
        "Net Income": 4
    },
    "2019-12-31": {
        "Diluted EPS": 0.31,
        "Total Revenue": 115,
        "Gross Profit": 39,
        "Operating Income": 12,
        "EBIT": 19,
        "Net Income": 10
    },
    "2019-09-30": {
        "Diluted EPS": 0.08,
        "Total Revenue": 116,
        "Gross Profit": 37,
        "Operating Income": 10,
        "EBIT": 16,
        "Net Income": 3
    },
    "2019-06-30": {
        "Diluted EPS": 0.36,
        "Total Revenue": 121,
        "Gross Profit": 41,
        "Operating Income": 17,
        "EBIT": 23,
        "Net Income": 12
    },
    "2019-03-31": {
        "Diluted EPS": 0.34,
        "Total Revenue": 118,
        "Gross Profit": 41,
        "Operating Income": 14,
        "EBIT": 20,
        "Net Income": 11
    },
    "2018-12-31": {
        "Diluted EPS": 0.54,
        "Total Revenue": 120,
        "Gross Profit": 43,
        "Operating Income": 17,
        "EBIT": 23,
        "Net Income": 18
    },
    "2018-09-30": {
        "Diluted EPS": 0.3,
        "Total Revenue": 119,
        "Gross Profit": 42,
        "Operating Income": 16,
        "EBIT": 22,
        "Net Income": 10
    },
    "2018-06-30": {
        "Diluted EPS": 0.21,
        "Total Revenue": 118,
        "Gross Profit": 42,
        "Operating Income": 15,
        "EBIT": 20,
        "Net Income": 7
    },
    "2018-03-31": {
        "Diluted EPS": 0.34,
        "Total Revenue": 114,
        "Gross Profit": 38,
        "Operating Income": 13,
        "EBIT": 19,
        "Net Income": 12
    },
    "2017-12-31": {
        "Diluted EPS": -0.41,
        "Total Revenue": 111,
        "Gross Profit": 33,
        "Operating Income": 0,
        "EBIT": 6,
        "Net Income": -14
    },
    "2017-09-30": {
        "Diluted EPS": 0.29,
        "Total Revenue": 106,
        "Gross Profit": 38,
        "Operating Income": 13,
        "EBIT": 18,
        "Net Income": 10
    },
    "2017-06-30": {
        "Diluted EPS": 0.3,
        "Total Revenue": 106,
        "Gross Profit": 36,
        "Operating Income": 13,
        "EBIT": 18,
        "Net Income": 10
    },
    "2017-03-31": {
        "Diluted EPS": 0.25,
        "Total Revenue": 100,
        "Gross Profit": 34,
        "Operating Income": 12,
        "EBIT": 17,
        "Net Income": 8
    },
    "2016-12-31": {
        "Diluted EPS": 0.24,
        "Total Revenue": 102,
        "Gross Profit": 36,
        "Operating Income": 14,
        "EBIT": 19,
        "Net Income": 8
    },
    "2016-09-30": {
        "Diluted EPS": 0.11,
        "Total Revenue": 100,
        "Gross Profit": 37,
        "Operating Income": 12,
        "EBIT": 18,
        "Net Income": 4
    },
    "2016-06-30": {
        "Diluted EPS": 0.44,
        "Total Revenue": 99,
        "Gross Profit": 34,
        "Operating Income": 24,
        "EBIT": 29,
        "Net Income": 14
    },
    "2016-03-31": {
        "Diluted EPS": 0.24,
        "Total Revenue": 97,
        "Gross Profit": 33,
        "Operating Income": 12,
        "EBIT": 16,
        "Net Income": 8
    },
    "2015-12-31": {
        "Diluted EPS": -0.4,
        "Total Revenue": 93,
        "Gross Profit": 30,
        "Operating Income": 1,
        "EBIT": 5,
        "Net Income": -14
    },
    "2015-09-30": {
        "Diluted EPS": -0.15,
        "Total Revenue": 91,
        "Gross Profit": 31,
        "Operating Income": -4,
        "EBIT": 0,
        "Net Income": -5
    },
    "2015-06-30": {
        "Diluted EPS": 0.57,
        "Total Revenue": 100,
        "Gross Profit": 33,
        "Operating Income": 11,
        "EBIT": 13,
        "Net Income": 19
    },
    "2015-03-31": {
        "Diluted EPS": 0.19,
        "Total Revenue": 98,
        "Gross Profit": 32,
        "Operating Income": 10,
        "EBIT": 16,
        "Net Income": 6
    },
    "2014-12-31": {
        "Diluted EPS": 0.2,
        "Total Revenue": 100,
        "Gross Profit": 33,
        "Operating Income": 10,
        "EBIT": 10,
        "Net Income": 7
    },
    "2014-09-30": {
        "Diluted EPS": 0.24,
        "Total Revenue": 100,
        "Gross Profit": 32,
        "Operating Income": 11,
        "EBIT": 17,
        "Net Income": 8
    },
    "2014-06-30": {
        "Diluted EPS": 0.19,
        "Total Revenue": 103,
        "Gross Profit": 34,
        "Operating Income": 10,
        "EBIT": 16,
        "Net Income": 6
    },
    "2014-03-31": {
        "Diluted EPS": 0.15,
        "Total Revenue": 101,
        "Gross Profit": 31,
        "Operating Income": 11,
        "EBIT": 17,
        "Net Income": 5
    },
    "2013-12-31": {
        "Diluted EPS": -0.08,
        "Total Revenue": 102,
        "Gross Profit": 30,
        "Operating Income": 5,
        "EBIT": 11,
        "Net Income": -3
    },
    "2013-09-30": {
        "Diluted EPS": 0.2,
        "Total Revenue": 104,
        "Gross Profit": 32,
        "Operating Income": 8,
        "EBIT": 15,
        "Net Income": 7
    },
    "2013-06-30": {
        "Diluted EPS": -0.34,
        "Total Revenue": 105,
        "Gross Profit": 32,
        "Operating Income": 2,
        "EBIT": 10,
        "Net Income": -11
    },
    "2013-03-31": {
        "Diluted EPS": 0.1,
        "Total Revenue": 98,
        "Gross Profit": 27,
        "Operating Income": 3,
        "EBIT": 11,
        "Net Income": 4
    },
    "2012-12-31": {
        "Diluted EPS": 0.26,
        "Total Revenue": 76,
        "Gross Profit": 22,
        "Operating Income": 8,
        "EBIT": 14,
        "Net Income": 9
    },
    "2012-09-30": {
        "Diluted EPS": 0.17,
        "Total Revenue": 137,
        "Gross Profit": 27,
        "Operating Income": 7,
        "EBIT": 13,
        "Net Income": 6
    },
    "2012-06-30": {
        "Diluted EPS": 0.1,
        "Total Revenue": 154,
        "Gross Profit": 26,
        "Operating Income": 6,
        "EBIT": 12,
        "Net Income": 3
    },
    "2012-03-31": {
        "Diluted EPS": 0.07,
        "Total Revenue": 147,
        "Gross Profit": 22,
        "Operating Income": 2,
        "EBIT": 8,
        "Net Income": 2
    },
    "2011-12-31": {
        "Diluted EPS": 0.17,
        "Total Revenue": 144,
        "Gross Profit": 26,
        "Operating Income": 7,
        "EBIT": 12,
        "Net Income": 6
    },
    "2011-09-30": {
        "Diluted EPS": 0.17,
        "Total Revenue": 146,
        "Gross Profit": 27,
        "Operating Income": 8,
        "EBIT": 14,
        "Net Income": 6
    },
    "2011-06-30": {
        "Diluted EPS": 0.12,
        "Total Revenue": 147,
        "Gross Profit": 28,
        "Operating Income": 5,
        "EBIT": 10,
        "Net Income": 4
    },
    "2011-03-31": {
        "Diluted EPS": 0.15,
        "Total Revenue": 152,
        "Gross Profit": 29,
        "Operating Income": 6,
        "EBIT": 11,
        "Net Income": 5
    },
    "2010-12-31": {
        "Diluted EPS": 0.13,
        "Total Revenue": 145,
        "Gross Profit": 29,
        "Operating Income": 6,
        "EBIT": 11,
        "Net Income": 5
    },
    "2010-09-30": {
        "Diluted EPS": 0.2,
        "Total Revenue": 139,
        "Gross Profit": 30,
        "Operating Income": 8,
        "EBIT": 13,
        "Net Income": 7
    },
    "2010-06-30": {
        "Diluted EPS": 0.17,
        "Total Revenue": 139,
        "Gross Profit": 30,
        "Operating Income": 8,
        "EBIT": 13,
        "Net Income": 6
    },
    "2010-03-31": {
        "Diluted EPS": 0.13,
        "Total Revenue": 129,
        "Gross Profit": 30,
        "Operating Income": 6,
        "EBIT": 12,
        "Net Income": 4
    },
    "2009-12-31": {
        "Diluted EPS": 0.13,
        "Total Revenue": 134,
        "Gross Profit": 31,
        "Operating Income": 8,
        "EBIT": 14,
        "Net Income": 4
    },
    "2009-09-30": {
        "Diluted EPS": 0.13,
        "Total Revenue": 127,
        "Gross Profit": 26,
        "Operating Income": 6,
        "EBIT": 12,
        "Net Income": 4
    },
    "2009-06-30": {
        "Diluted EPS": -0.21,
        "Total Revenue": 120,
        "Gross Profit": 22,
        "Operating Income": 3,
        "EBIT": 10,
        "Net Income": -7
    },
    "2009-03-31": {
        "Diluted EPS": -1.06,
        "Total Revenue": 118,
        "Gross Profit": 20,
        "Operating Income": -36,
        "EBIT": 4,
        "Net Income": -36
    }
}