{
    "2023-03-31": {
        "Tax Effect Of Unusual Items": 0.0,
        "Tax Rate For Calcs": 0.21,
        "Normalized EBITDA": -6184000.0,
        "Total Unusual Items": NaN,
        "Total Unusual Items Excluding Goodwill": NaN,
        "Net Income From Continuing Operation Net Minority Interest": -8563000.0,
        "Reconciled Depreciation": 2030000.0,
        "Reconciled Cost Of Revenue": 8265000.0,
        "EBITDA": -6184000.0,
        "EBIT": -8214000.0,
        "Net Interest Income": 2475000.0,
        "Interest Income": 2475000.0,
        "Normalized Income": -8563000.0,
        "Net Income From Continuing And Discontinued Operation": -8563000.0,
        "Total Expenses": 38699000.0,
        "Total Operating Income As Reported": -8214000.0,
        "Diluted Average Shares": 136008998.0,
        "Basic Average Shares": 136008998.0,
        "Diluted EPS": -0.06,
        "Basic EPS": -0.06,
        "Diluted NI Availto Com Stockholders": -8563000.0,
        "Net Income Common Stockholders": -8563000.0,
        "Net Income": -8563000.0,
        "Net Income Including Noncontrolling Interests": -8563000.0,
        "Net Income Continuous Operations": -8563000.0,
        "Tax Provision": 2824000.0,
        "Pretax Income": -5739000.0,
        "Other Income Expense": NaN,
        "Special Income Charges": NaN,
        "Impairment Of Capital Assets": NaN,
        "Net Non Operating Interest Income Expense": 2475000.0,
        "Total Other Finance Cost": NaN,
        "Interest Income Non Operating": 2475000.0,
        "Operating Income": -8214000.0,
        "Operating Expense": 30434000.0,
        "Depreciation Amortization Depletion Income Statement": 2030000.0,
        "Depreciation And Amortization In Income Statement": 2030000.0,
        "Research And Development": 7117000.0,
        "Selling General And Administration": 21287000.0,
        "Selling And Marketing Expense": 11637000.0,
        "General And Administrative Expense": 9650000.0,
        "Other Gand A": 9650000.0,
        "Gross Profit": 22220000.0,
        "Cost Of Revenue": 8265000.0,
        "Total Revenue": 30485000.0,
        "Operating Revenue": 30485000.0
    },
    "2022-12-31": {
        "Tax Effect Of Unusual Items": 0.0,
        "Tax Rate For Calcs": 0.21,
        "Normalized EBITDA": -2077000.0,
        "Total Unusual Items": NaN,
        "Total Unusual Items Excluding Goodwill": NaN,
        "Net Income From Continuing Operation Net Minority Interest": -3429000.0,
        "Reconciled Depreciation": 2662000.0,
        "Reconciled Cost Of Revenue": 8376000.0,
        "EBITDA": -2077000.0,
        "EBIT": -4739000.0,
        "Net Interest Income": 2693000.0,
        "Interest Income": NaN,
        "Normalized Income": -3429000.0,
        "Net Income From Continuing And Discontinued Operation": -3429000.0,
        "Total Expenses": 38437000.0,
        "Total Operating Income As Reported": -4739000.0,
        "Diluted Average Shares": 133687918.0,
        "Basic Average Shares": 133687918.0,
        "Diluted EPS": -0.03,
        "Basic EPS": -0.03,
        "Diluted NI Availto Com Stockholders": -3429000.0,
        "Net Income Common Stockholders": -3429000.0,
        "Net Income": -3429000.0,
        "Net Income Including Noncontrolling Interests": -3429000.0,
        "Net Income Continuous Operations": -3429000.0,
        "Tax Provision": 1383000.0,
        "Pretax Income": -2046000.0,
        "Other Income Expense": NaN,
        "Special Income Charges": NaN,
        "Impairment Of Capital Assets": NaN,
        "Net Non Operating Interest Income Expense": 2693000.0,
        "Total Other Finance Cost": NaN,
        "Interest Income Non Operating": NaN,
        "Operating Income": -4739000.0,
        "Operating Expense": 30061000.0,
        "Depreciation Amortization Depletion Income Statement": 2662000.0,
        "Depreciation And Amortization In Income Statement": 2662000.0,
        "Research And Development": 6842000.0,
        "Selling General And Administration": 20557000.0,
        "Selling And Marketing Expense": 11869000.0,
        "General And Administrative Expense": 8688000.0,
        "Other Gand A": 8688000.0,
        "Gross Profit": 25322000.0,
        "Cost Of Revenue": 8376000.0,
        "Total Revenue": 33698000.0,
        "Operating Revenue": 33698000.0
    },
    "2022-09-30": {
        "Tax Effect Of Unusual Items": 0.0,
        "Tax Rate For Calcs": 0.4,
        "Normalized EBITDA": -4149000.0,
        "Total Unusual Items": NaN,
        "Total Unusual Items Excluding Goodwill": NaN,
        "Net Income From Continuing Operation Net Minority Interest": -11832000.0,
        "Reconciled Depreciation": 1882000.0,
        "Reconciled Cost Of Revenue": 8534000.0,
        "EBITDA": -4149000.0,
        "EBIT": -6031000.0,
        "Net Interest Income": -4962000.0,
        "Interest Expense": 4962000.0,
        "Interest Income": NaN,
        "Normalized Income": -11832000.0,
        "Net Income From Continuing And Discontinued Operation": -11832000.0,
        "Total Expenses": 40500000.0,
        "Total Operating Income As Reported": -6031000.0,
        "Diluted Average Shares": 132959511.0,
        "Basic Average Shares": 132959511.0,
        "Diluted EPS": -0.09,
        "Basic EPS": -0.09,
        "Diluted NI Availto Com Stockholders": -11832000.0,
        "Net Income Common Stockholders": -11832000.0,
        "Net Income": -11832000.0,
        "Net Income Including Noncontrolling Interests": -11832000.0,
        "Net Income Continuous Operations": -11832000.0,
        "Tax Provision": 839000.0,
        "Pretax Income": -10993000.0,
        "Other Income Expense": NaN,
        "Special Income Charges": NaN,
        "Impairment Of Capital Assets": NaN,
        "Net Non Operating Interest Income Expense": -4962000.0,
        "Total Other Finance Cost": NaN,
        "Interest Expense Non Operating": 4962000.0,
        "Interest Income Non Operating": NaN,
        "Operating Income": -6031000.0,
        "Operating Expense": 31966000.0,
        "Depreciation Amortization Depletion Income Statement": 1882000.0,
        "Depreciation And Amortization In Income Statement": 1882000.0,
        "Research And Development": 7312000.0,
        "Selling General And Administration": 22772000.0,
        "Selling And Marketing Expense": 13726000.0,
        "General And Administrative Expense": 9046000.0,
        "Other Gand A": 9046000.0,
        "Gross Profit": 25935000.0,
        "Cost Of Revenue": 8534000.0,
        "Total Revenue": 34469000.0,
        "Operating Revenue": 34469000.0
    },
    "2022-06-30": {
        "Tax Effect Of Unusual Items": 0.0,
        "Tax Rate For Calcs": 0.4,
        "Normalized EBITDA": -8248000.0,
        "Total Unusual Items": NaN,
        "Total Unusual Items Excluding Goodwill": NaN,
        "Net Income From Continuing Operation Net Minority Interest": 4300000.0,
        "Reconciled Depreciation": 926000.0,
        "Reconciled Cost Of Revenue": 7351000.0,
        "EBITDA": -8248000.0,
        "EBIT": -9174000.0,
        "Net Interest Income": 13306000.0,
        "Interest Expense": NaN,
        "Interest Income": 13306000.0,
        "Normalized Income": 4300000.0,
        "Net Income From Continuing And Discontinued Operation": 4300000.0,
        "Total Expenses": 42262000.0,
        "Total Operating Income As Reported": -9174000.0,
        "Diluted Average Shares": 139988123.0,
        "Basic Average Shares": 132152652.0,
        "Diluted EPS": 0.03,
        "Basic EPS": 0.03,
        "Diluted NI Availto Com Stockholders": 4300000.0,
        "Net Income Common Stockholders": 4300000.0,
        "Net Income": 4300000.0,
        "Net Income Including Noncontrolling Interests": 4300000.0,
        "Net Income Continuous Operations": 4300000.0,
        "Tax Provision": -168000.0,
        "Pretax Income": 4132000.0,
        "Other Income Expense": NaN,
        "Special Income Charges": NaN,
        "Impairment Of Capital Assets": NaN,
        "Net Non Operating Interest Income Expense": 13306000.0,
        "Interest Expense Non Operating": NaN,
        "Interest Income Non Operating": 13306000.0,
        "Operating Income": -9174000.0,
        "Operating Expense": 34911000.0,
        "Depreciation Amortization Depletion Income Statement": 926000.0,
        "Depreciation And Amortization In Income Statement": 926000.0,
        "Research And Development": 9710000.0,
        "Selling General And Administration": 24275000.0,
        "Selling And Marketing Expense": 14320000.0,
        "General And Administrative Expense": 9955000.0,
        "Other Gand A": 9955000.0,
        "Gross Profit": 25737000.0,
        "Cost Of Revenue": 7351000.0,
        "Total Revenue": 33088000.0,
        "Operating Revenue": 33088000.0
    },
    "2022-03-31": {
        "Diluted EPS": -0.06,
        "Total Revenue": 26,
        "Gross Profit": 20,
        "Operating Income": -10,
        "EBIT": -9,
        "Net Income": -7
    },
    "2021-12-31": {
        "Diluted EPS": 0.02,
        "Total Revenue": 26,
        "Gross Profit": 21,
        "Operating Income": -7,
        "EBIT": -7,
        "Net Income": -32
    },
    "2021-09-30": {
        "Diluted EPS": -0.45,
        "Total Revenue": 23,
        "Gross Profit": 19,
        "Operating Income": 1,
        "EBIT": 1,
        "Net Income": -8
    },
    "2021-06-30": {
        "Diluted EPS": -1.33,
        "Total Revenue": 23,
        "Gross Profit": 19,
        "Operating Income": 0,
        "EBIT": 0,
        "Net Income": -23
    },
    "2021-03-31": {
        "Diluted EPS": -1.55,
        "Total Revenue": 18,
        "Gross Profit": 14,
        "Operating Income": 0,
        "EBIT": 0,
        "Net Income": -26
    },
    "2020-12-31": {
        "Diluted EPS": 0.0,
        "Total Revenue": NaN,
        "Gross Profit": NaN,
        "Operating Income": NaN,
        "EBIT": NaN,
        "Net Income": NaN
    },
    "2019-12-31": {
        "Diluted EPS": 0.0,
        "Total Revenue": NaN,
        "Gross Profit": NaN,
        "Operating Income": NaN,
        "EBIT": NaN,
        "Net Income": NaN
    },
    "2023-06-30": {
        "Tax Effect Of Unusual Items": -3045630.0,
        "Tax Rate For Calcs": 0.21,
        "Normalized EBITDA": 13198000.0,
        "Total Unusual Items": -14503000.0,
        "Total Unusual Items Excluding Goodwill": -14503000.0,
        "Net Income From Continuing Operation Net Minority Interest": -18959000.0,
        "Reconciled Depreciation": 2064000.0,
        "Reconciled Cost Of Revenue": 8591000.0,
        "EBITDA": -1305000.0,
        "EBIT": -3369000.0,
        "Net Interest Income": 248000.0,
        "Interest Income": 248000.0,
        "Normalized Income": -7501630.0,
        "Net Income From Continuing And Discontinued Operation": -18959000.0,
        "Total Expenses": 37915000.0,
        "Total Operating Income As Reported": -17872000.0,
        "Diluted Average Shares": 137643910.0,
        "Basic Average Shares": 137643910.0,
        "Diluted EPS": -0.14,
        "Basic EPS": -0.14,
        "Diluted NI Availto Com Stockholders": -18959000.0,
        "Net Income Common Stockholders": -18959000.0,
        "Net Income": -18959000.0,
        "Net Income Including Noncontrolling Interests": -18959000.0,
        "Net Income Continuous Operations": -18959000.0,
        "Tax Provision": 1335000.0,
        "Pretax Income": -17624000.0,
        "Other Income Expense": -14503000.0,
        "Special Income Charges": -14503000.0,
        "Impairment Of Capital Assets": 14503000.0,
        "Net Non Operating Interest Income Expense": 248000.0,
        "Total Other Finance Cost": NaN,
        "Interest Income Non Operating": 248000.0,
        "Operating Income": -3369000.0,
        "Operating Expense": 29324000.0,
        "Depreciation Amortization Depletion Income Statement": 2064000.0,
        "Depreciation And Amortization In Income Statement": 2064000.0,
        "Research And Development": 6876000.0,
        "Selling General And Administration": 20384000.0,
        "Selling And Marketing Expense": 11460000.0,
        "General And Administrative Expense": 8924000.0,
        "Other Gand A": 8924000.0,
        "Gross Profit": 25955000.0,
        "Cost Of Revenue": 8591000.0,
        "Total Revenue": 34546000.0,
        "Operating Revenue": 34546000.0
    },
    "2023-09-30": {
        "Tax Effect Of Unusual Items": 0.0,
        "Tax Rate For Calcs": 0.323,
        "Normalized EBITDA": 392000.0,
        "Total Unusual Items": 0.0,
        "Total Unusual Items Excluding Goodwill": 0.0,
        "Net Income From Continuing Operation Net Minority Interest": -2731000.0,
        "Reconciled Depreciation": 4714000.0,
        "Reconciled Cost Of Revenue": 8428000.0,
        "EBITDA": 392000.0,
        "EBIT": -4322000.0,
        "Net Interest Income": 290000.0,
        "Interest Income": NaN,
        "Normalized Income": -2731000.0,
        "Net Income From Continuing And Discontinued Operation": -2731000.0,
        "Total Expenses": 40556000.0,
        "Total Operating Income As Reported": -4322000.0,
        "Diluted Average Shares": 139607389.0,
        "Basic Average Shares": 139607389.0,
        "Diluted EPS": -0.02,
        "Basic EPS": -0.02,
        "Diluted NI Availto Com Stockholders": -2731000.0,
        "Net Income Common Stockholders": -2731000.0,
        "Net Income": -2731000.0,
        "Net Income Including Noncontrolling Interests": -2731000.0,
        "Net Income Continuous Operations": -2731000.0,
        "Tax Provision": -1301000.0,
        "Pretax Income": -4032000.0,
        "Other Income Expense": NaN,
        "Special Income Charges": 0.0,
        "Impairment Of Capital Assets": 0.0,
        "Net Non Operating Interest Income Expense": 290000.0,
        "Total Other Finance Cost": -290000.0,
        "Interest Income Non Operating": NaN,
        "Operating Income": -4322000.0,
        "Operating Expense": 32128000.0,
        "Depreciation Amortization Depletion Income Statement": 4714000.0,
        "Depreciation And Amortization In Income Statement": 4714000.0,
        "Research And Development": 6486000.0,
        "Selling General And Administration": 20928000.0,
        "Selling And Marketing Expense": 11175000.0,
        "General And Administrative Expense": 9753000.0,
        "Other Gand A": 9753000.0,
        "Gross Profit": 27806000.0,
        "Cost Of Revenue": 8428000.0,
        "Total Revenue": 36234000.0,
        "Operating Revenue": 36234000.0
    },
    "2023-12-31": {
        "Tax Effect Of Unusual Items": 0.0,
        "Tax Rate For Calcs": 0.225957,
        "Normalized EBITDA": 1639000.0,
        "Total Unusual Items": 0.0,
        "Total Unusual Items Excluding Goodwill": 0.0,
        "Net Income From Continuing Operation Net Minority Interest": -1658000.0,
        "Reconciled Depreciation": 4188000.0,
        "Reconciled Cost Of Revenue": 8521000.0,
        "EBITDA": 1639000.0,
        "EBIT": -2549000.0,
        "Net Interest Income": 407000.0,
        "Interest Income": NaN,
        "Normalized Income": -1658000.0,
        "Net Income From Continuing And Discontinued Operation": -1658000.0,
        "Total Expenses": 41166000.0,
        "Total Operating Income As Reported": -2549000.0,
        "Diluted Average Shares": NaN,
        "Basic Average Shares": NaN,
        "Diluted EPS": NaN,
        "Basic EPS": NaN,
        "Diluted NI Availto Com Stockholders": -1658000.0,
        "Net Income Common Stockholders": -1658000.0,
        "Net Income": -1658000.0,
        "Net Income Including Noncontrolling Interests": -1658000.0,
        "Net Income Continuous Operations": -1658000.0,
        "Tax Provision": -484000.0,
        "Pretax Income": -2142000.0,
        "Other Income Expense": 0.0,
        "Special Income Charges": 0.0,
        "Impairment Of Capital Assets": 0.0,
        "Net Non Operating Interest Income Expense": 407000.0,
        "Total Other Finance Cost": -407000.0,
        "Interest Income Non Operating": NaN,
        "Operating Income": -2549000.0,
        "Operating Expense": 32645000.0,
        "Depreciation Amortization Depletion Income Statement": 4188000.0,
        "Depreciation And Amortization In Income Statement": 4188000.0,
        "Research And Development": 6399000.0,
        "Selling General And Administration": 22058000.0,
        "Selling And Marketing Expense": 11299000.0,
        "General And Administrative Expense": 10759000.0,
        "Other Gand A": 10759000.0,
        "Gross Profit": 30096000.0,
        "Cost Of Revenue": 8521000.0,
        "Total Revenue": 38617000.0,
        "Operating Revenue": 38617000.0
    }
}