{
    "2023-06-30": {
        "Tax Effect Of Unusual Items": 0.0,
        "Tax Rate For Calcs": 0.3039,
        "Total Unusual Items": NaN,
        "Total Unusual Items Excluding Goodwill": NaN,
        "Net Income From Continuing Operation Net Minority Interest": 47574000.0,
        "Reconciled Depreciation": 7736000.0,
        "Net Interest Income": 165271000.0,
        "Interest Expense": 164889000.0,
        "Interest Income": 330160000.0,
        "Normalized Income": 47574000.0,
        "Net Income From Continuing And Discontinued Operation": 47574000.0,
        "Diluted Average Shares": 31591142.0,
        "Basic Average Shares": 31254125.0,
        "Diluted EPS": 1.39,
        "Basic EPS": 1.41,
        "Diluted NI Availto Com Stockholders": 44007000.0,
        "Net Income Common Stockholders": 44007000.0,
        "Preferred Stock Dividends": 3567000.0,
        "Net Income": 47574000.0,
        "Net Income Including Noncontrolling Interests": 47574000.0,
        "Net Income Continuous Operations": 47574000.0,
        "Tax Provision": 20768000.0,
        "Pretax Income": 68342000.0,
        "Special Income Charges": NaN,
        "Other Special Charges": NaN,
        "Gain On Sale Of Security": 0.0,
        "Depreciation Amortization Depletion Income Statement": 7328000.0,
        "Depreciation And Amortization In Income Statement": 7328000.0,
        "Depreciation Income Statement": 7328000.0,
        "Selling General And Administration": 43446000.0,
        "Selling And Marketing Expense": 546000.0,
        "General And Administrative Expense": 42900000.0,
        "Other Gand A": NaN,
        "Insurance And Claims": 9780000.0,
        "Salaries And Wages": 33120000.0,
        "Total Revenue": 176491000.0,
        "Operating Revenue": 176491000.0,
        "Occupancy And Equipment": 2519000.0,
        "Professional Expense And Contract Services Expense": 9192000.0,
        "Other Non Interest Expense": 22035000.0
    },
    "2023-03-31": {
        "Tax Effect Of Unusual Items": 0.0,
        "Tax Rate For Calcs": 0.2133,
        "Total Unusual Items": NaN,
        "Total Unusual Items Excluding Goodwill": NaN,
        "Net Income From Continuing Operation Net Minority Interest": 53721000.0,
        "Reconciled Depreciation": 8833000.0,
        "Net Interest Income": 149899000.0,
        "Interest Expense": 165046000.0,
        "Interest Income": 314945000.0,
        "Normalized Income": 53721000.0,
        "Net Income From Continuing And Discontinued Operation": 53721000.0,
        "Diluted Average Shares": 32345017.0,
        "Basic Average Shares": 31819203.0,
        "Diluted EPS": 1.55,
        "Basic EPS": 1.58,
        "Diluted NI Availto Com Stockholders": 50265000.0,
        "Net Income Common Stockholders": 50265000.0,
        "Preferred Stock Dividends": 3456000.0,
        "Net Income": 53721000.0,
        "Net Income Including Noncontrolling Interests": 53721000.0,
        "Net Income Discontinuous Operations": NaN,
        "Net Income Continuous Operations": 53721000.0,
        "Tax Provision": 14563000.0,
        "Pretax Income": 68284000.0,
        "Special Income Charges": NaN,
        "Gain On Sale Of Business": NaN,
        "Other Special Charges": NaN,
        "Restructuring And Mergern Acquisition": NaN,
        "Gain On Sale Of Security": 0.0,
        "Depreciation Amortization Depletion Income Statement": 7875000.0,
        "Depreciation And Amortization In Income Statement": 7875000.0,
        "Depreciation Income Statement": 7875000.0,
        "Selling General And Administration": 36122000.0,
        "Selling And Marketing Expense": 1049000.0,
        "General And Administrative Expense": 35073000.0,
        "Other Gand A": NaN,
        "Insurance And Claims": 2728000.0,
        "Salaries And Wages": 32345000.0,
        "Total Revenue": 163359000.0,
        "Operating Revenue": 163359000.0,
        "Occupancy And Equipment": 2760000.0,
        "Professional Expense And Contract Services Expense": 7596000.0,
        "Other Non Interest Expense": 21119000.0
    },
    "2022-12-31": {
        "Tax Effect Of Unusual Items": NaN,
        "Tax Rate For Calcs": NaN,
        "Total Unusual Items": 7519000.0,
        "Total Unusual Items Excluding Goodwill": 7519000.0,
        "Net Income From Continuing Operation Net Minority Interest": NaN,
        "Reconciled Depreciation": NaN,
        "Net Interest Income": NaN,
        "Interest Expense": NaN,
        "Interest Income": NaN,
        "Normalized Income": NaN,
        "Net Income From Continuing And Discontinued Operation": NaN,
        "Diluted Average Shares": NaN,
        "Basic Average Shares": NaN,
        "Diluted EPS": NaN,
        "Basic EPS": NaN,
        "Diluted NI Availto Com Stockholders": NaN,
        "Net Income Common Stockholders": NaN,
        "Preferred Stock Dividends": NaN,
        "Net Income": NaN,
        "Net Income Including Noncontrolling Interests": NaN,
        "Net Income Discontinuous Operations": 0.0,
        "Net Income Continuous Operations": NaN,
        "Tax Provision": NaN,
        "Pretax Income": NaN,
        "Special Income Charges": 7519000.0,
        "Gain On Sale Of Business": 0.0,
        "Other Special Charges": NaN,
        "Restructuring And Mergern Acquisition": 0.0,
        "Gain On Sale Of Security": NaN,
        "Depreciation Amortization Depletion Income Statement": NaN,
        "Depreciation And Amortization In Income Statement": NaN,
        "Depreciation Income Statement": NaN,
        "Selling General And Administration": NaN,
        "Selling And Marketing Expense": NaN,
        "General And Administrative Expense": NaN,
        "Other Gand A": NaN,
        "Insurance And Claims": NaN,
        "Salaries And Wages": NaN,
        "Total Revenue": NaN,
        "Operating Revenue": NaN,
        "Occupancy And Equipment": NaN,
        "Professional Expense And Contract Services Expense": NaN,
        "Other Non Interest Expense": NaN
    },
    "2022-09-30": {
        "Tax Effect Of Unusual Items": NaN,
        "Tax Rate For Calcs": NaN,
        "Total Unusual Items": 0.0,
        "Total Unusual Items Excluding Goodwill": 0.0,
        "Net Income From Continuing Operation Net Minority Interest": NaN,
        "Reconciled Depreciation": NaN,
        "Net Interest Income": NaN,
        "Interest Expense": NaN,
        "Interest Income": NaN,
        "Normalized Income": NaN,
        "Net Income From Continuing And Discontinued Operation": NaN,
        "Diluted Average Shares": NaN,
        "Basic Average Shares": NaN,
        "Diluted EPS": NaN,
        "Basic EPS": NaN,
        "Diluted NI Availto Com Stockholders": NaN,
        "Net Income Common Stockholders": NaN,
        "Preferred Stock Dividends": NaN,
        "Net Income": NaN,
        "Net Income Including Noncontrolling Interests": NaN,
        "Net Income Discontinuous Operations": 0.0,
        "Net Income Continuous Operations": NaN,
        "Tax Provision": NaN,
        "Pretax Income": NaN,
        "Special Income Charges": 0.0,
        "Gain On Sale Of Business": 0.0,
        "Other Special Charges": NaN,
        "Restructuring And Mergern Acquisition": 0.0,
        "Gain On Sale Of Security": NaN,
        "Depreciation Amortization Depletion Income Statement": NaN,
        "Depreciation And Amortization In Income Statement": NaN,
        "Depreciation Income Statement": NaN,
        "Selling General And Administration": NaN,
        "Selling And Marketing Expense": NaN,
        "General And Administrative Expense": NaN,
        "Other Gand A": 19588000.0,
        "Insurance And Claims": NaN,
        "Salaries And Wages": NaN,
        "Total Revenue": NaN,
        "Operating Revenue": NaN
    },
    "2022-06-30": {
        "Tax Effect Of Unusual Items": 0.0,
        "Tax Rate For Calcs": 0.24,
        "Total Unusual Items": 0.0,
        "Total Unusual Items Excluding Goodwill": 0.0,
        "Net Income From Continuing Operation Net Minority Interest": 58650000.0,
        "Reconciled Depreciation": 5552000.0,
        "Net Interest Income": 164852000.0,
        "Interest Expense": 31482000.0,
        "Interest Income": 196334000.0,
        "Normalized Income": 58650000.0,
        "Net Income From Continuing And Discontinued Operation": 58650000.0,
        "Diluted Average Shares": 33579013.0,
        "Basic Average Shares": 32712616.0,
        "Diluted EPS": 1.68,
        "Basic EPS": 1.73,
        "Diluted NI Availto Com Stockholders": 56519000.0,
        "Net Income Common Stockholders": 56519000.0,
        "Preferred Stock Dividends": 2131000.0,
        "Net Income": 58650000.0,
        "Net Income Including Noncontrolling Interests": 58650000.0,
        "Net Income Discontinuous Operations": 0.0,
        "Net Income Continuous Operations": 58650000.0,
        "Tax Provision": 18896000.0,
        "Pretax Income": 77546000.0,
        "Special Income Charges": 0.0,
        "Gain On Sale Of Business": 0.0,
        "Other Special Charges": NaN,
        "Restructuring And Mergern Acquisition": 0.0,
        "Gain On Sale Of Security": -2411000.0,
        "Depreciation Amortization Depletion Income Statement": 5552000.0,
        "Depreciation And Amortization In Income Statement": 5552000.0,
        "Depreciation Income Statement": 5552000.0,
        "Selling General And Administration": 50044000.0,
        "Selling And Marketing Expense": 353000.0,
        "General And Administrative Expense": 49691000.0,
        "Other Gand A": 22738000.0,
        "Insurance And Claims": 1619000.0,
        "Salaries And Wages": 25334000.0,
        "Total Revenue": 173078000.0,
        "Operating Revenue": 173078000.0
    },
    "2022-03-31": {
        "Diluted EPS": 2.18,
        "Total Revenue": 205,
        "Gross Profit": 186,
        "Operating Income": 96,
        "EBIT": NaN,
        "Net Income": 75
    },
    "2021-12-31": {
        "Diluted EPS": 2.93,
        "Total Revenue": 231,
        "Gross Profit": 211,
        "Operating Income": 115,
        "EBIT": NaN,
        "Net Income": 99
    },
    "2021-09-30": {
        "Diluted EPS": 3.25,
        "Total Revenue": 268,
        "Gross Profit": 245,
        "Operating Income": 152,
        "EBIT": NaN,
        "Net Income": 110
    },
    "2021-06-30": {
        "Diluted EPS": 1.72,
        "Total Revenue": 180,
        "Gross Profit": 156,
        "Operating Income": 81,
        "EBIT": NaN,
        "Net Income": 58
    },
    "2021-03-31": {
        "Diluted EPS": 1.01,
        "Total Revenue": 180,
        "Gross Profit": 151,
        "Operating Income": 93,
        "EBIT": NaN,
        "Net Income": 33
    },
    "2020-12-31": {
        "Diluted EPS": 1.67,
        "Total Revenue": 169,
        "Gross Profit": 139,
        "Operating Income": 83,
        "EBIT": NaN,
        "Net Income": 53
    },
    "2020-09-30": {
        "Diluted EPS": 1.48,
        "Total Revenue": 165,
        "Gross Profit": 132,
        "Operating Income": 64,
        "EBIT": NaN,
        "Net Income": 47
    },
    "2020-06-30": {
        "Diluted EPS": 0.61,
        "Total Revenue": 137,
        "Gross Profit": 104,
        "Operating Income": 33,
        "EBIT": NaN,
        "Net Income": 19
    },
    "2020-03-31": {
        "Diluted EPS": -0.02,
        "Total Revenue": 137,
        "Gross Profit": 92,
        "Operating Income": 12,
        "EBIT": NaN,
        "Net Income": -1
    },
    "2019-12-31": {
        "Diluted EPS": 0.75,
        "Total Revenue": 104,
        "Gross Profit": 58,
        "Operating Income": 41,
        "EBIT": NaN,
        "Net Income": 24
    },
    "2019-09-30": {
        "Diluted EPS": 0.74,
        "Total Revenue": 150,
        "Gross Profit": 99,
        "Operating Income": 35,
        "EBIT": NaN,
        "Net Income": 23
    },
    "2019-06-30": {
        "Diluted EPS": 0.18,
        "Total Revenue": 124,
        "Gross Profit": 77,
        "Operating Income": 12,
        "EBIT": NaN,
        "Net Income": 6
    },
    "2019-03-31": {
        "Diluted EPS": 0.38,
        "Total Revenue": 121,
        "Gross Profit": 79,
        "Operating Income": 20,
        "EBIT": NaN,
        "Net Income": 12
    },
    "2018-12-31": {
        "Diluted EPS": 0.45,
        "Total Revenue": 123,
        "Gross Profit": 81,
        "Operating Income": 23,
        "EBIT": NaN,
        "Net Income": 14
    },
    "2018-09-30": {
        "Diluted EPS": 0.07,
        "Total Revenue": 112,
        "Gross Profit": 66,
        "Operating Income": 9,
        "EBIT": NaN,
        "Net Income": 2
    },
    "2018-06-30": {
        "Diluted EPS": 0.62,
        "Total Revenue": 124,
        "Gross Profit": 83,
        "Operating Income": 31,
        "EBIT": NaN,
        "Net Income": 20
    },
    "2018-03-31": {
        "Diluted EPS": 0.64,
        "Total Revenue": 118,
        "Gross Profit": 86,
        "Operating Income": 32,
        "EBIT": NaN,
        "Net Income": 21
    },
    "2017-12-31": {
        "Diluted EPS": 0.55,
        "Total Revenue": 117,
        "Gross Profit": 88,
        "Operating Income": 33,
        "EBIT": NaN,
        "Net Income": 18
    },
    "2017-09-30": {
        "Diluted EPS": 0.13,
        "Total Revenue": 116,
        "Gross Profit": 86,
        "Operating Income": 23,
        "EBIT": NaN,
        "Net Income": 4
    },
    "2017-06-30": {
        "Diluted EPS": 0.62,
        "Total Revenue": 112,
        "Gross Profit": 87,
        "Operating Income": 36,
        "EBIT": NaN,
        "Net Income": 20
    },
    "2017-03-31": {
        "Diluted EPS": 0.67,
        "Total Revenue": 106,
        "Gross Profit": 85,
        "Operating Income": 33,
        "EBIT": NaN,
        "Net Income": 22
    },
    "2016-12-31": {
        "Diluted EPS": 0.51,
        "Total Revenue": 101,
        "Gross Profit": 82,
        "Operating Income": 25,
        "EBIT": NaN,
        "Net Income": 16
    },
    "2016-09-30": {
        "Diluted EPS": 0.63,
        "Total Revenue": 112,
        "Gross Profit": 92,
        "Operating Income": 36,
        "EBIT": NaN,
        "Net Income": 19
    },
    "2016-06-30": {
        "Diluted EPS": 0.59,
        "Total Revenue": 87,
        "Gross Profit": 69,
        "Operating Income": 36,
        "EBIT": NaN,
        "Net Income": 17
    },
    "2016-03-31": {
        "Diluted EPS": 0.58,
        "Total Revenue": 79,
        "Gross Profit": 63,
        "Operating Income": 29,
        "EBIT": NaN,
        "Net Income": 17
    },
    "2015-12-31": {
        "Diluted EPS": 0.58,
        "Total Revenue": 77,
        "Gross Profit": 63,
        "Operating Income": 25,
        "EBIT": NaN,
        "Net Income": 17
    },
    "2015-09-30": {
        "Diluted EPS": 0.5,
        "Total Revenue": 70,
        "Gross Profit": 56,
        "Operating Income": 24,
        "EBIT": NaN,
        "Net Income": 14
    },
    "2015-06-30": {
        "Diluted EPS": 0.39,
        "Total Revenue": 66,
        "Gross Profit": 53,
        "Operating Income": 18,
        "EBIT": NaN,
        "Net Income": 11
    },
    "2015-03-31": {
        "Diluted EPS": 0.49,
        "Total Revenue": 64,
        "Gross Profit": 52,
        "Operating Income": 22,
        "EBIT": NaN,
        "Net Income": 14
    },
    "2014-12-31": {
        "Diluted EPS": 0.47,
        "Total Revenue": 63,
        "Gross Profit": 51,
        "Operating Income": 23,
        "EBIT": NaN,
        "Net Income": 13
    },
    "2014-09-30": {
        "Diluted EPS": 0.42,
        "Total Revenue": 56,
        "Gross Profit": 45,
        "Operating Income": 16,
        "EBIT": NaN,
        "Net Income": 12
    },
    "2014-06-30": {
        "Diluted EPS": 0.37,
        "Total Revenue": 52,
        "Gross Profit": 44,
        "Operating Income": 16,
        "EBIT": NaN,
        "Net Income": 10
    },
    "2014-03-31": {
        "Diluted EPS": 0.29,
        "Total Revenue": 44,
        "Gross Profit": 37,
        "Operating Income": 12,
        "EBIT": NaN,
        "Net Income": 8
    },
    "2013-12-31": {
        "Diluted EPS": 0.32,
        "Total Revenue": 42,
        "Gross Profit": 36,
        "Operating Income": 14,
        "EBIT": NaN,
        "Net Income": 9
    },
    "2013-09-30": {
        "Diluted EPS": 0.3,
        "Total Revenue": 38,
        "Gross Profit": 32,
        "Operating Income": 13,
        "EBIT": NaN,
        "Net Income": 8
    },
    "2013-06-30": {
        "Diluted EPS": 0.34,
        "Total Revenue": 37,
        "Gross Profit": 32,
        "Operating Income": 13,
        "EBIT": NaN,
        "Net Income": 8
    },
    "2013-03-31": {
        "Diluted EPS": 0.35,
        "Total Revenue": 33,
        "Gross Profit": 27,
        "Operating Income": 11,
        "EBIT": NaN,
        "Net Income": 7
    },
    "2012-12-31": {
        "Diluted EPS": 0.35,
        "Total Revenue": 30,
        "Gross Profit": 24,
        "Operating Income": 11,
        "EBIT": NaN,
        "Net Income": 8
    },
    "2012-09-30": {
        "Diluted EPS": 0.46,
        "Total Revenue": 38,
        "Gross Profit": 32,
        "Operating Income": 10,
        "EBIT": NaN,
        "Net Income": 7
    },
    "2012-06-30": {
        "Diluted EPS": 0.51,
        "Total Revenue": 33,
        "Gross Profit": 27,
        "Operating Income": 10,
        "EBIT": NaN,
        "Net Income": 7
    },
    "2012-03-31": {
        "Diluted EPS": 0.25,
        "Total Revenue": 22,
        "Gross Profit": 17,
        "Operating Income": 5,
        "EBIT": NaN,
        "Net Income": 3
    },
    "2011-12-31": {
        "Diluted EPS": 0.3,
        "Total Revenue": 22,
        "Gross Profit": 16,
        "Operating Income": 5,
        "EBIT": NaN,
        "Net Income": 3
    },
    "2011-09-30": {
        "Diluted EPS": 0.21,
        "Total Revenue": 19,
        "Gross Profit": 13,
        "Operating Income": 4,
        "EBIT": NaN,
        "Net Income": 2
    },
    "2011-06-30": {
        "Diluted EPS": 0.01,
        "Total Revenue": 17,
        "Gross Profit": 11,
        "Operating Income": 0,
        "EBIT": NaN,
        "Net Income": 0
    },
    "2011-03-31": {
        "Diluted EPS": -0.16,
        "Total Revenue": 15,
        "Gross Profit": 10,
        "Operating Income": -2,
        "EBIT": NaN,
        "Net Income": -2
    },
    "2010-12-31": {
        "Diluted EPS": 0.0,
        "Total Revenue": NaN,
        "Gross Profit": NaN,
        "Operating Income": NaN,
        "EBIT": NaN,
        "Net Income": NaN
    },
    "2010-09-30": {
        "Diluted EPS": 3.46,
        "Total Revenue": 51,
        "Gross Profit": 48,
        "Operating Income": 32,
        "EBIT": NaN,
        "Net Income": 28
    },
    "2009-12-31": {
        "Diluted EPS": 0.0,
        "Total Revenue": NaN,
        "Gross Profit": NaN,
        "Operating Income": NaN,
        "EBIT": NaN,
        "Net Income": NaN
    },
    "2023-09-30": {
        "Tax Effect Of Unusual Items": -872038.4,
        "Tax Rate For Calcs": 0.2129,
        "Total Unusual Items": -4096000.0,
        "Total Unusual Items Excluding Goodwill": -4096000.0,
        "Net Income From Continuing Operation Net Minority Interest": 86756000.0,
        "Reconciled Depreciation": 7657000.0,
        "Net Interest Income": 199773000.0,
        "Interest Expense": 176567000.0,
        "Interest Income": 376340000.0,
        "Normalized Income": 89979961.6,
        "Net Income From Continuing And Discontinued Operation": 86756000.0,
        "Diluted Average Shares": 32175084.0,
        "Basic Average Shares": 31290581.0,
        "Diluted EPS": 2.58,
        "Basic EPS": 2.65,
        "Diluted NI Availto Com Stockholders": 82953000.0,
        "Net Income Common Stockholders": 82953000.0,
        "Preferred Stock Dividends": 3803000.0,
        "Net Income": 86756000.0,
        "Net Income Including Noncontrolling Interests": 86756000.0,
        "Net Income Continuous Operations": 86756000.0,
        "Tax Provision": 23470000.0,
        "Pretax Income": 110226000.0,
        "Special Income Charges": -4096000.0,
        "Other Special Charges": 4096000.0,
        "Gain On Sale Of Security": -429000.0,
        "Depreciation Amortization Depletion Income Statement": 7338000.0,
        "Depreciation And Amortization In Income Statement": 7338000.0,
        "Depreciation Income Statement": 7338000.0,
        "Selling General And Administration": 58713000.0,
        "Selling And Marketing Expense": 650000.0,
        "General And Administrative Expense": 58063000.0,
        "Other Gand A": 15667000.0,
        "Insurance And Claims": 8551000.0,
        "Salaries And Wages": 33845000.0,
        "Total Revenue": 213690000.0,
        "Operating Revenue": 213690000.0,
        "Occupancy And Equipment": 2471000.0,
        "Professional Expense And Contract Services Expense": 8569000.0,
        "Other Non Interest Expense": 4421000.0
    },
    "2023-12-31": {
        "Tax Effect Of Unusual Items": 0.0,
        "Tax Rate For Calcs": 0.259823,
        "Total Unusual Items": 0.0,
        "Total Unusual Items Excluding Goodwill": 0.0,
        "Net Income From Continuing Operation Net Minority Interest": 62092000.0,
        "Reconciled Depreciation": 7587000.0,
        "Net Interest Income": 172506000.0,
        "Interest Expense": 173409000.0,
        "Interest Income": 345915000.0,
        "Normalized Income": 62092000.0,
        "Net Income From Continuing And Discontinued Operation": 62092000.0,
        "Diluted Average Shares": 32521787.0,
        "Basic Average Shares": 31385043.0,
        "Diluted EPS": 1.79,
        "Basic EPS": 1.86,
        "Diluted NI Availto Com Stockholders": 58223000.0,
        "Net Income Common Stockholders": 58223000.0,
        "Preferred Stock Dividends": 3869000.0,
        "Net Income": 62092000.0,
        "Net Income Including Noncontrolling Interests": 62092000.0,
        "Net Income Continuous Operations": 62092000.0,
        "Tax Provision": 21796000.0,
        "Pretax Income": 83888000.0,
        "Special Income Charges": 0.0,
        "Other Special Charges": 0.0,
        "Gain On Sale Of Security": -145000.0,
        "Depreciation Amortization Depletion Income Statement": 7357000.0,
        "Depreciation And Amortization In Income Statement": 7357000.0,
        "Depreciation Income Statement": 7357000.0,
        "Selling General And Administration": 129000.0,
        "Selling And Marketing Expense": 850000.0,
        "General And Administrative Expense": -721000.0,
        "Other Gand A": NaN,
        "Insurance And Claims": 13977000.0,
        "Salaries And Wages": 33965000.0,
        "Total Revenue": 187399000.0,
        "Operating Revenue": 187399000.0,
        "Occupancy And Equipment": 2320000.0,
        "Professional Expense And Contract Services Expense": 9820000.0,
        "Other Non Interest Expense": 70362000.0
    },
    "2024-03-31": {
        "Tax Effect Of Unusual Items": 0.0,
        "Tax Rate For Calcs": 0.2394,
        "Total Unusual Items": NaN,
        "Total Unusual Items Excluding Goodwill": NaN,
        "Net Income From Continuing Operation Net Minority Interest": 49726000.0,
        "Reconciled Depreciation": 8246000.0,
        "Net Interest Income": 160385000.0,
        "Interest Expense": 171392000.0,
        "Interest Income": 331777000.0,
        "Normalized Income": 49726000.0,
        "Net Income From Continuing And Discontinued Operation": 49726000.0,
        "Diluted Average Shares": 32854534.0,
        "Basic Average Shares": 31473424.0,
        "Diluted EPS": 1.4,
        "Basic EPS": 1.46,
        "Diluted NI Availto Com Stockholders": 45926000.0,
        "Net Income Common Stockholders": 45926000.0,
        "Preferred Stock Dividends": 3800000.0,
        "Net Income": 49726000.0,
        "Net Income Including Noncontrolling Interests": 49726000.0,
        "Net Income Continuous Operations": 49726000.0,
        "Tax Provision": 15651000.0,
        "Pretax Income": 65377000.0,
        "Special Income Charges": NaN,
        "Other Special Charges": NaN,
        "Gain On Sale Of Security": -30000.0,
        "Depreciation Amortization Depletion Income Statement": 7970000.0,
        "Depreciation And Amortization In Income Statement": 7970000.0,
        "Depreciation Income Statement": 7970000.0,
        "Selling General And Administration": 50176000.0,
        "Selling And Marketing Expense": 682000.0,
        "General And Administrative Expense": 49494000.0,
        "Other Gand A": NaN,
        "Insurance And Claims": 13469000.0,
        "Salaries And Wages": 36025000.0,
        "Total Revenue": 177585000.0,
        "Operating Revenue": 177585000.0,
        "Occupancy And Equipment": 2347000.0,
        "Professional Expense And Contract Services Expense": 6353000.0,
        "Other Non Interest Expense": 28292000.0
    },
    "2024-06-30": {
        "Tax Effect Of Unusual Items": 0.0,
        "Tax Rate For Calcs": 0.2468,
        "Total Unusual Items": NaN,
        "Total Unusual Items Excluding Goodwill": NaN,
        "Net Income From Continuing Operation Net Minority Interest": 58085000.0,
        "Reconciled Depreciation": 6463000.0,
        "Net Interest Income": 167653000.0,
        "Interest Expense": 166385000.0,
        "Interest Income": 334038000.0,
        "Normalized Income": 58085000.0,
        "Net Income From Continuing And Discontinued Operation": 58085000.0,
        "Diluted Average Shares": 32699149.0,
        "Basic Average Shares": 31649715.0,
        "Diluted EPS": 1.66,
        "Basic EPS": 1.72,
        "Diluted NI Availto Com Stockholders": 54300000.0,
        "Net Income Common Stockholders": 54300000.0,
        "Preferred Stock Dividends": 3785000.0,
        "Net Income": 58085000.0,
        "Net Income Including Noncontrolling Interests": 58085000.0,
        "Net Income Continuous Operations": 58085000.0,
        "Tax Provision": 19032000.0,
        "Pretax Income": 77117000.0,
        "Special Income Charges": NaN,
        "Other Special Charges": NaN,
        "Gain On Sale Of Security": 10322000.0,
        "Depreciation Amortization Depletion Income Statement": 7829000.0,
        "Depreciation And Amortization In Income Statement": 7829000.0,
        "Depreciation Income Statement": 7829000.0,
        "Selling General And Administration": 56437000.0,
        "Selling And Marketing Expense": 1254000.0,
        "General And Administrative Expense": 55183000.0,
        "Other Gand A": NaN,
        "Insurance And Claims": 10236000.0,
        "Salaries And Wages": 44947000.0,
        "Total Revenue": 195174000.0,
        "Operating Revenue": 195174000.0,
        "Occupancy And Equipment": 3120000.0,
        "Professional Expense And Contract Services Expense": 6104000.0,
        "Other Non Interest Expense": 26446000.0
    }
}