{
    "2023-03-31": {
        "Tax Effect Of Unusual Items": 0.0,
        "Tax Rate For Calcs": 0.252,
        "Total Unusual Items": 0.0,
        "Total Unusual Items Excluding Goodwill": 0.0,
        "Net Income From Continuing Operation Net Minority Interest": 1015000.0,
        "Reconciled Depreciation": 116000.0,
        "Net Interest Income": 3875000.0,
        "Interest Expense": 759000.0,
        "Interest Income": 4634000.0,
        "Normalized Income": 1015000.0,
        "Net Income From Continuing And Discontinued Operation": 1015000.0,
        "Diluted Average Shares": 6949820.0,
        "Basic Average Shares": 6899121.0,
        "Diluted EPS": 0.15,
        "Basic EPS": 0.15,
        "Diluted NI Availto Com Stockholders": 1012000.0,
        "Net Income Common Stockholders": 1012000.0,
        "Otherunder Preferred Stock Dividend": 3000.0,
        "Net Income": 1015000.0,
        "Net Income Including Noncontrolling Interests": 1015000.0,
        "Net Income Continuous Operations": 1015000.0,
        "Tax Provision": 342000.0,
        "Pretax Income": 1357000.0,
        "Gain On Sale Of Security": 0.0,
        "Selling General And Administration": 1973000.0,
        "Selling And Marketing Expense": 24000.0,
        "General And Administrative Expense": 1949000.0,
        "Other Gand A": NaN,
        "Insurance And Claims": 26000.0,
        "Salaries And Wages": 1923000.0,
        "Total Revenue": 4265000.0,
        "Operating Revenue": 4265000.0
    },
    "2022-12-31": {
        "Tax Effect Of Unusual Items": -842.89746,
        "Tax Rate For Calcs": 0.120414,
        "Total Unusual Items": -7000.0,
        "Total Unusual Items Excluding Goodwill": -7000.0,
        "Net Income From Continuing Operation Net Minority Interest": 935000.0,
        "Reconciled Depreciation": 34000.0,
        "Net Interest Income": 4015000.0,
        "Interest Expense": 629000.0,
        "Interest Income": 4644000.0,
        "Normalized Income": 941157.10254,
        "Net Income From Continuing And Discontinued Operation": 935000.0,
        "Diluted Average Shares": NaN,
        "Basic Average Shares": NaN,
        "Diluted EPS": NaN,
        "Basic EPS": NaN,
        "Diluted NI Availto Com Stockholders": 931000.0,
        "Net Income Common Stockholders": 931000.0,
        "Otherunder Preferred Stock Dividend": 4000.0,
        "Net Income": 935000.0,
        "Net Income Including Noncontrolling Interests": 935000.0,
        "Net Income Continuous Operations": 935000.0,
        "Tax Provision": 128000.0,
        "Pretax Income": 1063000.0,
        "Gain On Sale Of Security": NaN,
        "Selling General And Administration": 2557000.0,
        "Selling And Marketing Expense": 36000.0,
        "General And Administrative Expense": 2521000.0,
        "Other Gand A": 283000.0,
        "Insurance And Claims": 21000.0,
        "Salaries And Wages": 2217000.0,
        "Total Revenue": 4428000.0,
        "Operating Revenue": 4428000.0
    },
    "2022-09-30": {
        "Tax Effect Of Unusual Items": 0.0,
        "Tax Rate For Calcs": 0.279,
        "Total Unusual Items": 0.0,
        "Total Unusual Items Excluding Goodwill": 0.0,
        "Net Income From Continuing Operation Net Minority Interest": 926000.0,
        "Reconciled Depreciation": 73000.0,
        "Net Interest Income": 3960000.0,
        "Interest Expense": 281000.0,
        "Interest Income": 4241000.0,
        "Normalized Income": 926000.0,
        "Net Income From Continuing And Discontinued Operation": 926000.0,
        "Diluted Average Shares": 7014551.0,
        "Basic Average Shares": 6950185.0,
        "Diluted EPS": 0.13,
        "Basic EPS": 0.13,
        "Diluted NI Availto Com Stockholders": 925000.0,
        "Net Income Common Stockholders": 925000.0,
        "Otherunder Preferred Stock Dividend": 1000.0,
        "Net Income": 926000.0,
        "Net Income Including Noncontrolling Interests": 926000.0,
        "Net Income Continuous Operations": 926000.0,
        "Tax Provision": 358000.0,
        "Pretax Income": 1284000.0,
        "Gain On Sale Of Security": 0.0,
        "Selling General And Administration": 2380000.0,
        "Selling And Marketing Expense": 79000.0,
        "General And Administrative Expense": 2301000.0,
        "Other Gand A": 273000.0,
        "Insurance And Claims": 21000.0,
        "Salaries And Wages": 2007000.0,
        "Total Revenue": 4364000.0,
        "Operating Revenue": 4364000.0
    },
    "2022-06-30": {
        "Tax Effect Of Unusual Items": 8536.0,
        "Tax Rate For Calcs": 0.194,
        "Total Unusual Items": 44000.0,
        "Total Unusual Items Excluding Goodwill": 44000.0,
        "Net Income From Continuing Operation Net Minority Interest": 1312000.0,
        "Reconciled Depreciation": 104000.0,
        "Net Interest Income": 3871000.0,
        "Interest Expense": 216000.0,
        "Interest Income": 4087000.0,
        "Normalized Income": 1276536.0,
        "Net Income From Continuing And Discontinued Operation": 1312000.0,
        "Diluted Average Shares": 6965132.0,
        "Basic Average Shares": 6872003.0,
        "Diluted EPS": 0.19,
        "Basic EPS": 0.19,
        "Diluted NI Availto Com Stockholders": 1302000.0,
        "Net Income Common Stockholders": 1302000.0,
        "Otherunder Preferred Stock Dividend": 10000.0,
        "Net Income": 1312000.0,
        "Net Income Including Noncontrolling Interests": 1312000.0,
        "Net Income Continuous Operations": 1312000.0,
        "Tax Provision": 315000.0,
        "Pretax Income": 1627000.0,
        "Gain On Sale Of Security": 0.0,
        "Selling General And Administration": 2073000.0,
        "Selling And Marketing Expense": 44000.0,
        "General And Administrative Expense": 2029000.0,
        "Other Gand A": 255000.0,
        "Insurance And Claims": 15000.0,
        "Salaries And Wages": 1759000.0,
        "Total Revenue": 4308000.0,
        "Operating Revenue": 4308000.0
    },
    "2022-03-31": {
        "Diluted EPS": 0.14,
        "Total Revenue": 4,
        "Gross Profit": 4,
        "Operating Income": 1,
        "EBIT": NaN,
        "Net Income": 1
    },
    "2021-12-31": {
        "Diluted EPS": 0.08,
        "Total Revenue": 4,
        "Gross Profit": 3,
        "Operating Income": 1,
        "EBIT": NaN,
        "Net Income": 1
    },
    "2021-09-30": {
        "Diluted EPS": -0.06,
        "Total Revenue": 4,
        "Gross Profit": 3,
        "Operating Income": -1,
        "EBIT": NaN,
        "Net Income": 0
    },
    "2021-06-30": {
        "Diluted EPS": 0.12,
        "Total Revenue": 4,
        "Gross Profit": 3,
        "Operating Income": 1,
        "EBIT": NaN,
        "Net Income": 1
    },
    "2021-03-31": {
        "Diluted EPS": 0.11,
        "Total Revenue": 4,
        "Gross Profit": 3,
        "Operating Income": 1,
        "EBIT": NaN,
        "Net Income": 1
    },
    "2020-12-31": {
        "Diluted EPS": 0.0,
        "Total Revenue": NaN,
        "Gross Profit": NaN,
        "Operating Income": NaN,
        "EBIT": NaN,
        "Net Income": NaN
    },
    "2020-09-30": {
        "Diluted EPS": 0.11,
        "Total Revenue": 4,
        "Gross Profit": 3,
        "Operating Income": 1,
        "EBIT": NaN,
        "Net Income": 1
    },
    "2020-06-30": {
        "Diluted EPS": 0.4,
        "Total Revenue": 4,
        "Gross Profit": 3,
        "Operating Income": 1,
        "EBIT": NaN,
        "Net Income": 1
    },
    "2023-06-30": {
        "Tax Effect Of Unusual Items": 0.0,
        "Tax Rate For Calcs": 0.220622,
        "Total Unusual Items": 0.0,
        "Total Unusual Items Excluding Goodwill": 0.0,
        "Net Income From Continuing Operation Net Minority Interest": 1028000.0,
        "Reconciled Depreciation": 116000.0,
        "Net Interest Income": 3711000.0,
        "Interest Expense": 1033000.0,
        "Interest Income": 4744000.0,
        "Normalized Income": 1028000.0,
        "Net Income From Continuing And Discontinued Operation": 1028000.0,
        "Diluted Average Shares": 7026084.0,
        "Basic Average Shares": 6946772.0,
        "Diluted EPS": 0.14,
        "Basic EPS": 0.15,
        "Diluted NI Availto Com Stockholders": 1009000.0,
        "Net Income Common Stockholders": 1009000.0,
        "Otherunder Preferred Stock Dividend": 19000.0,
        "Net Income": 1028000.0,
        "Net Income Including Noncontrolling Interests": 1028000.0,
        "Net Income Continuous Operations": 1028000.0,
        "Tax Provision": 291000.0,
        "Pretax Income": 1319000.0,
        "Gain On Sale Of Security": 0.0,
        "Selling General And Administration": 2129000.0,
        "Selling And Marketing Expense": 25000.0,
        "General And Administrative Expense": 2104000.0,
        "Other Gand A": NaN,
        "Insurance And Claims": 56000.0,
        "Salaries And Wages": 2048000.0,
        "Total Revenue": 4253000.0,
        "Operating Revenue": 4253000.0
    }
}