{
    "2023-04-30": {
        "Tax Effect Of Unusual Items": -14700.0,
        "Tax Rate For Calcs": 0.21,
        "Normalized EBITDA": -3463000.0,
        "Total Unusual Items": -70000.0,
        "Total Unusual Items Excluding Goodwill": -70000.0,
        "Net Income From Continuing Operation Net Minority Interest": -4681000.0,
        "Reconciled Depreciation": 1732000.0,
        "Reconciled Cost Of Revenue": 54538000.0,
        "EBITDA": -3533000.0,
        "EBIT": -5265000.0,
        "Net Interest Income": 239000.0,
        "Interest Income": 239000.0,
        "Normalized Income": -4625700.0,
        "Net Income From Continuing And Discontinued Operation": -4681000.0,
        "Total Expenses": 65383000.0,
        "Total Operating Income As Reported": -4027000.0,
        "Diluted Average Shares": 12316000.0,
        "Basic Average Shares": 12316000.0,
        "Diluted EPS": -0.38,
        "Basic EPS": -0.38,
        "Diluted NI Availto Com Stockholders": -4681000.0,
        "Net Income Common Stockholders": -4681000.0,
        "Net Income": -4681000.0,
        "Net Income Including Noncontrolling Interests": -4681000.0,
        "Net Income Continuous Operations": -4681000.0,
        "Tax Provision": 798000.0,
        "Pretax Income": -3883000.0,
        "Other Income Expense": -165000.0,
        "Other Non Operating Income Expenses": -95000.0,
        "Special Income Charges": -70000.0,
        "Restructuring And Mergern Acquisition": 70000.0,
        "Net Non Operating Interest Income Expense": 239000.0,
        "Interest Income Non Operating": 239000.0,
        "Operating Income": -3957000.0,
        "Operating Expense": 10845000.0,
        "Selling General And Administration": 10845000.0,
        "Gross Profit": 6888000.0,
        "Cost Of Revenue": 54538000.0,
        "Total Revenue": 61426000.0,
        "Operating Revenue": 61426000.0
    },
    "2023-01-31": {
        "Tax Effect Of Unusual Items": -149310.0,
        "Tax Rate For Calcs": 0.21,
        "Normalized EBITDA": -4513000.0,
        "Total Unusual Items": -711000.0,
        "Total Unusual Items Excluding Goodwill": -711000.0,
        "Net Income From Continuing Operation Net Minority Interest": -8968000.0,
        "Reconciled Depreciation": 1848000.0,
        "Reconciled Cost Of Revenue": 50430000.0,
        "EBITDA": -5224000.0,
        "EBIT": -7072000.0,
        "Net Interest Income": 196000.0,
        "Interest Income": 196000.0,
        "Normalized Income": -8406310.0,
        "Net Income From Continuing And Discontinued Operation": -8968000.0,
        "Total Expenses": 59595000.0,
        "Total Operating Income As Reported": -7783000.0,
        "Diluted Average Shares": 12299000.0,
        "Basic Average Shares": 12299000.0,
        "Diluted EPS": -0.73,
        "Basic EPS": -0.73,
        "Diluted NI Availto Com Stockholders": -8968000.0,
        "Net Income Common Stockholders": -8968000.0,
        "Net Income": -8968000.0,
        "Net Income Including Noncontrolling Interests": -8968000.0,
        "Net Income Continuous Operations": -8968000.0,
        "Tax Provision": 286000.0,
        "Pretax Income": -8682000.0,
        "Other Income Expense": -1806000.0,
        "Other Non Operating Income Expenses": -1095000.0,
        "Special Income Charges": -711000.0,
        "Restructuring And Mergern Acquisition": 711000.0,
        "Net Non Operating Interest Income Expense": 196000.0,
        "Interest Income Non Operating": 196000.0,
        "Operating Income": -7072000.0,
        "Operating Expense": 9165000.0,
        "Selling General And Administration": 9165000.0,
        "Gross Profit": 2093000.0,
        "Cost Of Revenue": 50430000.0,
        "Total Revenue": 52523000.0,
        "Operating Revenue": 52523000.0
    },
    "2022-10-31": {
        "Tax Effect Of Unusual Items": -129150.0,
        "Tax Rate For Calcs": 0.21,
        "Normalized EBITDA": -8873000.0,
        "Total Unusual Items": -615000.0,
        "Total Unusual Items Excluding Goodwill": -615000.0,
        "Net Income From Continuing Operation Net Minority Interest": -12173000.0,
        "Reconciled Depreciation": 1828000.0,
        "Reconciled Cost Of Revenue": 60594000.0,
        "EBITDA": -9488000.0,
        "EBIT": -11316000.0,
        "Net Interest Income": 79000.0,
        "Interest Income": 79000.0,
        "Normalized Income": -11687150.0,
        "Net Income From Continuing And Discontinued Operation": -12173000.0,
        "Total Expenses": 69697000.0,
        "Total Operating Income As Reported": -11931000.0,
        "Diluted Average Shares": 12280000.0,
        "Basic Average Shares": 12280000.0,
        "Diluted EPS": -0.99,
        "Basic EPS": -0.99,
        "Diluted NI Availto Com Stockholders": -12173000.0,
        "Net Income Common Stockholders": -12173000.0,
        "Net Income": -12173000.0,
        "Net Income Including Noncontrolling Interests": -12173000.0,
        "Net Income Continuous Operations": -12173000.0,
        "Tax Provision": 1150000.0,
        "Pretax Income": -11023000.0,
        "Other Income Expense": 214000.0,
        "Other Non Operating Income Expenses": 829000.0,
        "Special Income Charges": -615000.0,
        "Restructuring And Mergern Acquisition": 615000.0,
        "Net Non Operating Interest Income Expense": 79000.0,
        "Interest Income Non Operating": 79000.0,
        "Operating Income": -11316000.0,
        "Operating Expense": 9103000.0,
        "Selling General And Administration": 9103000.0,
        "Gross Profit": -2213000.0,
        "Cost Of Revenue": 60594000.0,
        "Total Revenue": 58381000.0,
        "Operating Revenue": 58381000.0
    },
    "2022-07-31": {
        "Tax Effect Of Unusual Items": 0.0,
        "Tax Rate For Calcs": 0.4,
        "Normalized EBITDA": -2863000.0,
        "Total Unusual Items": NaN,
        "Total Unusual Items Excluding Goodwill": NaN,
        "Net Income From Continuing Operation Net Minority Interest": -5699000.0,
        "Reconciled Depreciation": 1875000.0,
        "Reconciled Cost Of Revenue": 58476000.0,
        "EBITDA": -2863000.0,
        "EBIT": -4738000.0,
        "Net Interest Income": 17000.0,
        "Interest Expense": NaN,
        "Interest Income": 17000.0,
        "Normalized Income": -5699000.0,
        "Net Income From Continuing And Discontinued Operation": -5699000.0,
        "Total Expenses": 67342000.0,
        "Total Operating Income As Reported": -4738000.0,
        "Diluted Average Shares": 12238000.0,
        "Basic Average Shares": 12238000.0,
        "Diluted EPS": -0.47,
        "Basic EPS": -0.47,
        "Diluted NI Availto Com Stockholders": -5699000.0,
        "Net Income Common Stockholders": -5699000.0,
        "Net Income": -5699000.0,
        "Net Income Including Noncontrolling Interests": -5699000.0,
        "Net Income Continuous Operations": -5699000.0,
        "Tax Provision": 896000.0,
        "Pretax Income": -4803000.0,
        "Other Income Expense": -82000.0,
        "Other Non Operating Income Expenses": -82000.0,
        "Special Income Charges": NaN,
        "Restructuring And Mergern Acquisition": NaN,
        "Net Non Operating Interest Income Expense": 17000.0,
        "Interest Expense Non Operating": NaN,
        "Interest Income Non Operating": 17000.0,
        "Operating Income": -4738000.0,
        "Operating Expense": 8866000.0,
        "Selling General And Administration": 8866000.0,
        "Gross Profit": 4128000.0,
        "Cost Of Revenue": 58476000.0,
        "Total Revenue": 62604000.0,
        "Operating Revenue": 62604000.0
    },
    "2022-04-30": {
        "Diluted EPS": -0.49,
        "Total Revenue": 57,
        "Gross Profit": 4,
        "Operating Income": -5,
        "EBIT": -3,
        "Net Income": -6
    },
    "2022-01-31": {
        "Diluted EPS": -0.02,
        "Total Revenue": 80,
        "Gross Profit": 9,
        "Operating Income": 1,
        "EBIT": 3,
        "Net Income": 0
    },
    "2021-10-31": {
        "Diluted EPS": 0.07,
        "Total Revenue": 75,
        "Gross Profit": 11,
        "Operating Income": 2,
        "EBIT": 4,
        "Net Income": 1
    },
    "2021-07-31": {
        "Diluted EPS": 0.18,
        "Total Revenue": 83,
        "Gross Profit": 12,
        "Operating Income": 3,
        "EBIT": 5,
        "Net Income": 2
    },
    "2021-04-30": {
        "Diluted EPS": 0.12,
        "Total Revenue": 79,
        "Gross Profit": 12,
        "Operating Income": 2,
        "EBIT": 3,
        "Net Income": 1
    },
    "2021-01-31": {
        "Diluted EPS": 0.17,
        "Total Revenue": 79,
        "Gross Profit": 14,
        "Operating Income": 4,
        "EBIT": 6,
        "Net Income": 2
    },
    "2020-10-31": {
        "Diluted EPS": 0.19,
        "Total Revenue": 77,
        "Gross Profit": 14,
        "Operating Income": 5,
        "EBIT": 6,
        "Net Income": 2
    },
    "2020-07-31": {
        "Diluted EPS": -0.22,
        "Total Revenue": 64,
        "Gross Profit": 10,
        "Operating Income": 2,
        "EBIT": 4,
        "Net Income": -3
    },
    "2020-04-30": {
        "Diluted EPS": -2.25,
        "Total Revenue": 47,
        "Gross Profit": 3,
        "Operating Income": -18,
        "EBIT": -16,
        "Net Income": -28
    },
    "2020-01-31": {
        "Diluted EPS": -0.34,
        "Total Revenue": 69,
        "Gross Profit": 12,
        "Operating Income": 3,
        "EBIT": 5,
        "Net Income": -4
    },
    "2019-10-31": {
        "Diluted EPS": 0.18,
        "Total Revenue": 70,
        "Gross Profit": 14,
        "Operating Income": 4,
        "EBIT": 7,
        "Net Income": 2
    },
    "2019-07-31": {
        "Diluted EPS": 0.09,
        "Total Revenue": 71,
        "Gross Profit": 12,
        "Operating Income": 3,
        "EBIT": 5,
        "Net Income": 1
    },
    "2019-04-30": {
        "Diluted EPS": -0.13,
        "Total Revenue": 56,
        "Gross Profit": 8,
        "Operating Income": 3,
        "EBIT": 5,
        "Net Income": -2
    },
    "2019-01-31": {
        "Diluted EPS": 0.25,
        "Total Revenue": 77,
        "Gross Profit": 14,
        "Operating Income": 4,
        "EBIT": 7,
        "Net Income": 3
    },
    "2018-10-31": {
        "Diluted EPS": 0.23,
        "Total Revenue": 77,
        "Gross Profit": 13,
        "Operating Income": 4,
        "EBIT": 7,
        "Net Income": 3
    },
    "2018-07-31": {
        "Diluted EPS": 0.08,
        "Total Revenue": 71,
        "Gross Profit": 11,
        "Operating Income": 2,
        "EBIT": 4,
        "Net Income": 1
    },
    "2018-04-30": {
        "Diluted EPS": 0.99,
        "Total Revenue": 78,
        "Gross Profit": 15,
        "Operating Income": 6,
        "EBIT": 9,
        "Net Income": 13
    },
    "2018-01-31": {
        "Diluted EPS": -0.06,
        "Total Revenue": 85,
        "Gross Profit": 18,
        "Operating Income": 8,
        "EBIT": 10,
        "Net Income": -1
    },
    "2017-10-31": {
        "Diluted EPS": 0.32,
        "Total Revenue": 81,
        "Gross Profit": 16,
        "Operating Income": 6,
        "EBIT": 8,
        "Net Income": 4
    },
    "2017-07-31": {
        "Diluted EPS": 0.4,
        "Total Revenue": 80,
        "Gross Profit": 16,
        "Operating Income": 7,
        "EBIT": 9,
        "Net Income": 5
    },
    "2017-04-30": {
        "Diluted EPS": 0.48,
        "Total Revenue": 77,
        "Gross Profit": 17,
        "Operating Income": 7,
        "EBIT": 9,
        "Net Income": 6
    },
    "2017-01-31": {
        "Diluted EPS": 0.51,
        "Total Revenue": 76,
        "Gross Profit": 17,
        "Operating Income": 7,
        "EBIT": 9,
        "Net Income": 6
    },
    "2016-10-31": {
        "Diluted EPS": 0.36,
        "Total Revenue": 75,
        "Gross Profit": 17,
        "Operating Income": 7,
        "EBIT": 9,
        "Net Income": 4
    },
    "2016-07-31": {
        "Diluted EPS": 0.43,
        "Total Revenue": 81,
        "Gross Profit": 18,
        "Operating Income": 9,
        "EBIT": 10,
        "Net Income": 5
    },
    "2016-04-30": {
        "Diluted EPS": 0.29,
        "Total Revenue": 77,
        "Gross Profit": 17,
        "Operating Income": 7,
        "EBIT": 9,
        "Net Income": 4
    },
    "2016-01-31": {
        "Diluted EPS": 0.39,
        "Total Revenue": 78,
        "Gross Profit": 17,
        "Operating Income": 7,
        "EBIT": 9,
        "Net Income": 5
    },
    "2015-10-31": {
        "Diluted EPS": 0.3,
        "Total Revenue": 77,
        "Gross Profit": 16,
        "Operating Income": 6,
        "EBIT": 8,
        "Net Income": 4
    },
    "2015-07-31": {
        "Diluted EPS": 0.38,
        "Total Revenue": 80,
        "Gross Profit": 16,
        "Operating Income": 7,
        "EBIT": 9,
        "Net Income": 5
    },
    "2015-04-30": {
        "Diluted EPS": 0.39,
        "Total Revenue": 79,
        "Gross Profit": 16,
        "Operating Income": 7,
        "EBIT": 8,
        "Net Income": 5
    },
    "2015-01-31": {
        "Diluted EPS": 0.31,
        "Total Revenue": 81,
        "Gross Profit": 14,
        "Operating Income": 6,
        "EBIT": 8,
        "Net Income": 4
    },
    "2014-10-31": {
        "Diluted EPS": 0.24,
        "Total Revenue": 74,
        "Gross Profit": 12,
        "Operating Income": 5,
        "EBIT": 6,
        "Net Income": 3
    },
    "2014-07-31": {
        "Diluted EPS": 0.27,
        "Total Revenue": 76,
        "Gross Profit": 13,
        "Operating Income": 5,
        "EBIT": 7,
        "Net Income": 3
    },
    "2014-04-30": {
        "Diluted EPS": 0.22,
        "Total Revenue": 74,
        "Gross Profit": 12,
        "Operating Income": 4,
        "EBIT": 6,
        "Net Income": 3
    },
    "2014-01-31": {
        "Diluted EPS": 0.68,
        "Total Revenue": 72,
        "Gross Profit": 12,
        "Operating Income": 5,
        "EBIT": 6,
        "Net Income": 8
    },
    "2013-10-31": {
        "Diluted EPS": 0.25,
        "Total Revenue": 71,
        "Gross Profit": 12,
        "Operating Income": 5,
        "EBIT": 6,
        "Net Income": 3
    },
    "2013-07-31": {
        "Diluted EPS": 0.26,
        "Total Revenue": 70,
        "Gross Profit": 13,
        "Operating Income": 6,
        "EBIT": 7,
        "Net Income": 3
    },
    "2013-04-30": {
        "Diluted EPS": 0.29,
        "Total Revenue": 70,
        "Gross Profit": 13,
        "Operating Income": 6,
        "EBIT": 7,
        "Net Income": 4
    },
    "2013-01-31": {
        "Diluted EPS": 0.23,
        "Total Revenue": 64,
        "Gross Profit": 12,
        "Operating Income": 5,
        "EBIT": 6,
        "Net Income": 3
    },
    "2012-10-31": {
        "Diluted EPS": 0.67,
        "Total Revenue": 66,
        "Gross Profit": 12,
        "Operating Income": 5,
        "EBIT": 6,
        "Net Income": 8
    },
    "2012-07-31": {
        "Diluted EPS": 0.28,
        "Total Revenue": 69,
        "Gross Profit": 13,
        "Operating Income": 5,
        "EBIT": 7,
        "Net Income": 4
    },
    "2012-04-30": {
        "Diluted EPS": 0.26,
        "Total Revenue": 76,
        "Gross Profit": 14,
        "Operating Income": 6,
        "EBIT": 7,
        "Net Income": 3
    },
    "2012-01-31": {
        "Diluted EPS": 0.14,
        "Total Revenue": 60,
        "Gross Profit": 9,
        "Operating Income": 3,
        "EBIT": 4,
        "Net Income": 2
    },
    "2011-10-31": {
        "Diluted EPS": 0.49,
        "Total Revenue": 58,
        "Gross Profit": 9,
        "Operating Income": 3,
        "EBIT": 4,
        "Net Income": 6
    },
    "2011-07-31": {
        "Diluted EPS": 0.14,
        "Total Revenue": 60,
        "Gross Profit": 9,
        "Operating Income": 3,
        "EBIT": 4,
        "Net Income": 2
    },
    "2011-04-30": {
        "Diluted EPS": 0.46,
        "Total Revenue": 60,
        "Gross Profit": 11,
        "Operating Income": 5,
        "EBIT": 6,
        "Net Income": 6
    },
    "2011-01-31": {
        "Diluted EPS": 0.18,
        "Total Revenue": 52,
        "Gross Profit": 8,
        "Operating Income": 3,
        "EBIT": 4,
        "Net Income": 2
    },
    "2010-10-31": {
        "Diluted EPS": 0.3,
        "Total Revenue": 49,
        "Gross Profit": 8,
        "Operating Income": 3,
        "EBIT": 5,
        "Net Income": 4
    },
    "2010-07-31": {
        "Diluted EPS": 0.28,
        "Total Revenue": 56,
        "Gross Profit": 10,
        "Operating Income": 4,
        "EBIT": 6,
        "Net Income": 4
    },
    "2010-04-30": {
        "Diluted EPS": 0.41,
        "Total Revenue": 57,
        "Gross Profit": 11,
        "Operating Income": 5,
        "EBIT": 6,
        "Net Income": 5
    },
    "2010-01-31": {
        "Diluted EPS": 0.23,
        "Total Revenue": 54,
        "Gross Profit": 11,
        "Operating Income": 4,
        "EBIT": 5,
        "Net Income": 3
    },
    "2009-10-31": {
        "Diluted EPS": 0.22,
        "Total Revenue": 50,
        "Gross Profit": 9,
        "Operating Income": 4,
        "EBIT": 5,
        "Net Income": 3
    },
    "2009-07-31": {
        "Diluted EPS": 0.15,
        "Total Revenue": 45,
        "Gross Profit": 8,
        "Operating Income": 3,
        "EBIT": 4,
        "Net Income": 2
    },
    "2009-04-30": {
        "Diluted EPS": 0.14,
        "Total Revenue": 48,
        "Gross Profit": 8,
        "Operating Income": 3,
        "EBIT": 4,
        "Net Income": 2
    },
    "2009-01-31": {
        "Diluted EPS": -0.04,
        "Total Revenue": 45,
        "Gross Profit": 6,
        "Operating Income": 1,
        "EBIT": 2,
        "Net Income": 0
    },
    "2023-07-31": {
        "Tax Effect Of Unusual Items": -70980.0,
        "Tax Rate For Calcs": 0.21,
        "Normalized EBITDA": -675000.0,
        "Total Unusual Items": -338000.0,
        "Total Unusual Items Excluding Goodwill": -338000.0,
        "Net Income From Continuing Operation Net Minority Interest": -3342000.0,
        "Reconciled Depreciation": 1731000.0,
        "Reconciled Cost Of Revenue": 49577000.0,
        "EBITDA": -1013000.0,
        "EBIT": -2744000.0,
        "Net Interest Income": 345000.0,
        "Interest Income": 345000.0,
        "Normalized Income": -3074980.0,
        "Net Income From Continuing And Discontinued Operation": -3342000.0,
        "Total Expenses": 59406000.0,
        "Total Operating Income As Reported": -3082000.0,
        "Diluted Average Shares": 12332000.0,
        "Basic Average Shares": 12332000.0,
        "Diluted EPS": -0.27,
        "Basic EPS": -0.27,
        "Diluted NI Availto Com Stockholders": -3342000.0,
        "Net Income Common Stockholders": -3342000.0,
        "Net Income": -3342000.0,
        "Net Income Including Noncontrolling Interests": -3342000.0,
        "Net Income Continuous Operations": -3342000.0,
        "Tax Provision": 701000.0,
        "Pretax Income": -2641000.0,
        "Other Income Expense": -242000.0,
        "Other Non Operating Income Expenses": 96000.0,
        "Special Income Charges": -338000.0,
        "Restructuring And Mergern Acquisition": 338000.0,
        "Net Non Operating Interest Income Expense": 345000.0,
        "Interest Income Non Operating": 345000.0,
        "Operating Income": -2744000.0,
        "Operating Expense": 9829000.0,
        "Selling General And Administration": 9829000.0,
        "Gross Profit": 7085000.0,
        "Cost Of Revenue": 49577000.0,
        "Total Revenue": 56662000.0,
        "Operating Revenue": 56662000.0
    },
    "2023-10-31": {
        "Tax Effect Of Unusual Items": -30240.0,
        "Tax Rate For Calcs": 0.21,
        "Normalized EBITDA": -238000.0,
        "Total Unusual Items": -144000.0,
        "Total Unusual Items Excluding Goodwill": -144000.0,
        "Net Income From Continuing Operation Net Minority Interest": -2424000.0,
        "Reconciled Depreciation": 1713000.0,
        "Reconciled Cost Of Revenue": 50775000.0,
        "EBITDA": -382000.0,
        "EBIT": -2095000.0,
        "Net Interest Income": 282000.0,
        "Interest Income": 282000.0,
        "Normalized Income": -2310240.0,
        "Net Income From Continuing And Discontinued Operation": -2424000.0,
        "Total Expenses": 60820000.0,
        "Total Operating Income As Reported": -2239000.0,
        "Diluted Average Shares": 12456000.0,
        "Basic Average Shares": 12456000.0,
        "Diluted EPS": -0.19,
        "Basic EPS": -0.19,
        "Diluted NI Availto Com Stockholders": -2424000.0,
        "Net Income Common Stockholders": -2424000.0,
        "Net Income": -2424000.0,
        "Net Income Including Noncontrolling Interests": -2424000.0,
        "Net Income Continuous Operations": -2424000.0,
        "Tax Provision": 516000.0,
        "Pretax Income": -1908000.0,
        "Other Income Expense": -95000.0,
        "Other Non Operating Income Expenses": 49000.0,
        "Special Income Charges": -144000.0,
        "Restructuring And Mergern Acquisition": 144000.0,
        "Net Non Operating Interest Income Expense": 282000.0,
        "Interest Income Non Operating": 282000.0,
        "Operating Income": -2095000.0,
        "Operating Expense": 10045000.0,
        "Selling General And Administration": 10045000.0,
        "Gross Profit": 7950000.0,
        "Cost Of Revenue": 50775000.0,
        "Total Revenue": 58725000.0,
        "Operating Revenue": 58725000.0
    }
}