{
    "2023-03-31": {
        "Tax Effect Of Unusual Items": NaN,
        "Tax Rate For Calcs": NaN,
        "Normalized EBITDA": NaN,
        "Total Unusual Items": -74000.0,
        "Total Unusual Items Excluding Goodwill": -74000.0,
        "Net Income From Continuing Operation Net Minority Interest": NaN,
        "Reconciled Depreciation": NaN,
        "Reconciled Cost Of Revenue": NaN,
        "EBITDA": NaN,
        "EBIT": NaN,
        "Net Interest Income": NaN,
        "Normalized Income": NaN,
        "Net Income From Continuing And Discontinued Operation": NaN,
        "Total Expenses": NaN,
        "Total Operating Income As Reported": NaN,
        "Diluted Average Shares": NaN,
        "Basic Average Shares": NaN,
        "Diluted EPS": NaN,
        "Basic EPS": NaN,
        "Diluted NI Availto Com Stockholders": NaN,
        "Net Income Common Stockholders": NaN,
        "Net Income": NaN,
        "Net Income Including Noncontrolling Interests": NaN,
        "Net Income Continuous Operations": NaN,
        "Tax Provision": NaN,
        "Pretax Income": NaN,
        "Other Income Expense": NaN,
        "Special Income Charges": NaN,
        "Impairment Of Capital Assets": NaN,
        "Earnings From Equity Interest": NaN,
        "Gain On Sale Of Security": -74000.0,
        "Net Non Operating Interest Income Expense": NaN,
        "Total Other Finance Cost": -388000.0,
        "Operating Income": NaN,
        "Operating Expense": NaN,
        "Selling General And Administration": NaN,
        "Selling And Marketing Expense": NaN,
        "General And Administrative Expense": NaN,
        "Other Gand A": NaN,
        "Salaries And Wages": NaN,
        "Gross Profit": NaN,
        "Cost Of Revenue": NaN,
        "Total Revenue": NaN,
        "Operating Revenue": NaN
    },
    "2022-12-31": {
        "Tax Effect Of Unusual Items": NaN,
        "Tax Rate For Calcs": NaN,
        "Normalized EBITDA": NaN,
        "Total Unusual Items": NaN,
        "Total Unusual Items Excluding Goodwill": NaN,
        "Net Income From Continuing Operation Net Minority Interest": NaN,
        "Reconciled Depreciation": NaN,
        "Reconciled Cost Of Revenue": NaN,
        "EBITDA": NaN,
        "EBIT": NaN,
        "Net Interest Income": NaN,
        "Normalized Income": NaN,
        "Net Income From Continuing And Discontinued Operation": NaN,
        "Total Expenses": NaN,
        "Total Operating Income As Reported": NaN,
        "Diluted Average Shares": NaN,
        "Basic Average Shares": NaN,
        "Diluted EPS": NaN,
        "Basic EPS": NaN,
        "Diluted NI Availto Com Stockholders": NaN,
        "Average Dilution Earnings": 0.0,
        "Net Income Common Stockholders": NaN,
        "Net Income": NaN,
        "Net Income Including Noncontrolling Interests": NaN,
        "Net Income Continuous Operations": NaN,
        "Tax Provision": NaN,
        "Pretax Income": NaN,
        "Other Income Expense": NaN,
        "Special Income Charges": 0.0,
        "Impairment Of Capital Assets": 0.0,
        "Earnings From Equity Interest": NaN,
        "Gain On Sale Of Security": NaN,
        "Net Non Operating Interest Income Expense": NaN,
        "Total Other Finance Cost": NaN,
        "Operating Income": NaN,
        "Operating Expense": NaN,
        "Selling General And Administration": NaN,
        "Selling And Marketing Expense": NaN,
        "General And Administrative Expense": NaN,
        "Other Gand A": NaN,
        "Salaries And Wages": NaN,
        "Gross Profit": NaN,
        "Cost Of Revenue": NaN,
        "Total Revenue": NaN,
        "Operating Revenue": NaN
    },
    "2022-09-30": {
        "Tax Effect Of Unusual Items": NaN,
        "Tax Rate For Calcs": NaN,
        "Normalized EBITDA": NaN,
        "Total Unusual Items": NaN,
        "Total Unusual Items Excluding Goodwill": NaN,
        "Net Income From Continuing Operation Net Minority Interest": NaN,
        "Reconciled Depreciation": NaN,
        "Reconciled Cost Of Revenue": NaN,
        "EBITDA": NaN,
        "EBIT": NaN,
        "Net Interest Income": NaN,
        "Normalized Income": NaN,
        "Net Income From Continuing And Discontinued Operation": NaN,
        "Total Expenses": NaN,
        "Total Operating Income As Reported": NaN,
        "Diluted Average Shares": NaN,
        "Basic Average Shares": NaN,
        "Diluted EPS": NaN,
        "Basic EPS": NaN,
        "Diluted NI Availto Com Stockholders": NaN,
        "Average Dilution Earnings": 0.0,
        "Net Income Common Stockholders": NaN,
        "Net Income": NaN,
        "Net Income Including Noncontrolling Interests": NaN,
        "Net Income Continuous Operations": NaN,
        "Tax Provision": NaN,
        "Pretax Income": NaN,
        "Other Income Expense": NaN,
        "Special Income Charges": 0.0,
        "Impairment Of Capital Assets": 0.0,
        "Earnings From Equity Interest": NaN,
        "Gain On Sale Of Security": NaN,
        "Net Non Operating Interest Income Expense": NaN,
        "Total Other Finance Cost": 478000.0,
        "Operating Income": NaN,
        "Operating Expense": NaN,
        "Selling General And Administration": NaN,
        "Selling And Marketing Expense": NaN,
        "General And Administrative Expense": NaN,
        "Other Gand A": NaN,
        "Gross Profit": NaN,
        "Cost Of Revenue": NaN,
        "Total Revenue": NaN,
        "Operating Revenue": NaN
    },
    "2022-06-30": {
        "Tax Effect Of Unusual Items": -1250000.0,
        "Tax Rate For Calcs": 0.4,
        "Normalized EBITDA": 998000.0,
        "Total Unusual Items": -3125000.0,
        "Total Unusual Items Excluding Goodwill": -3125000.0,
        "Net Income From Continuing Operation Net Minority Interest": -15977000.0,
        "Reconciled Depreciation": 10324000.0,
        "Reconciled Cost Of Revenue": 12988000.0,
        "EBITDA": -2127000.0,
        "EBIT": -12451000.0,
        "Net Interest Income": -29000.0,
        "Normalized Income": -14102000.0,
        "Net Income From Continuing And Discontinued Operation": -15977000.0,
        "Total Expenses": 34799000.0,
        "Total Operating Income As Reported": -16054000.0,
        "Diluted Average Shares": 52775000.0,
        "Basic Average Shares": 52775000.0,
        "Diluted EPS": -0.3,
        "Basic EPS": -0.3,
        "Diluted NI Availto Com Stockholders": -15977000.0,
        "Average Dilution Earnings": 0.0,
        "Net Income Common Stockholders": -15977000.0,
        "Net Income": -15977000.0,
        "Net Income Including Noncontrolling Interests": -15977000.0,
        "Net Income Continuous Operations": -15977000.0,
        "Tax Provision": 56000.0,
        "Pretax Income": -15921000.0,
        "Other Income Expense": -3441000.0,
        "Special Income Charges": -3603000.0,
        "Impairment Of Capital Assets": 3603000.0,
        "Earnings From Equity Interest": -316000.0,
        "Gain On Sale Of Security": 478000.0,
        "Net Non Operating Interest Income Expense": -29000.0,
        "Total Other Finance Cost": 29000.0,
        "Operating Income": -12451000.0,
        "Operating Expense": 21811000.0,
        "Selling General And Administration": 21811000.0,
        "Selling And Marketing Expense": 11208000.0,
        "General And Administrative Expense": 10603000.0,
        "Other Gand A": 10603000.0,
        "Gross Profit": 9360000.0,
        "Cost Of Revenue": 12988000.0,
        "Total Revenue": 22348000.0,
        "Operating Revenue": 22348000.0
    },
    "2022-03-31": {
        "Diluted EPS": -0.3,
        "Total Revenue": 18,
        "Gross Profit": 6,
        "Operating Income": -19,
        "EBIT": -10,
        "Net Income": -16
    },
    "2021-12-31": {
        "Diluted EPS": -0.3,
        "Total Revenue": 27,
        "Gross Profit": 10,
        "Operating Income": -18,
        "EBIT": -2,
        "Net Income": -11
    },
    "2021-09-30": {
        "Diluted EPS": -0.14,
        "Total Revenue": 19,
        "Gross Profit": 9,
        "Operating Income": -8,
        "EBIT": -1,
        "Net Income": 1
    },
    "2021-06-30": {
        "Diluted EPS": -0.19,
        "Total Revenue": 15,
        "Gross Profit": 10,
        "Operating Income": -11,
        "EBIT": -7,
        "Net Income": -8
    },
    "2021-03-31": {
        "Diluted EPS": -0.39,
        "Total Revenue": 10,
        "Gross Profit": 6,
        "Operating Income": -15,
        "EBIT": -12,
        "Net Income": -19
    },
    "2020-12-31": {
        "Diluted EPS": -0.57,
        "Total Revenue": 11,
        "Gross Profit": 7,
        "Operating Income": -16,
        "EBIT": -13,
        "Net Income": -26
    },
    "2020-09-30": {
        "Diluted EPS": -0.85,
        "Total Revenue": 9,
        "Gross Profit": 5,
        "Operating Income": -7,
        "EBIT": -5,
        "Net Income": -11
    },
    "2020-06-30": {
        "Diluted EPS": -0.66,
        "Total Revenue": 12,
        "Gross Profit": 7,
        "Operating Income": -4,
        "EBIT": -1,
        "Net Income": -9
    },
    "2020-03-31": {
        "Diluted EPS": -1.22,
        "Total Revenue": 7,
        "Gross Profit": 5,
        "Operating Income": -12,
        "EBIT": -10,
        "Net Income": -16
    },
    "2019-12-31": {
        "Diluted EPS": 0.0,
        "Total Revenue": NaN,
        "Gross Profit": NaN,
        "Operating Income": NaN,
        "EBIT": NaN,
        "Net Income": NaN
    },
    "2019-09-30": {
        "Diluted EPS": 0.0,
        "Total Revenue": NaN,
        "Gross Profit": NaN,
        "Operating Income": 0,
        "EBIT": 0,
        "Net Income": 0
    },
    "2023-06-30": {
        "Tax Effect Of Unusual Items": NaN,
        "Tax Rate For Calcs": NaN,
        "Normalized EBITDA": NaN,
        "Total Unusual Items": 184000.0,
        "Total Unusual Items Excluding Goodwill": 184000.0,
        "Net Income From Continuing Operation Net Minority Interest": NaN,
        "Reconciled Depreciation": NaN,
        "Reconciled Cost Of Revenue": NaN,
        "EBITDA": NaN,
        "EBIT": NaN,
        "Net Interest Income": NaN,
        "Normalized Income": NaN,
        "Net Income From Continuing And Discontinued Operation": NaN,
        "Total Expenses": NaN,
        "Total Operating Income As Reported": NaN,
        "Diluted Average Shares": NaN,
        "Basic Average Shares": NaN,
        "Diluted EPS": NaN,
        "Basic EPS": NaN,
        "Diluted NI Availto Com Stockholders": NaN,
        "Net Income Common Stockholders": NaN,
        "Net Income": NaN,
        "Net Income Including Noncontrolling Interests": NaN,
        "Net Income Continuous Operations": NaN,
        "Tax Provision": NaN,
        "Pretax Income": NaN,
        "Other Income Expense": NaN,
        "Special Income Charges": 0.0,
        "Impairment Of Capital Assets": 0.0,
        "Earnings From Equity Interest": NaN,
        "Gain On Sale Of Security": 184000.0,
        "Net Non Operating Interest Income Expense": NaN,
        "Total Other Finance Cost": -437000.0,
        "Operating Income": NaN,
        "Operating Expense": NaN,
        "Selling General And Administration": NaN,
        "Selling And Marketing Expense": NaN,
        "General And Administrative Expense": NaN,
        "Other Gand A": NaN,
        "Salaries And Wages": 5021000.0,
        "Gross Profit": NaN,
        "Cost Of Revenue": NaN,
        "Total Revenue": NaN,
        "Operating Revenue": NaN
    },
    "2023-09-30": {
        "Tax Effect Of Unusual Items": -3968160.0,
        "Tax Rate For Calcs": 0.21,
        "Normalized EBITDA": 19478000.0,
        "Total Unusual Items": -18896000.0,
        "Total Unusual Items Excluding Goodwill": -18896000.0,
        "Net Income From Continuing Operation Net Minority Interest": -26565000.0,
        "Reconciled Depreciation": 5511000.0,
        "Reconciled Cost Of Revenue": 8494000.0,
        "EBITDA": 582000.0,
        "EBIT": -4929000.0,
        "Net Interest Income": 31000.0,
        "Normalized Income": -11637160.0,
        "Net Income From Continuing And Discontinued Operation": -26565000.0,
        "Total Expenses": 20559000.0,
        "Total Operating Income As Reported": -23899000.0,
        "Diluted Average Shares": 53040000.0,
        "Basic Average Shares": 53040000.0,
        "Diluted EPS": -0.5,
        "Basic EPS": -0.5,
        "Diluted NI Availto Com Stockholders": -26565000.0,
        "Net Income Common Stockholders": -26565000.0,
        "Net Income": -26565000.0,
        "Net Income Including Noncontrolling Interests": -26565000.0,
        "Net Income Continuous Operations": -26565000.0,
        "Tax Provision": 133000.0,
        "Pretax Income": -26432000.0,
        "Other Income Expense": -21534000.0,
        "Special Income Charges": -18970000.0,
        "Impairment Of Capital Assets": 18970000.0,
        "Earnings From Equity Interest": -2638000.0,
        "Gain On Sale Of Security": 74000.0,
        "Net Non Operating Interest Income Expense": 31000.0,
        "Total Other Finance Cost": -31000.0,
        "Operating Income": -4929000.0,
        "Operating Expense": 12065000.0,
        "Selling General And Administration": 12065000.0,
        "Selling And Marketing Expense": 5106000.0,
        "General And Administrative Expense": 6959000.0,
        "Other Gand A": 2975000.0,
        "Salaries And Wages": 3984000.0,
        "Gross Profit": 7136000.0,
        "Cost Of Revenue": 8494000.0,
        "Total Revenue": 15630000.0,
        "Operating Revenue": 15196000.0
    },
    "2023-12-31": {
        "Tax Effect Of Unusual Items": 6090.0,
        "Tax Rate For Calcs": 0.21,
        "Normalized EBITDA": 531000.0,
        "Total Unusual Items": 29000.0,
        "Total Unusual Items Excluding Goodwill": 29000.0,
        "Net Income From Continuing Operation Net Minority Interest": -4659000.0,
        "Reconciled Depreciation": 5325000.0,
        "Reconciled Cost Of Revenue": 8125000.0,
        "EBITDA": 560000.0,
        "EBIT": -4765000.0,
        "Net Interest Income": 416000.0,
        "Normalized Income": -4681910.0,
        "Net Income From Continuing And Discontinued Operation": -4659000.0,
        "Total Expenses": 19540000.0,
        "Total Operating Income As Reported": -4765000.0,
        "Diluted Average Shares": 53071000.0,
        "Basic Average Shares": 53071000.0,
        "Diluted EPS": -0.09,
        "Basic EPS": -0.09,
        "Diluted NI Availto Com Stockholders": -4659000.0,
        "Net Income Common Stockholders": -4659000.0,
        "Net Income": -4659000.0,
        "Net Income Including Noncontrolling Interests": -4659000.0,
        "Net Income Continuous Operations": -4659000.0,
        "Tax Provision": 27000.0,
        "Pretax Income": -4632000.0,
        "Other Income Expense": -283000.0,
        "Special Income Charges": 0.0,
        "Impairment Of Capital Assets": 0.0,
        "Earnings From Equity Interest": -312000.0,
        "Gain On Sale Of Security": 29000.0,
        "Net Non Operating Interest Income Expense": 416000.0,
        "Total Other Finance Cost": NaN,
        "Operating Income": -4765000.0,
        "Operating Expense": 11415000.0,
        "Selling General And Administration": 11415000.0,
        "Selling And Marketing Expense": 4966000.0,
        "General And Administrative Expense": 6449000.0,
        "Other Gand A": 6449000.0,
        "Salaries And Wages": NaN,
        "Gross Profit": 6650000.0,
        "Cost Of Revenue": 8125000.0,
        "Total Revenue": 14775000.0,
        "Operating Revenue": 16106000.0
    },
    "2024-03-31": {
        "Tax Effect Of Unusual Items": -6300.0,
        "Tax Rate For Calcs": 0.21,
        "Normalized EBITDA": 1708000.0,
        "Total Unusual Items": -30000.0,
        "Total Unusual Items Excluding Goodwill": -30000.0,
        "Net Income From Continuing Operation Net Minority Interest": -5035000.0,
        "Reconciled Depreciation": 5332000.0,
        "Reconciled Cost Of Revenue": 6748000.0,
        "EBITDA": 1678000.0,
        "EBIT": -3654000.0,
        "Net Interest Income": 439000.0,
        "Normalized Income": -5011300.0,
        "Net Income From Continuing And Discontinued Operation": -5035000.0,
        "Total Expenses": 15655000.0,
        "Total Operating Income As Reported": -3654000.0,
        "Diluted Average Shares": 53301000.0,
        "Basic Average Shares": 53301000.0,
        "Diluted EPS": -0.09,
        "Basic EPS": -0.09,
        "Diluted NI Availto Com Stockholders": -5035000.0,
        "Net Income Common Stockholders": -5035000.0,
        "Net Income": -5035000.0,
        "Net Income Including Noncontrolling Interests": -5035000.0,
        "Net Income Continuous Operations": -5035000.0,
        "Tax Provision": 34000.0,
        "Pretax Income": -5001000.0,
        "Other Income Expense": -1786000.0,
        "Special Income Charges": NaN,
        "Impairment Of Capital Assets": NaN,
        "Earnings From Equity Interest": -1756000.0,
        "Gain On Sale Of Security": -30000.0,
        "Net Non Operating Interest Income Expense": 439000.0,
        "Total Other Finance Cost": -439000.0,
        "Operating Income": -3654000.0,
        "Operating Expense": 8907000.0,
        "Selling General And Administration": 8907000.0,
        "Selling And Marketing Expense": 3105000.0,
        "General And Administrative Expense": 5802000.0,
        "Other Gand A": 5802000.0,
        "Salaries And Wages": NaN,
        "Gross Profit": 5253000.0,
        "Cost Of Revenue": 6748000.0,
        "Total Revenue": 12001000.0,
        "Operating Revenue": 11904000.0
    },
    "2024-06-30": {
        "Tax Effect Of Unusual Items": 0.0,
        "Tax Rate For Calcs": 0.21,
        "Normalized EBITDA": 2230000.0,
        "Total Unusual Items": NaN,
        "Total Unusual Items Excluding Goodwill": NaN,
        "Net Income From Continuing Operation Net Minority Interest": -2031000.0,
        "Reconciled Depreciation": 4779000.0,
        "Reconciled Cost Of Revenue": 6004000.0,
        "EBITDA": 2230000.0,
        "EBIT": -2549000.0,
        "Net Interest Income": 725000.0,
        "Normalized Income": -2031000.0,
        "Net Income From Continuing And Discontinued Operation": -2031000.0,
        "Total Expenses": 14944000.0,
        "Total Operating Income As Reported": -2549000.0,
        "Diluted Average Shares": 53613000.0,
        "Basic Average Shares": 53613000.0,
        "Diluted EPS": -0.04,
        "Basic EPS": -0.04,
        "Diluted NI Availto Com Stockholders": -2031000.0,
        "Net Income Common Stockholders": -2031000.0,
        "Net Income": -2031000.0,
        "Net Income Including Noncontrolling Interests": -2031000.0,
        "Net Income Continuous Operations": -2031000.0,
        "Tax Provision": 55000.0,
        "Pretax Income": -1976000.0,
        "Other Income Expense": -152000.0,
        "Special Income Charges": NaN,
        "Impairment Of Capital Assets": NaN,
        "Earnings From Equity Interest": -152000.0,
        "Gain On Sale Of Security": NaN,
        "Net Non Operating Interest Income Expense": 725000.0,
        "Total Other Finance Cost": -725000.0,
        "Operating Income": -2549000.0,
        "Operating Expense": 8940000.0,
        "Selling General And Administration": 8940000.0,
        "Selling And Marketing Expense": 2981000.0,
        "General And Administrative Expense": 5959000.0,
        "Other Gand A": 2130000.0,
        "Salaries And Wages": 3829000.0,
        "Gross Profit": 6391000.0,
        "Cost Of Revenue": 6004000.0,
        "Total Revenue": 12395000.0,
        "Operating Revenue": 12241000.0
    },
    "2024-09-30": {
        "Tax Effect Of Unusual Items": -7560.0,
        "Tax Rate For Calcs": 0.21,
        "Normalized EBITDA": 1428000.0,
        "Total Unusual Items": -36000.0,
        "Total Unusual Items Excluding Goodwill": -36000.0,
        "Net Income From Continuing Operation Net Minority Interest": -3062000.0,
        "Reconciled Depreciation": 4644000.0,
        "Reconciled Cost Of Revenue": 5840000.0,
        "EBITDA": 1392000.0,
        "EBIT": -3252000.0,
        "Net Interest Income": 538000.0,
        "Normalized Income": -3033560.0,
        "Net Income From Continuing And Discontinued Operation": -3062000.0,
        "Total Expenses": 15856000.0,
        "Total Operating Income As Reported": -3252000.0,
        "Diluted Average Shares": 54850000.0,
        "Basic Average Shares": 54850000.0,
        "Diluted EPS": -0.06,
        "Basic EPS": -0.06,
        "Diluted NI Availto Com Stockholders": -3062000.0,
        "Net Income Common Stockholders": -3062000.0,
        "Net Income": -3062000.0,
        "Net Income Including Noncontrolling Interests": -3062000.0,
        "Net Income Continuous Operations": -3062000.0,
        "Tax Provision": 45000.0,
        "Pretax Income": -3017000.0,
        "Other Income Expense": -303000.0,
        "Special Income Charges": 0.0,
        "Impairment Of Capital Assets": 0.0,
        "Earnings From Equity Interest": -267000.0,
        "Gain On Sale Of Security": -36000.0,
        "Net Non Operating Interest Income Expense": 538000.0,
        "Total Other Finance Cost": -538000.0,
        "Operating Income": -3252000.0,
        "Operating Expense": 10016000.0,
        "Selling General And Administration": 10016000.0,
        "Selling And Marketing Expense": 3590000.0,
        "General And Administrative Expense": 6426000.0,
        "Other Gand A": 1629000.0,
        "Salaries And Wages": 4797000.0,
        "Gross Profit": 6764000.0,
        "Cost Of Revenue": 5840000.0,
        "Total Revenue": 12604000.0,
        "Operating Revenue": 12415000.0
    }
}