{
    "2023-03-31": {
        "Tax Effect Of Unusual Items": -1902000.0,
        "Tax Rate For Calcs": 0.4,
        "Total Unusual Items": -4755000.0,
        "Total Unusual Items Excluding Goodwill": -4755000.0,
        "Net Income From Continuing Operation Net Minority Interest": -59471000.0,
        "Reconciled Depreciation": 9021000.0,
        "Net Interest Income": 120494000.0,
        "Interest Expense": 58943000.0,
        "Interest Income": 179437000.0,
        "Normalized Income": -56618000.0,
        "Net Income From Continuing And Discontinued Operation": -59471000.0,
        "Diluted Average Shares": 40783000.0,
        "Basic Average Shares": 40783000.0,
        "Diluted EPS": -1.46,
        "Basic EPS": -1.46,
        "Diluted NI Availto Com Stockholders": -59471000.0,
        "Net Income Common Stockholders": -59471000.0,
        "Net Income": -59471000.0,
        "Net Income Including Noncontrolling Interests": -59471000.0,
        "Net Income Continuous Operations": -59471000.0,
        "Tax Provision": 20703000.0,
        "Pretax Income": -38768000.0,
        "Other Non Operating Income Expenses": NaN,
        "Special Income Charges": -4755000.0,
        "Gain On Sale Of Business": -2027000.0,
        "Impairment Of Capital Assets": 0.0,
        "Restructuring And Mergern Acquisition": 2728000.0,
        "Depreciation Amortization Depletion Income Statement": 9021000.0,
        "Depreciation And Amortization In Income Statement": 9021000.0,
        "Selling General And Administration": 66980000.0,
        "Selling And Marketing Expense": 2175000.0,
        "General And Administrative Expense": 64805000.0,
        "Salaries And Wages": 64805000.0,
        "Total Revenue": 137438000.0,
        "Operating Revenue": 137438000.0
    },
    "2022-12-31": {
        "Tax Effect Of Unusual Items": -14231592.998765,
        "Tax Rate For Calcs": 0.097523,
        "Total Unusual Items": -145930000.0,
        "Total Unusual Items Excluding Goodwill": -145930000.0,
        "Net Income From Continuing Operation Net Minority Interest": -186393000.0,
        "Reconciled Depreciation": 8337000.0,
        "Net Interest Income": 126627000.0,
        "Interest Expense": 54978000.0,
        "Interest Income": 181605000.0,
        "Normalized Income": -54694592.998765,
        "Net Income From Continuing And Discontinued Operation": -186393000.0,
        "Diluted Average Shares": 41103000.0,
        "Basic Average Shares": 41103000.0,
        "Diluted EPS": -4.6,
        "Basic EPS": -4.6,
        "Diluted NI Availto Com Stockholders": -186393000.0,
        "Net Income Common Stockholders": -186393000.0,
        "Net Income": -186393000.0,
        "Net Income Including Noncontrolling Interests": -186393000.0,
        "Net Income Continuous Operations": -186393000.0,
        "Tax Provision": -20142000.0,
        "Pretax Income": -206535000.0,
        "Other Non Operating Income Expenses": NaN,
        "Special Income Charges": -145930000.0,
        "Gain On Sale Of Business": 0.0,
        "Impairment Of Capital Assets": 145241000.0,
        "Restructuring And Mergern Acquisition": 0.0,
        "Depreciation Amortization Depletion Income Statement": 8337000.0,
        "Depreciation And Amortization In Income Statement": 8337000.0,
        "Selling General And Administration": 69759000.0,
        "Selling And Marketing Expense": 3692000.0,
        "General And Administrative Expense": 66067000.0,
        "Salaries And Wages": 66067000.0,
        "Total Revenue": 150388000.0,
        "Operating Revenue": 150388000.0
    },
    "2022-09-30": {
        "Tax Effect Of Unusual Items": 30438400.0,
        "Tax Rate For Calcs": 0.4,
        "Total Unusual Items": 76096000.0,
        "Total Unusual Items Excluding Goodwill": 76096000.0,
        "Net Income From Continuing Operation Net Minority Interest": 25653000.0,
        "Reconciled Depreciation": 9499000.0,
        "Net Interest Income": 130366000.0,
        "Interest Expense": 50149000.0,
        "Interest Income": 180515000.0,
        "Normalized Income": -20004600.0,
        "Net Income From Continuing And Discontinued Operation": 25653000.0,
        "Diluted Average Shares": 40835000.0,
        "Basic Average Shares": 40479000.0,
        "Diluted EPS": 0.63,
        "Basic EPS": 0.63,
        "Diluted NI Availto Com Stockholders": 25653000.0,
        "Net Income Common Stockholders": 25653000.0,
        "Net Income": 25653000.0,
        "Net Income Including Noncontrolling Interests": 25653000.0,
        "Net Income Continuous Operations": 25653000.0,
        "Tax Provision": 17348000.0,
        "Pretax Income": 43001000.0,
        "Other Non Operating Income Expenses": NaN,
        "Special Income Charges": 76096000.0,
        "Gain On Sale Of Business": 68443000.0,
        "Impairment Of Capital Assets": NaN,
        "Restructuring And Mergern Acquisition": -11355000.0,
        "Depreciation Amortization Depletion Income Statement": 9499000.0,
        "Depreciation And Amortization In Income Statement": 9499000.0,
        "Selling General And Administration": 58657000.0,
        "Selling And Marketing Expense": 5244000.0,
        "General And Administrative Expense": 53413000.0,
        "Salaries And Wages": 53413000.0,
        "Total Revenue": 152242000.0,
        "Operating Revenue": 152242000.0
    },
    "2022-06-30": {
        "Tax Effect Of Unusual Items": 0.0,
        "Tax Rate For Calcs": 0.211,
        "Total Unusual Items": NaN,
        "Total Unusual Items Excluding Goodwill": NaN,
        "Net Income From Continuing Operation Net Minority Interest": -26080000.0,
        "Reconciled Depreciation": 8673000.0,
        "Net Interest Income": -42193000.0,
        "Interest Expense": 42193000.0,
        "Interest Income": 0.0,
        "Normalized Income": -26080000.0,
        "Net Income From Continuing And Discontinued Operation": -26080000.0,
        "Diluted Average Shares": 40376000.0,
        "Basic Average Shares": 40376000.0,
        "Diluted EPS": -0.65,
        "Basic EPS": -0.65,
        "Diluted NI Availto Com Stockholders": -26080000.0,
        "Net Income Common Stockholders": -26080000.0,
        "Net Income": -26080000.0,
        "Net Income Including Noncontrolling Interests": -26080000.0,
        "Net Income Continuous Operations": -26080000.0,
        "Tax Provision": -6990000.0,
        "Pretax Income": -33070000.0,
        "Other Non Operating Income Expenses": NaN,
        "Special Income Charges": NaN,
        "Gain On Sale Of Business": NaN,
        "Impairment Of Capital Assets": NaN,
        "Restructuring And Mergern Acquisition": NaN,
        "Depreciation Amortization Depletion Income Statement": 8672000.0,
        "Depreciation And Amortization In Income Statement": 8672000.0,
        "Selling General And Administration": 95134000.0,
        "Selling And Marketing Expense": 12707000.0,
        "General And Administrative Expense": 82427000.0,
        "Salaries And Wages": 82427000.0,
        "Total Revenue": 241918000.0,
        "Operating Revenue": 241918000.0
    },
    "2022-03-31": {
        "Diluted EPS": 0.03,
        "Total Revenue": 193,
        "Gross Profit": 85,
        "Operating Income": 39,
        "EBIT": 51,
        "Net Income": 1
    },
    "2021-12-31": {
        "Diluted EPS": -0.58,
        "Total Revenue": 131,
        "Gross Profit": 53,
        "Operating Income": 29,
        "EBIT": 39,
        "Net Income": -29
    },
    "2021-09-30": {
        "Diluted EPS": -1.02,
        "Total Revenue": 139,
        "Gross Profit": 53,
        "Operating Income": 16,
        "EBIT": 25,
        "Net Income": -42
    },
    "2021-06-30": {
        "Diluted EPS": 2.39,
        "Total Revenue": 143,
        "Gross Profit": 63,
        "Operating Income": 42,
        "EBIT": 51,
        "Net Income": 105
    },
    "2021-03-31": {
        "Diluted EPS": 0.59,
        "Total Revenue": 160,
        "Gross Profit": 71,
        "Operating Income": 66,
        "EBIT": 72,
        "Net Income": 26
    },
    "2020-12-31": {
        "Diluted EPS": 0.09,
        "Total Revenue": 132,
        "Gross Profit": 20,
        "Operating Income": -44,
        "EBIT": -39,
        "Net Income": 4
    },
    "2020-09-30": {
        "Diluted EPS": 0.31,
        "Total Revenue": 127,
        "Gross Profit": 64,
        "Operating Income": 64,
        "EBIT": 69,
        "Net Income": 13
    },
    "2020-06-30": {
        "Diluted EPS": 0.53,
        "Total Revenue": 132,
        "Gross Profit": 76,
        "Operating Income": 76,
        "EBIT": 82,
        "Net Income": 22
    },
    "2020-03-31": {
        "Diluted EPS": 0.87,
        "Total Revenue": 167,
        "Gross Profit": 100,
        "Operating Income": 100,
        "EBIT": 105,
        "Net Income": 36
    },
    "2019-12-31": {
        "Diluted EPS": 0.68,
        "Total Revenue": 172,
        "Gross Profit": 75,
        "Operating Income": -17,
        "EBIT": -12,
        "Net Income": 30
    },
    "2019-09-30": {
        "Diluted EPS": 0.6,
        "Total Revenue": 173,
        "Gross Profit": 97,
        "Operating Income": 97,
        "EBIT": 102,
        "Net Income": 27
    },
    "2019-06-30": {
        "Diluted EPS": 0.36,
        "Total Revenue": 152,
        "Gross Profit": 81,
        "Operating Income": 81,
        "EBIT": 87,
        "Net Income": 17
    },
    "2019-03-31": {
        "Diluted EPS": 0.79,
        "Total Revenue": 176,
        "Gross Profit": 105,
        "Operating Income": 105,
        "EBIT": 111,
        "Net Income": 37
    },
    "2018-12-31": {
        "Diluted EPS": -0.26,
        "Total Revenue": 157,
        "Gross Profit": 82,
        "Operating Income": 82,
        "EBIT": 87,
        "Net Income": -14
    },
    "2018-09-30": {
        "Diluted EPS": -1.03,
        "Total Revenue": 142,
        "Gross Profit": 61,
        "Operating Income": 61,
        "EBIT": 66,
        "Net Income": -47
    },
    "2018-06-30": {
        "Diluted EPS": 0.33,
        "Total Revenue": 151,
        "Gross Profit": 77,
        "Operating Income": 77,
        "EBIT": 83,
        "Net Income": 16
    },
    "2018-03-31": {
        "Diluted EPS": 0.5,
        "Total Revenue": 174,
        "Gross Profit": 106,
        "Operating Income": 106,
        "EBIT": 112,
        "Net Income": 23
    },
    "2017-12-31": {
        "Diluted EPS": 0.15,
        "Total Revenue": 141,
        "Gross Profit": 78,
        "Operating Income": 78,
        "EBIT": 83,
        "Net Income": 6
    },
    "2017-09-30": {
        "Diluted EPS": 0.25,
        "Total Revenue": 156,
        "Gross Profit": 80,
        "Operating Income": 80,
        "EBIT": 86,
        "Net Income": 10
    },
    "2017-06-30": {
        "Diluted EPS": 0.42,
        "Total Revenue": 151,
        "Gross Profit": 82,
        "Operating Income": 82,
        "EBIT": 88,
        "Net Income": 16
    },
    "2017-03-31": {
        "Diluted EPS": 0.43,
        "Total Revenue": 163,
        "Gross Profit": 95,
        "Operating Income": 95,
        "EBIT": 100,
        "Net Income": 17
    },
    "2016-12-31": {
        "Diluted EPS": 0.0,
        "Total Revenue": NaN,
        "Gross Profit": NaN,
        "Operating Income": NaN,
        "EBIT": NaN,
        "Net Income": NaN
    },
    "2016-09-30": {
        "Diluted EPS": 0.0,
        "Total Revenue": 136,
        "Gross Profit": 67,
        "Operating Income": 67,
        "EBIT": 67,
        "Net Income": 16
    },
    "2015-12-31": {
        "Diluted EPS": 0.0,
        "Total Revenue": NaN,
        "Gross Profit": NaN,
        "Operating Income": NaN,
        "EBIT": NaN,
        "Net Income": NaN
    },
    "2023-06-30": {
        "Tax Effect Of Unusual Items": -3545600.0,
        "Tax Rate For Calcs": 0.4,
        "Total Unusual Items": -8864000.0,
        "Total Unusual Items Excluding Goodwill": -8864000.0,
        "Net Income From Continuing Operation Net Minority Interest": -59327000.0,
        "Reconciled Depreciation": 9141000.0,
        "Net Interest Income": -66101000.0,
        "Interest Expense": 66101000.0,
        "Interest Income": 0.0,
        "Normalized Income": -54008600.0,
        "Net Income From Continuing And Discontinued Operation": -59327000.0,
        "Diluted Average Shares": 41002000.0,
        "Basic Average Shares": 41002000.0,
        "Diluted EPS": -1.45,
        "Basic EPS": -1.45,
        "Diluted NI Availto Com Stockholders": -59327000.0,
        "Net Income Common Stockholders": -59327000.0,
        "Net Income": -59327000.0,
        "Net Income Including Noncontrolling Interests": -59327000.0,
        "Net Income Continuous Operations": -59327000.0,
        "Tax Provision": 2291000.0,
        "Pretax Income": -57036000.0,
        "Other Non Operating Income Expenses": -1435000.0,
        "Special Income Charges": -8864000.0,
        "Gain On Sale Of Business": 0.0,
        "Impairment Of Capital Assets": NaN,
        "Restructuring And Mergern Acquisition": 0.0,
        "Depreciation Amortization Depletion Income Statement": 9141000.0,
        "Depreciation And Amortization In Income Statement": 9141000.0,
        "Selling General And Administration": 63477000.0,
        "Selling And Marketing Expense": 2131000.0,
        "General And Administrative Expense": 61346000.0,
        "Salaries And Wages": 61346000.0,
        "Total Revenue": 127676000.0,
        "Operating Revenue": 127676000.0
    }
}