{
    "2023-04-30": {
        "Tax Effect Of Unusual Items": 0.0,
        "Tax Rate For Calcs": 0.286,
        "Normalized EBITDA": 45602000.0,
        "Net Income From Continuing Operation Net Minority Interest": 11808000.0,
        "Reconciled Depreciation": 19599000.0,
        "Reconciled Cost Of Revenue": 183212000.0,
        "EBITDA": 45602000.0,
        "EBIT": 26003000.0,
        "Net Interest Income": -9468000.0,
        "Interest Expense": 9468000.0,
        "Interest Income": NaN,
        "Normalized Income": 11808000.0,
        "Net Income From Continuing And Discontinued Operation": 11808000.0,
        "Total Expenses": 267791000.0,
        "Total Operating Income As Reported": 26063000.0,
        "Diluted Average Shares": 104027000.0,
        "Basic Average Shares": 103800000.0,
        "Diluted EPS": 0.11,
        "Basic EPS": 0.11,
        "Diluted NI Availto Com Stockholders": 11808000.0,
        "Net Income Common Stockholders": 11808000.0,
        "Net Income": 11808000.0,
        "Net Income Including Noncontrolling Interests": 11808000.0,
        "Net Income Continuous Operations": 11808000.0,
        "Tax Provision": 4727000.0,
        "Pretax Income": 16535000.0,
        "Other Income Expense": -60000.0,
        "Other Non Operating Income Expenses": -60000.0,
        "Net Non Operating Interest Income Expense": -9468000.0,
        "Interest Expense Non Operating": 9468000.0,
        "Interest Income Non Operating": NaN,
        "Operating Income": 26063000.0,
        "Operating Expense": 84579000.0,
        "Selling General And Administration": 84579000.0,
        "Selling And Marketing Expense": NaN,
        "General And Administrative Expense": 71228000.0,
        "Other Gand A": 71228000.0,
        "Gross Profit": 110642000.0,
        "Cost Of Revenue": 183212000.0,
        "Total Revenue": 293854000.0,
        "Operating Revenue": 285761000.0
    },
    "2023-01-31": {
        "Tax Effect Of Unusual Items": 0.0,
        "Tax Rate For Calcs": 0.343355,
        "Normalized EBITDA": 22617000.0,
        "Net Income From Continuing Operation Net Minority Interest": -3844000.0,
        "Reconciled Depreciation": 20102000.0,
        "Reconciled Cost Of Revenue": 205049000.0,
        "EBITDA": 22617000.0,
        "EBIT": 2515000.0,
        "Net Interest Income": -8369000.0,
        "Interest Expense": 8369000.0,
        "Interest Income": NaN,
        "Normalized Income": -3844000.0,
        "Net Income From Continuing And Discontinued Operation": -3844000.0,
        "Total Expenses": 326310000.0,
        "Total Operating Income As Reported": 2515000.0,
        "Diluted Average Shares": 103693000.0,
        "Basic Average Shares": 103693000.0,
        "Diluted EPS": -0.04,
        "Basic EPS": -0.04,
        "Diluted NI Availto Com Stockholders": -3844000.0,
        "Net Income Common Stockholders": -3844000.0,
        "Net Income": -3844000.0,
        "Net Income Including Noncontrolling Interests": -3844000.0,
        "Net Income Continuous Operations": -3844000.0,
        "Tax Provision": -2010000.0,
        "Pretax Income": -5854000.0,
        "Other Income Expense": NaN,
        "Other Non Operating Income Expenses": NaN,
        "Net Non Operating Interest Income Expense": -8369000.0,
        "Interest Expense Non Operating": 8369000.0,
        "Interest Income Non Operating": NaN,
        "Operating Income": 2515000.0,
        "Operating Expense": 121261000.0,
        "Selling General And Administration": 121261000.0,
        "Selling And Marketing Expense": NaN,
        "General And Administrative Expense": 105434000.0,
        "Other Gand A": 105434000.0,
        "Gross Profit": 123776000.0,
        "Cost Of Revenue": 205049000.0,
        "Total Revenue": 328825000.0,
        "Operating Revenue": 294817000.0
    },
    "2022-10-31": {
        "Tax Effect Of Unusual Items": NaN,
        "Tax Rate For Calcs": NaN,
        "Normalized EBITDA": NaN,
        "Net Income From Continuing Operation Net Minority Interest": NaN,
        "Reconciled Depreciation": NaN,
        "Reconciled Cost Of Revenue": NaN,
        "EBITDA": NaN,
        "EBIT": NaN,
        "Net Interest Income": NaN,
        "Interest Expense": NaN,
        "Interest Income": NaN,
        "Normalized Income": NaN,
        "Net Income From Continuing And Discontinued Operation": NaN,
        "Total Expenses": NaN,
        "Total Operating Income As Reported": NaN,
        "Diluted Average Shares": NaN,
        "Basic Average Shares": NaN,
        "Diluted EPS": NaN,
        "Basic EPS": NaN,
        "Diluted NI Availto Com Stockholders": NaN,
        "Net Income Common Stockholders": NaN,
        "Net Income": NaN,
        "Net Income Including Noncontrolling Interests": NaN,
        "Net Income Continuous Operations": NaN,
        "Tax Provision": NaN,
        "Pretax Income": NaN,
        "Other Income Expense": NaN,
        "Other Non Operating Income Expenses": NaN,
        "Net Non Operating Interest Income Expense": NaN,
        "Interest Expense Non Operating": NaN,
        "Interest Income Non Operating": NaN,
        "Operating Income": NaN,
        "Operating Expense": NaN,
        "Selling General And Administration": NaN,
        "Selling And Marketing Expense": NaN,
        "General And Administrative Expense": 69347000.0,
        "Other Gand A": 69347000.0,
        "Gross Profit": NaN,
        "Cost Of Revenue": NaN,
        "Total Revenue": NaN,
        "Operating Revenue": NaN
    },
    "2022-07-31": {
        "Tax Effect Of Unusual Items": 0.0,
        "Tax Rate For Calcs": 0.305,
        "Normalized EBITDA": 59105000.0,
        "Net Income From Continuing Operation Net Minority Interest": 22710000.0,
        "Reconciled Depreciation": 19689000.0,
        "Reconciled Cost Of Revenue": 222030000.0,
        "EBITDA": 59105000.0,
        "EBIT": 39416000.0,
        "Net Interest Income": -6745000.0,
        "Interest Expense": 6745000.0,
        "Interest Income": NaN,
        "Normalized Income": 22710000.0,
        "Net Income From Continuing And Discontinued Operation": 22710000.0,
        "Total Expenses": 301460000.0,
        "Total Operating Income As Reported": 39416000.0,
        "Diluted Average Shares": 103953000.0,
        "Basic Average Shares": 103836000.0,
        "Diluted EPS": 0.22,
        "Basic EPS": 0.22,
        "Diluted NI Availto Com Stockholders": 22710000.0,
        "Net Income Common Stockholders": 22710000.0,
        "Net Income": 22710000.0,
        "Net Income Including Noncontrolling Interests": 22710000.0,
        "Net Income Continuous Operations": 22710000.0,
        "Tax Provision": 9961000.0,
        "Pretax Income": 32671000.0,
        "Net Non Operating Interest Income Expense": -6745000.0,
        "Interest Expense Non Operating": 6745000.0,
        "Interest Income Non Operating": NaN,
        "Operating Income": 39416000.0,
        "Operating Expense": 79430000.0,
        "Selling General And Administration": 79430000.0,
        "Selling And Marketing Expense": 13502000.0,
        "General And Administrative Expense": 65928000.0,
        "Other Gand A": 65928000.0,
        "Gross Profit": 118846000.0,
        "Cost Of Revenue": 222030000.0,
        "Total Revenue": 340876000.0,
        "Operating Revenue": 340876000.0
    },
    "2022-04-30": {
        "Diluted EPS": 0.23,
        "Total Revenue": 333,
        "Gross Profit": 130,
        "Operating Income": 40,
        "EBIT": 60,
        "Net Income": 24
    },
    "2022-01-31": {
        "Diluted EPS": -0.2,
        "Total Revenue": 332,
        "Gross Profit": 118,
        "Operating Income": 16,
        "EBIT": 37,
        "Net Income": -23
    },
    "2021-10-31": {
        "Diluted EPS": -0.54,
        "Total Revenue": 306,
        "Gross Profit": 125,
        "Operating Income": 44,
        "EBIT": 63,
        "Net Income": -59
    },
    "2021-07-31": {
        "Diluted EPS": 0.35,
        "Total Revenue": 333,
        "Gross Profit": 150,
        "Operating Income": -40,
        "EBIT": -21,
        "Net Income": 39
    },
    "2021-04-30": {
        "Diluted EPS": 0.12,
        "Total Revenue": 326,
        "Gross Profit": 145,
        "Operating Income": 25,
        "EBIT": 45,
        "Net Income": 13
    },
    "2021-01-31": {
        "Diluted EPS": 0.0,
        "Total Revenue": NaN,
        "Gross Profit": NaN,
        "Operating Income": NaN,
        "EBIT": NaN,
        "Net Income": NaN
    },
    "2020-10-31": {
        "Diluted EPS": 0.04,
        "Total Revenue": 270,
        "Gross Profit": 96,
        "Operating Income": 15,
        "EBIT": 34,
        "Net Income": 4
    },
    "2020-07-31": {
        "Diluted EPS": 0.15,
        "Total Revenue": 249,
        "Gross Profit": 80,
        "Operating Income": 20,
        "EBIT": 20,
        "Net Income": 17
    },
    "2020-01-31": {
        "Diluted EPS": 0.0,
        "Total Revenue": NaN,
        "Gross Profit": NaN,
        "Operating Income": NaN,
        "EBIT": NaN,
        "Net Income": NaN
    },
    "2023-07-31": {
        "Tax Effect Of Unusual Items": 0.0,
        "Tax Rate For Calcs": 0.379,
        "Normalized EBITDA": 39874000.0,
        "Net Income From Continuing Operation Net Minority Interest": 6629000.0,
        "Reconciled Depreciation": 19597000.0,
        "Reconciled Cost Of Revenue": 186467000.0,
        "EBITDA": 39874000.0,
        "EBIT": 20277000.0,
        "Net Interest Income": -9606000.0,
        "Interest Expense": 9606000.0,
        "Interest Income": 89000.0,
        "Normalized Income": 6629000.0,
        "Net Income From Continuing And Discontinued Operation": 6629000.0,
        "Total Expenses": 268956000.0,
        "Total Operating Income As Reported": 20188000.0,
        "Diluted Average Shares": 104172000.0,
        "Basic Average Shares": 103930000.0,
        "Diluted EPS": 0.06,
        "Basic EPS": 0.06,
        "Diluted NI Availto Com Stockholders": 6629000.0,
        "Net Income Common Stockholders": 6629000.0,
        "Net Income": 6629000.0,
        "Net Income Including Noncontrolling Interests": 6629000.0,
        "Net Income Continuous Operations": 6629000.0,
        "Tax Provision": 4042000.0,
        "Pretax Income": 10671000.0,
        "Other Income Expense": 89000.0,
        "Other Non Operating Income Expenses": 89000.0,
        "Net Non Operating Interest Income Expense": -9606000.0,
        "Interest Expense Non Operating": 9606000.0,
        "Interest Income Non Operating": 89000.0,
        "Operating Income": 20188000.0,
        "Operating Expense": 82489000.0,
        "Selling General And Administration": 82489000.0,
        "Selling And Marketing Expense": 12898000.0,
        "General And Administrative Expense": 69591000.0,
        "Other Gand A": 69591000.0,
        "Gross Profit": 102677000.0,
        "Cost Of Revenue": 186467000.0,
        "Total Revenue": 289144000.0,
        "Operating Revenue": 280878000.0
    },
    "2023-10-31": {
        "Tax Effect Of Unusual Items": 0.0,
        "Tax Rate For Calcs": 0.125,
        "Normalized EBITDA": 26422000.0,
        "Net Income From Continuing Operation Net Minority Interest": -2748000.0,
        "Reconciled Depreciation": 19540000.0,
        "Reconciled Cost Of Revenue": 183906000.0,
        "EBITDA": 26422000.0,
        "EBIT": 6882000.0,
        "Net Interest Income": -10024000.0,
        "Interest Expense": 10024000.0,
        "Interest Income": NaN,
        "Normalized Income": -2748000.0,
        "Net Income From Continuing And Discontinued Operation": -2748000.0,
        "Total Expenses": 268526000.0,
        "Total Operating Income As Reported": 6882000.0,
        "Diluted Average Shares": 104081000.0,
        "Basic Average Shares": 104081000.0,
        "Diluted EPS": -0.03,
        "Basic EPS": -0.03,
        "Diluted NI Availto Com Stockholders": -2748000.0,
        "Net Income Common Stockholders": -2748000.0,
        "Net Income": -2748000.0,
        "Net Income Including Noncontrolling Interests": -2748000.0,
        "Net Income Continuous Operations": -2748000.0,
        "Tax Provision": -394000.0,
        "Pretax Income": -3142000.0,
        "Other Income Expense": NaN,
        "Other Non Operating Income Expenses": NaN,
        "Net Non Operating Interest Income Expense": -10024000.0,
        "Interest Expense Non Operating": 10024000.0,
        "Interest Income Non Operating": NaN,
        "Operating Income": 6882000.0,
        "Operating Expense": 84620000.0,
        "Selling General And Administration": 84620000.0,
        "Selling And Marketing Expense": 12739000.0,
        "General And Administrative Expense": 71881000.0,
        "Other Gand A": 71881000.0,
        "Gross Profit": 91502000.0,
        "Cost Of Revenue": 183906000.0,
        "Total Revenue": 275408000.0,
        "Operating Revenue": 266735000.0
    },
    "2024-04-30": {
        "Tax Effect Of Unusual Items": 0.0,
        "Tax Rate For Calcs": 0.269,
        "Normalized EBITDA": 45841000.0,
        "Net Income From Continuing Operation Net Minority Interest": 12172000.0,
        "Reconciled Depreciation": 19808000.0,
        "Reconciled Cost Of Revenue": 164350000.0,
        "EBITDA": 45841000.0,
        "EBIT": 26033000.0,
        "Net Interest Income": -9377000.0,
        "Interest Expense": 9377000.0,
        "Interest Income": NaN,
        "Normalized Income": 12172000.0,
        "Net Income From Continuing And Discontinued Operation": 12172000.0,
        "Total Expenses": 253628000.0,
        "Total Operating Income As Reported": 26143000.0,
        "Diluted Average Shares": 105247000.0,
        "Basic Average Shares": 104268000.0,
        "Diluted EPS": 0.12,
        "Basic EPS": 0.12,
        "Diluted NI Availto Com Stockholders": 12172000.0,
        "Net Income Common Stockholders": 12172000.0,
        "Net Income": 12172000.0,
        "Net Income Including Noncontrolling Interests": 12172000.0,
        "Net Income Continuous Operations": 12172000.0,
        "Tax Provision": 4484000.0,
        "Pretax Income": 16656000.0,
        "Other Income Expense": -110000.0,
        "Other Non Operating Income Expenses": -110000.0,
        "Net Non Operating Interest Income Expense": -9377000.0,
        "Interest Expense Non Operating": 9377000.0,
        "Interest Income Non Operating": NaN,
        "Operating Income": 26143000.0,
        "Operating Expense": 89278000.0,
        "Selling General And Administration": 89278000.0,
        "Selling And Marketing Expense": 12812000.0,
        "General And Administrative Expense": 76466000.0,
        "Other Gand A": 76466000.0,
        "Gross Profit": 115421000.0,
        "Cost Of Revenue": 164350000.0,
        "Total Revenue": 279771000.0,
        "Operating Revenue": 272916000.0
    },
    "2024-01-31": {
        "Tax Effect Of Unusual Items": NaN,
        "Tax Rate For Calcs": NaN,
        "Normalized EBITDA": NaN,
        "Net Income From Continuing Operation Net Minority Interest": NaN,
        "Reconciled Depreciation": NaN,
        "Reconciled Cost Of Revenue": NaN,
        "EBITDA": NaN,
        "EBIT": NaN,
        "Net Interest Income": NaN,
        "Interest Expense": NaN,
        "Interest Income": NaN,
        "Normalized Income": NaN,
        "Net Income From Continuing And Discontinued Operation": NaN,
        "Total Expenses": NaN,
        "Total Operating Income As Reported": NaN,
        "Diluted Average Shares": NaN,
        "Basic Average Shares": NaN,
        "Diluted EPS": NaN,
        "Basic EPS": NaN,
        "Diluted NI Availto Com Stockholders": NaN,
        "Net Income Common Stockholders": NaN,
        "Net Income": NaN,
        "Net Income Including Noncontrolling Interests": NaN,
        "Net Income Continuous Operations": NaN,
        "Tax Provision": NaN,
        "Pretax Income": NaN,
        "Other Income Expense": NaN,
        "Other Non Operating Income Expenses": NaN,
        "Net Non Operating Interest Income Expense": NaN,
        "Interest Expense Non Operating": NaN,
        "Interest Income Non Operating": NaN,
        "Operating Income": NaN,
        "Operating Expense": NaN,
        "Selling General And Administration": NaN,
        "Selling And Marketing Expense": 16511000.0,
        "General And Administrative Expense": NaN,
        "Other Gand A": NaN,
        "Gross Profit": NaN,
        "Cost Of Revenue": NaN,
        "Total Revenue": NaN,
        "Operating Revenue": NaN
    },
    "2024-07-31": {
        "Tax Effect Of Unusual Items": 0.0,
        "Tax Rate For Calcs": 0.269,
        "Normalized EBITDA": 39911000.0,
        "Net Income From Continuing Operation Net Minority Interest": 8328000.0,
        "Reconciled Depreciation": 19374000.0,
        "Reconciled Cost Of Revenue": 174380000.0,
        "EBITDA": 39911000.0,
        "EBIT": 20537000.0,
        "Net Interest Income": -9142000.0,
        "Interest Expense": 9142000.0,
        "Interest Income": NaN,
        "Normalized Income": 8328000.0,
        "Net Income From Continuing And Discontinued Operation": 8328000.0,
        "Total Expenses": 264225000.0,
        "Total Operating Income As Reported": 20413000.0,
        "Diluted Average Shares": 106074000.0,
        "Basic Average Shares": 104500000.0,
        "Diluted EPS": 0.08,
        "Basic EPS": 0.08,
        "Diluted NI Availto Com Stockholders": 8328000.0,
        "Net Income Common Stockholders": 8328000.0,
        "Net Income": 8328000.0,
        "Net Income Including Noncontrolling Interests": 8328000.0,
        "Net Income Continuous Operations": 8328000.0,
        "Tax Provision": 3067000.0,
        "Pretax Income": 11395000.0,
        "Other Income Expense": 124000.0,
        "Other Non Operating Income Expenses": 124000.0,
        "Net Non Operating Interest Income Expense": -9142000.0,
        "Interest Expense Non Operating": 9142000.0,
        "Interest Income Non Operating": NaN,
        "Operating Income": 20413000.0,
        "Operating Expense": 89845000.0,
        "Selling General And Administration": 89845000.0,
        "Selling And Marketing Expense": 13007000.0,
        "General And Administrative Expense": 76838000.0,
        "Other Gand A": 76838000.0,
        "Gross Profit": 110258000.0,
        "Cost Of Revenue": 174380000.0,
        "Total Revenue": 284638000.0,
        "Operating Revenue": 277318000.0
    }
}