{
    "2023-03-31": {
        "Tax Effect Of Unusual Items": 0.0,
        "Tax Rate For Calcs": 0.21,
        "Normalized EBITDA": -23428000.0,
        "Total Unusual Items": 0.0,
        "Total Unusual Items Excluding Goodwill": 0.0,
        "Net Income From Continuing Operation Net Minority Interest": -28048000.0,
        "Reconciled Depreciation": 1409000.0,
        "Reconciled Cost Of Revenue": 32894000.0,
        "EBITDA": -23428000.0,
        "EBIT": -24837000.0,
        "Net Interest Income": -855000.0,
        "Interest Expense": 2939000.0,
        "Interest Income": 2636000.0,
        "Normalized Income": -28048000.0,
        "Net Income From Continuing And Discontinued Operation": -28048000.0,
        "Total Expenses": 81127000.0,
        "Total Operating Income As Reported": -26601000.0,
        "Diluted Average Shares": 19776000.0,
        "Basic Average Shares": 19776000.0,
        "Diluted EPS": -1.42,
        "Basic EPS": -1.42,
        "Diluted NI Availto Com Stockholders": -28048000.0,
        "Net Income Common Stockholders": -28048000.0,
        "Net Income": -28048000.0,
        "Net Income Including Noncontrolling Interests": -28048000.0,
        "Net Income Continuous Operations": -28048000.0,
        "Tax Provision": 272000.0,
        "Pretax Income": -27776000.0,
        "Other Income Expense": -320000.0,
        "Other Non Operating Income Expenses": -320000.0,
        "Special Income Charges": 0.0,
        "Other Special Charges": NaN,
        "Net Non Operating Interest Income Expense": -855000.0,
        "Total Other Finance Cost": 552000.0,
        "Interest Expense Non Operating": 2939000.0,
        "Interest Income Non Operating": 2636000.0,
        "Operating Income": -26601000.0,
        "Operating Expense": 48233000.0,
        "Research And Development": 6468000.0,
        "Selling General And Administration": 41765000.0,
        "Selling And Marketing Expense": 29512000.0,
        "General And Administrative Expense": 12253000.0,
        "Other Gand A": 12253000.0,
        "Gross Profit": 21632000.0,
        "Cost Of Revenue": 32894000.0,
        "Total Revenue": 54526000.0,
        "Operating Revenue": 54526000.0
    },
    "2022-12-31": {
        "Tax Effect Of Unusual Items": NaN,
        "Tax Rate For Calcs": NaN,
        "Normalized EBITDA": NaN,
        "Total Unusual Items": NaN,
        "Total Unusual Items Excluding Goodwill": NaN,
        "Net Income From Continuing Operation Net Minority Interest": NaN,
        "Reconciled Depreciation": NaN,
        "Reconciled Cost Of Revenue": NaN,
        "EBITDA": NaN,
        "EBIT": NaN,
        "Net Interest Income": NaN,
        "Interest Expense": NaN,
        "Interest Income": NaN,
        "Normalized Income": NaN,
        "Net Income From Continuing And Discontinued Operation": NaN,
        "Total Expenses": NaN,
        "Total Operating Income As Reported": NaN,
        "Diluted Average Shares": NaN,
        "Basic Average Shares": NaN,
        "Diluted EPS": NaN,
        "Basic EPS": NaN,
        "Diluted NI Availto Com Stockholders": NaN,
        "Net Income Common Stockholders": NaN,
        "Net Income": NaN,
        "Net Income Including Noncontrolling Interests": NaN,
        "Net Income Continuous Operations": NaN,
        "Tax Provision": NaN,
        "Pretax Income": NaN,
        "Other Income Expense": NaN,
        "Other Non Operating Income Expenses": NaN,
        "Special Income Charges": NaN,
        "Other Special Charges": 0.0,
        "Net Non Operating Interest Income Expense": NaN,
        "Total Other Finance Cost": NaN,
        "Interest Expense Non Operating": NaN,
        "Interest Income Non Operating": NaN,
        "Operating Income": NaN,
        "Operating Expense": NaN,
        "Research And Development": NaN,
        "Selling General And Administration": NaN,
        "Selling And Marketing Expense": NaN,
        "General And Administrative Expense": NaN,
        "Other Gand A": NaN,
        "Gross Profit": NaN,
        "Cost Of Revenue": NaN,
        "Total Revenue": NaN,
        "Operating Revenue": NaN
    },
    "2022-09-30": {
        "Tax Effect Of Unusual Items": 0.0,
        "Tax Rate For Calcs": 0.21,
        "Normalized EBITDA": -8894000.0,
        "Total Unusual Items": 0.0,
        "Total Unusual Items Excluding Goodwill": 0.0,
        "Net Income From Continuing Operation Net Minority Interest": -12134000.0,
        "Reconciled Depreciation": 674000.0,
        "Reconciled Cost Of Revenue": 28560000.0,
        "EBITDA": -8894000.0,
        "EBIT": -9568000.0,
        "Net Interest Income": -2139000.0,
        "Interest Expense": 1739000.0,
        "Interest Income": NaN,
        "Normalized Income": -12134000.0,
        "Net Income From Continuing And Discontinued Operation": -12134000.0,
        "Total Expenses": 72241000.0,
        "Total Operating Income As Reported": -9433000.0,
        "Diluted Average Shares": 19593000.0,
        "Basic Average Shares": 19593000.0,
        "Diluted EPS": -0.62,
        "Basic EPS": -0.62,
        "Diluted NI Availto Com Stockholders": -12134000.0,
        "Net Income Common Stockholders": -12134000.0,
        "Net Income": -12134000.0,
        "Net Income Including Noncontrolling Interests": -12134000.0,
        "Net Income Continuous Operations": -12134000.0,
        "Tax Provision": 827000.0,
        "Pretax Income": -11307000.0,
        "Other Income Expense": 265000.0,
        "Other Non Operating Income Expenses": 265000.0,
        "Special Income Charges": 0.0,
        "Other Special Charges": NaN,
        "Net Non Operating Interest Income Expense": -2139000.0,
        "Total Other Finance Cost": 400000.0,
        "Interest Expense Non Operating": 1739000.0,
        "Interest Income Non Operating": NaN,
        "Operating Income": -9433000.0,
        "Operating Expense": 43681000.0,
        "Research And Development": 6389000.0,
        "Selling General And Administration": 37292000.0,
        "Selling And Marketing Expense": 26488000.0,
        "General And Administrative Expense": 10804000.0,
        "Other Gand A": 10804000.0,
        "Gross Profit": 34248000.0,
        "Cost Of Revenue": 28560000.0,
        "Total Revenue": 62808000.0,
        "Operating Revenue": 62808000.0
    },
    "2022-06-30": {
        "Tax Effect Of Unusual Items": -134901.141966,
        "Tax Rate For Calcs": 0.003919,
        "Normalized EBITDA": -9860000.0,
        "Total Unusual Items": -34423000.0,
        "Total Unusual Items Excluding Goodwill": -34423000.0,
        "Net Income From Continuing Operation Net Minority Interest": -47276000.0,
        "Reconciled Depreciation": 502000.0,
        "Reconciled Cost Of Revenue": 29180000.0,
        "EBITDA": -44283000.0,
        "EBIT": -44785000.0,
        "Net Interest Income": -2975000.0,
        "Interest Expense": 2677000.0,
        "Interest Income": NaN,
        "Normalized Income": -12987901.141966,
        "Net Income From Continuing And Discontinued Operation": -47276000.0,
        "Total Expenses": 74288000.0,
        "Total Operating Income As Reported": -10064000.0,
        "Diluted Average Shares": 18700000.0,
        "Basic Average Shares": 18700000.0,
        "Diluted EPS": -2.53,
        "Basic EPS": -2.53,
        "Diluted NI Availto Com Stockholders": -47276000.0,
        "Average Dilution Earnings": 0.0,
        "Net Income Common Stockholders": -47276000.0,
        "Net Income": -47276000.0,
        "Net Income Including Noncontrolling Interests": -47276000.0,
        "Net Income Continuous Operations": -47276000.0,
        "Tax Provision": -186000.0,
        "Pretax Income": -47462000.0,
        "Other Income Expense": -34423000.0,
        "Other Non Operating Income Expenses": NaN,
        "Special Income Charges": -34423000.0,
        "Other Special Charges": 34423000.0,
        "Net Non Operating Interest Income Expense": -2975000.0,
        "Total Other Finance Cost": 298000.0,
        "Interest Expense Non Operating": 2677000.0,
        "Interest Income Non Operating": NaN,
        "Operating Income": -10064000.0,
        "Operating Expense": 45108000.0,
        "Research And Development": 6859000.0,
        "Selling General And Administration": 38249000.0,
        "Selling And Marketing Expense": 27001000.0,
        "General And Administrative Expense": 11248000.0,
        "Other Gand A": 11248000.0,
        "Gross Profit": 35044000.0,
        "Cost Of Revenue": 29180000.0,
        "Total Revenue": 64224000.0,
        "Operating Revenue": 64224000.0
    },
    "2022-03-31": {
        "Diluted EPS": -0.84,
        "Total Revenue": 58,
        "Gross Profit": 32,
        "Operating Income": -13,
        "EBIT": -12,
        "Net Income": -15
    },
    "2021-12-31": {
        "Diluted EPS": -0.18,
        "Total Revenue": 66,
        "Gross Profit": 38,
        "Operating Income": -2,
        "EBIT": -1,
        "Net Income": -4
    },
    "2021-09-30": {
        "Diluted EPS": -0.08,
        "Total Revenue": 57,
        "Gross Profit": 33,
        "Operating Income": 1,
        "EBIT": 2,
        "Net Income": -1
    },
    "2021-06-30": {
        "Diluted EPS": 0.39,
        "Total Revenue": 59,
        "Gross Profit": 34,
        "Operating Income": 2,
        "EBIT": 3,
        "Net Income": 8
    },
    "2021-03-31": {
        "Diluted EPS": -0.02,
        "Total Revenue": 50,
        "Gross Profit": 28,
        "Operating Income": 1,
        "EBIT": 2,
        "Net Income": 0
    },
    "2020-12-31": {
        "Diluted EPS": 0.23,
        "Total Revenue": 50,
        "Gross Profit": 28,
        "Operating Income": 1,
        "EBIT": 2,
        "Net Income": 2
    },
    "2020-09-30": {
        "Diluted EPS": -0.13,
        "Total Revenue": 39,
        "Gross Profit": 22,
        "Operating Income": -1,
        "EBIT": 0,
        "Net Income": -2
    },
    "2020-06-30": {
        "Diluted EPS": -0.67,
        "Total Revenue": 26,
        "Gross Profit": 12,
        "Operating Income": -11,
        "EBIT": -10,
        "Net Income": -11
    },
    "2020-03-31": {
        "Diluted EPS": -0.86,
        "Total Revenue": 32,
        "Gross Profit": 14,
        "Operating Income": -12,
        "EBIT": -11,
        "Net Income": -12
    },
    "2019-12-31": {
        "Diluted EPS": -0.14,
        "Total Revenue": 52,
        "Gross Profit": 29,
        "Operating Income": -2,
        "EBIT": -1,
        "Net Income": -2
    },
    "2019-09-30": {
        "Diluted EPS": -0.19,
        "Total Revenue": 46,
        "Gross Profit": 26,
        "Operating Income": -2,
        "EBIT": -1,
        "Net Income": -3
    },
    "2019-06-30": {
        "Diluted EPS": 0.04,
        "Total Revenue": 48,
        "Gross Profit": 26,
        "Operating Income": 0,
        "EBIT": 1,
        "Net Income": 1
    },
    "2019-03-31": {
        "Diluted EPS": -0.59,
        "Total Revenue": 36,
        "Gross Profit": 17,
        "Operating Income": -8,
        "EBIT": -7,
        "Net Income": -8
    },
    "2018-12-31": {
        "Diluted EPS": -1.91,
        "Total Revenue": 45,
        "Gross Profit": 19,
        "Operating Income": -5,
        "EBIT": -5,
        "Net Income": -26
    },
    "2018-09-30": {
        "Diluted EPS": -0.06,
        "Total Revenue": 41,
        "Gross Profit": 22,
        "Operating Income": -1,
        "EBIT": 0,
        "Net Income": -1
    },
    "2018-06-30": {
        "Diluted EPS": -0.11,
        "Total Revenue": 43,
        "Gross Profit": 22,
        "Operating Income": -2,
        "EBIT": -1,
        "Net Income": -2
    },
    "2018-03-31": {
        "Diluted EPS": -0.15,
        "Total Revenue": 34,
        "Gross Profit": 17,
        "Operating Income": -5,
        "EBIT": -4,
        "Net Income": -2
    },
    "2017-12-31": {
        "Diluted EPS": 1.56,
        "Total Revenue": 48,
        "Gross Profit": 27,
        "Operating Income": 5,
        "EBIT": 5,
        "Net Income": 23
    },
    "2017-09-30": {
        "Diluted EPS": 0.42,
        "Total Revenue": 38,
        "Gross Profit": 22,
        "Operating Income": 6,
        "EBIT": 6,
        "Net Income": 6
    },
    "2017-06-30": {
        "Diluted EPS": 0.13,
        "Total Revenue": 36,
        "Gross Profit": 21,
        "Operating Income": 2,
        "EBIT": 2,
        "Net Income": 2
    },
    "2017-03-31": {
        "Diluted EPS": -0.07,
        "Total Revenue": 29,
        "Gross Profit": 16,
        "Operating Income": -1,
        "EBIT": -1,
        "Net Income": -1
    },
    "2016-12-31": {
        "Diluted EPS": 0.32,
        "Total Revenue": 38,
        "Gross Profit": 22,
        "Operating Income": 4,
        "EBIT": 5,
        "Net Income": 4
    },
    "2016-09-30": {
        "Diluted EPS": 0.12,
        "Total Revenue": 30,
        "Gross Profit": 18,
        "Operating Income": 2,
        "EBIT": 2,
        "Net Income": 2
    },
    "2016-06-30": {
        "Diluted EPS": -0.09,
        "Total Revenue": 27,
        "Gross Profit": 16,
        "Operating Income": -1,
        "EBIT": -1,
        "Net Income": -1
    },
    "2016-03-31": {
        "Diluted EPS": -0.16,
        "Total Revenue": 22,
        "Gross Profit": 12,
        "Operating Income": -2,
        "EBIT": -2,
        "Net Income": -2
    },
    "2015-12-31": {
        "Diluted EPS": 0.13,
        "Total Revenue": 30,
        "Gross Profit": 18,
        "Operating Income": 2,
        "EBIT": 2,
        "Net Income": 2
    },
    "2015-09-30": {
        "Diluted EPS": -0.07,
        "Total Revenue": 23,
        "Gross Profit": 13,
        "Operating Income": -1,
        "EBIT": -1,
        "Net Income": -1
    },
    "2015-06-30": {
        "Diluted EPS": -0.13,
        "Total Revenue": 23,
        "Gross Profit": 13,
        "Operating Income": -2,
        "EBIT": -2,
        "Net Income": -2
    },
    "2015-03-31": {
        "Diluted EPS": -0.25,
        "Total Revenue": 19,
        "Gross Profit": 10,
        "Operating Income": -4,
        "EBIT": -3,
        "Net Income": -4
    },
    "2014-12-31": {
        "Diluted EPS": -0.11,
        "Total Revenue": 25,
        "Gross Profit": 14,
        "Operating Income": -2,
        "EBIT": -1,
        "Net Income": -2
    },
    "2014-09-30": {
        "Diluted EPS": -0.18,
        "Total Revenue": 19,
        "Gross Profit": 11,
        "Operating Income": -3,
        "EBIT": -2,
        "Net Income": -3
    },
    "2014-06-30": {
        "Diluted EPS": -0.19,
        "Total Revenue": 18,
        "Gross Profit": 10,
        "Operating Income": -3,
        "EBIT": -3,
        "Net Income": -3
    },
    "2014-03-31": {
        "Diluted EPS": -0.26,
        "Total Revenue": 16,
        "Gross Profit": 9,
        "Operating Income": -4,
        "EBIT": -3,
        "Net Income": -4
    },
    "2013-12-31": {
        "Diluted EPS": -0.03,
        "Total Revenue": 22,
        "Gross Profit": 13,
        "Operating Income": 0,
        "EBIT": 0,
        "Net Income": 0
    },
    "2013-09-30": {
        "Diluted EPS": -0.11,
        "Total Revenue": 17,
        "Gross Profit": 9,
        "Operating Income": -2,
        "EBIT": -2,
        "Net Income": -2
    },
    "2013-06-30": {
        "Diluted EPS": -0.04,
        "Total Revenue": 20,
        "Gross Profit": 11,
        "Operating Income": -1,
        "EBIT": 0,
        "Net Income": -1
    },
    "2013-03-31": {
        "Diluted EPS": -0.15,
        "Total Revenue": 16,
        "Gross Profit": 9,
        "Operating Income": -2,
        "EBIT": -2,
        "Net Income": -2
    },
    "2012-12-31": {
        "Diluted EPS": 0.08,
        "Total Revenue": 23,
        "Gross Profit": 13,
        "Operating Income": 1,
        "EBIT": 1,
        "Net Income": 1
    },
    "2012-09-30": {
        "Diluted EPS": -0.06,
        "Total Revenue": 19,
        "Gross Profit": 11,
        "Operating Income": -1,
        "EBIT": -1,
        "Net Income": -1
    },
    "2012-06-30": {
        "Diluted EPS": -0.1,
        "Total Revenue": 20,
        "Gross Profit": 10,
        "Operating Income": -2,
        "EBIT": -1,
        "Net Income": -1
    },
    "2012-03-31": {
        "Diluted EPS": -0.38,
        "Total Revenue": 16,
        "Gross Profit": 8,
        "Operating Income": -5,
        "EBIT": -5,
        "Net Income": -5
    },
    "2011-12-31": {
        "Diluted EPS": -0.06,
        "Total Revenue": 19,
        "Gross Profit": 11,
        "Operating Income": -1,
        "EBIT": -1,
        "Net Income": -1
    },
    "2011-09-30": {
        "Diluted EPS": -0.21,
        "Total Revenue": 15,
        "Gross Profit": 8,
        "Operating Income": -3,
        "EBIT": -2,
        "Net Income": -3
    },
    "2011-06-30": {
        "Diluted EPS": -0.18,
        "Total Revenue": 15,
        "Gross Profit": 8,
        "Operating Income": -3,
        "EBIT": -3,
        "Net Income": -2
    },
    "2011-03-31": {
        "Diluted EPS": -0.28,
        "Total Revenue": 12,
        "Gross Profit": 6,
        "Operating Income": -4,
        "EBIT": -4,
        "Net Income": -4
    },
    "2010-12-31": {
        "Diluted EPS": -0.1,
        "Total Revenue": 15,
        "Gross Profit": 9,
        "Operating Income": -2,
        "EBIT": -1,
        "Net Income": -1
    },
    "2010-09-30": {
        "Diluted EPS": -0.25,
        "Total Revenue": 12,
        "Gross Profit": 6,
        "Operating Income": -4,
        "EBIT": -3,
        "Net Income": -3
    },
    "2010-06-30": {
        "Diluted EPS": -0.28,
        "Total Revenue": 12,
        "Gross Profit": 7,
        "Operating Income": -4,
        "EBIT": -4,
        "Net Income": -4
    },
    "2010-03-31": {
        "Diluted EPS": -0.15,
        "Total Revenue": 14,
        "Gross Profit": 8,
        "Operating Income": -2,
        "EBIT": -2,
        "Net Income": -2
    },
    "2009-12-31": {
        "Diluted EPS": 0.0,
        "Total Revenue": 15,
        "Gross Profit": 10,
        "Operating Income": 0,
        "EBIT": 0,
        "Net Income": 0
    },
    "2009-09-30": {
        "Diluted EPS": -1.01,
        "Total Revenue": 12,
        "Gross Profit": 7,
        "Operating Income": -2,
        "EBIT": -1,
        "Net Income": -13
    },
    "2009-06-30": {
        "Diluted EPS": -0.18,
        "Total Revenue": 12,
        "Gross Profit": 7,
        "Operating Income": -5,
        "EBIT": -4,
        "Net Income": -2
    },
    "2009-03-31": {
        "Diluted EPS": -0.14,
        "Total Revenue": 14,
        "Gross Profit": 8,
        "Operating Income": -4,
        "EBIT": -3,
        "Net Income": -2
    },
    "2023-06-30": {
        "Tax Effect Of Unusual Items": 0.0,
        "Tax Rate For Calcs": 0.21,
        "Normalized EBITDA": -28165000.0,
        "Total Unusual Items": 0.0,
        "Total Unusual Items Excluding Goodwill": 0.0,
        "Net Income From Continuing Operation Net Minority Interest": -33278000.0,
        "Reconciled Depreciation": 1829000.0,
        "Reconciled Cost Of Revenue": 35742000.0,
        "EBITDA": -28165000.0,
        "EBIT": -29994000.0,
        "Net Interest Income": -1336000.0,
        "Interest Expense": 2958000.0,
        "Interest Income": 2179000.0,
        "Normalized Income": -33278000.0,
        "Net Income From Continuing And Discontinued Operation": -33278000.0,
        "Total Expenses": 92988000.0,
        "Total Operating Income As Reported": -31163000.0,
        "Diluted Average Shares": 19858000.0,
        "Basic Average Shares": 19858000.0,
        "Diluted EPS": -1.59,
        "Basic EPS": -1.59,
        "Diluted NI Availto Com Stockholders": -33278000.0,
        "Net Income Common Stockholders": -33278000.0,
        "Net Income": -33278000.0,
        "Net Income Including Noncontrolling Interests": -33278000.0,
        "Net Income Continuous Operations": -33278000.0,
        "Tax Provision": 326000.0,
        "Pretax Income": -32952000.0,
        "Other Income Expense": -453000.0,
        "Other Non Operating Income Expenses": -453000.0,
        "Special Income Charges": 0.0,
        "Other Special Charges": NaN,
        "Net Non Operating Interest Income Expense": -1336000.0,
        "Total Other Finance Cost": 557000.0,
        "Interest Expense Non Operating": 2958000.0,
        "Interest Income Non Operating": 2179000.0,
        "Operating Income": -31163000.0,
        "Operating Expense": 57246000.0,
        "Research And Development": 5784000.0,
        "Selling General And Administration": 51462000.0,
        "Selling And Marketing Expense": 33271000.0,
        "General And Administrative Expense": 18191000.0,
        "Other Gand A": 18191000.0,
        "Gross Profit": 26083000.0,
        "Cost Of Revenue": 35742000.0,
        "Total Revenue": 61825000.0,
        "Operating Revenue": 61825000.0
    },
    "2023-09-30": {
        "Tax Effect Of Unusual Items": 0.0,
        "Tax Rate For Calcs": 0.21,
        "Normalized EBITDA": -39181000.0,
        "Total Unusual Items": 0.0,
        "Total Unusual Items Excluding Goodwill": 0.0,
        "Net Income From Continuing Operation Net Minority Interest": -44274000.0,
        "Reconciled Depreciation": 1987000.0,
        "Reconciled Cost Of Revenue": 40021000.0,
        "EBITDA": -39181000.0,
        "EBIT": -41168000.0,
        "Net Interest Income": -1212000.0,
        "Interest Expense": 2939000.0,
        "Interest Income": 2288000.0,
        "Normalized Income": -44274000.0,
        "Net Income From Continuing And Discontinued Operation": -44274000.0,
        "Total Expenses": 87425000.0,
        "Total Operating Income As Reported": -40947000.0,
        "Diluted Average Shares": 19932000.0,
        "Basic Average Shares": 19932000.0,
        "Diluted EPS": -2.22,
        "Basic EPS": -2.22,
        "Diluted NI Availto Com Stockholders": -44274000.0,
        "Net Income Common Stockholders": -44274000.0,
        "Net Income": -44274000.0,
        "Net Income Including Noncontrolling Interests": -44274000.0,
        "Net Income Continuous Operations": -44274000.0,
        "Tax Provision": 167000.0,
        "Pretax Income": -44107000.0,
        "Other Income Expense": -1948000.0,
        "Other Non Operating Income Expenses": -1948000.0,
        "Special Income Charges": 0.0,
        "Other Special Charges": NaN,
        "Net Non Operating Interest Income Expense": -1212000.0,
        "Total Other Finance Cost": 561000.0,
        "Interest Expense Non Operating": 2939000.0,
        "Interest Income Non Operating": 2288000.0,
        "Operating Income": -40947000.0,
        "Operating Expense": 47404000.0,
        "Research And Development": 4592000.0,
        "Selling General And Administration": 42812000.0,
        "Selling And Marketing Expense": 25808000.0,
        "General And Administrative Expense": 17004000.0,
        "Other Gand A": 17004000.0,
        "Gross Profit": 6457000.0,
        "Cost Of Revenue": 40021000.0,
        "Total Revenue": 46478000.0,
        "Operating Revenue": 46478000.0
    },
    "2023-12-31": {
        "Tax Effect Of Unusual Items": 0.0,
        "Tax Rate For Calcs": 0.21,
        "Normalized EBITDA": -50170000.0,
        "Total Unusual Items": 0.0,
        "Total Unusual Items Excluding Goodwill": 0.0,
        "Net Income From Continuing Operation Net Minority Interest": -57233000.0,
        "Reconciled Depreciation": 3350000.0,
        "Reconciled Cost Of Revenue": 62218000.0,
        "EBITDA": -50170000.0,
        "EBIT": -53520000.0,
        "Net Interest Income": -1265000.0,
        "Interest Expense": 2944000.0,
        "Interest Income": 2245000.0,
        "Normalized Income": -57233000.0,
        "Net Income From Continuing And Discontinued Operation": -57233000.0,
        "Total Expenses": 107059000.0,
        "Total Operating Income As Reported": -57519000.0,
        "Diluted Average Shares": 19958000.0,
        "Basic Average Shares": 19958000.0,
        "Diluted EPS": -2.27,
        "Basic EPS": -2.27,
        "Diluted NI Availto Com Stockholders": -57233000.0,
        "Net Income Common Stockholders": -57233000.0,
        "Net Income": -57233000.0,
        "Net Income Including Noncontrolling Interests": -57233000.0,
        "Net Income Continuous Operations": -57233000.0,
        "Tax Provision": 769000.0,
        "Pretax Income": -56464000.0,
        "Other Income Expense": 2320000.0,
        "Other Non Operating Income Expenses": 2320000.0,
        "Special Income Charges": 0.0,
        "Other Special Charges": NaN,
        "Net Non Operating Interest Income Expense": -1265000.0,
        "Total Other Finance Cost": 566000.0,
        "Interest Expense Non Operating": 2944000.0,
        "Interest Income Non Operating": 2245000.0,
        "Operating Income": -57519000.0,
        "Operating Expense": 44841000.0,
        "Research And Development": 4564000.0,
        "Selling General And Administration": 40277000.0,
        "Selling And Marketing Expense": 24412000.0,
        "General And Administrative Expense": 15865000.0,
        "Other Gand A": 15865000.0,
        "Gross Profit": -12678000.0,
        "Cost Of Revenue": 62218000.0,
        "Total Revenue": 49540000.0,
        "Operating Revenue": 49540000.0
    },
    "2024-03-31": {
        "Tax Effect Of Unusual Items": 10643.336403,
        "Tax Rate For Calcs": 0.001096,
        "Normalized EBITDA": -27581000.0,
        "Total Unusual Items": 9708000.0,
        "Total Unusual Items Excluding Goodwill": 9708000.0,
        "Net Income From Continuing Operation Net Minority Interest": -22778000.0,
        "Reconciled Depreciation": 1991000.0,
        "Reconciled Cost Of Revenue": 26374000.0,
        "EBITDA": -17873000.0,
        "EBIT": -19864000.0,
        "Net Interest Income": -2055000.0,
        "Interest Expense": 2939000.0,
        "Interest Income": 1455000.0,
        "Normalized Income": -32475356.663597,
        "Net Income From Continuing And Discontinued Operation": -22778000.0,
        "Total Expenses": 67933000.0,
        "Total Operating Income As Reported": -19432000.0,
        "Diluted Average Shares": 19991000.0,
        "Basic Average Shares": 19991000.0,
        "Diluted EPS": -1.14,
        "Basic EPS": -1.14,
        "Diluted NI Availto Com Stockholders": -22778000.0,
        "Net Income Common Stockholders": -22778000.0,
        "Net Income": -22778000.0,
        "Net Income Including Noncontrolling Interests": -22778000.0,
        "Net Income Continuous Operations": -22778000.0,
        "Tax Provision": -25000.0,
        "Pretax Income": -22803000.0,
        "Other Income Expense": 8392000.0,
        "Other Non Operating Income Expenses": -1316000.0,
        "Special Income Charges": 9708000.0,
        "Other Special Charges": -9708000.0,
        "Net Non Operating Interest Income Expense": -2055000.0,
        "Total Other Finance Cost": 571000.0,
        "Interest Expense Non Operating": 2939000.0,
        "Interest Income Non Operating": 1455000.0,
        "Operating Income": -29140000.0,
        "Operating Expense": 41559000.0,
        "Research And Development": 5001000.0,
        "Selling General And Administration": 36558000.0,
        "Selling And Marketing Expense": 23677000.0,
        "General And Administrative Expense": 12881000.0,
        "Other Gand A": 12881000.0,
        "Gross Profit": 12419000.0,
        "Cost Of Revenue": 26374000.0,
        "Total Revenue": 38793000.0,
        "Operating Revenue": 38793000.0
    },
    "2024-06-30": {
        "Tax Effect Of Unusual Items": 0.0,
        "Tax Rate For Calcs": 0.000769,
        "Normalized EBITDA": -19937000.0,
        "Total Unusual Items": 0.0,
        "Total Unusual Items Excluding Goodwill": 0.0,
        "Net Income From Continuing Operation Net Minority Interest": -24681000.0,
        "Reconciled Depreciation": 1804000.0,
        "Reconciled Cost Of Revenue": 26733000.0,
        "EBITDA": -19937000.0,
        "EBIT": -21741000.0,
        "Net Interest Income": -2509000.0,
        "Interest Expense": 2959000.0,
        "Interest Income": 1025000.0,
        "Normalized Income": -24681000.0,
        "Net Income From Continuing And Discontinued Operation": -24681000.0,
        "Total Expenses": 56181000.0,
        "Total Operating Income As Reported": -21804000.0,
        "Diluted Average Shares": 20091000.0,
        "Basic Average Shares": 20091000.0,
        "Diluted EPS": -1.23,
        "Basic EPS": -1.23,
        "Diluted NI Availto Com Stockholders": -24681000.0,
        "Net Income Common Stockholders": -24681000.0,
        "Net Income": -24681000.0,
        "Net Income Including Noncontrolling Interests": -24681000.0,
        "Net Income Continuous Operations": -24681000.0,
        "Tax Provision": -19000.0,
        "Pretax Income": -24700000.0,
        "Other Income Expense": -387000.0,
        "Other Non Operating Income Expenses": -387000.0,
        "Special Income Charges": 0.0,
        "Other Special Charges": NaN,
        "Net Non Operating Interest Income Expense": -2509000.0,
        "Total Other Finance Cost": 575000.0,
        "Interest Expense Non Operating": 2959000.0,
        "Interest Income Non Operating": 1025000.0,
        "Operating Income": -21804000.0,
        "Operating Expense": 29448000.0,
        "Research And Development": 4463000.0,
        "Selling General And Administration": 24985000.0,
        "Selling And Marketing Expense": 20664000.0,
        "General And Administrative Expense": 4321000.0,
        "Other Gand A": 4321000.0,
        "Gross Profit": 7644000.0,
        "Cost Of Revenue": 26733000.0,
        "Total Revenue": 34377000.0,
        "Operating Revenue": 34377000.0
    },
    "2024-09-30": {
        "Tax Effect Of Unusual Items": 0.0,
        "Tax Rate For Calcs": 0.21,
        "Normalized EBITDA": -33785000.0,
        "Total Unusual Items": 0.0,
        "Total Unusual Items Excluding Goodwill": 0.0,
        "Net Income From Continuing Operation Net Minority Interest": -39018000.0,
        "Reconciled Depreciation": 1669000.0,
        "Reconciled Cost Of Revenue": 30687000.0,
        "EBITDA": -33785000.0,
        "EBIT": -35454000.0,
        "Net Interest Income": -2883000.0,
        "Interest Expense": 3071000.0,
        "Interest Income": 768000.0,
        "Normalized Income": -39018000.0,
        "Net Income From Continuing And Discontinued Operation": -39018000.0,
        "Total Expenses": 68717000.0,
        "Total Operating Income As Reported": -36217000.0,
        "Diluted Average Shares": 20154000.0,
        "Basic Average Shares": 20154000.0,
        "Diluted EPS": -1.94,
        "Basic EPS": -1.94,
        "Diluted NI Availto Com Stockholders": -39018000.0,
        "Net Income Common Stockholders": -39018000.0,
        "Net Income": -39018000.0,
        "Net Income Including Noncontrolling Interests": -39018000.0,
        "Net Income Continuous Operations": -39018000.0,
        "Tax Provision": 493000.0,
        "Pretax Income": -38525000.0,
        "Other Income Expense": 575000.0,
        "Other Non Operating Income Expenses": 575000.0,
        "Special Income Charges": 0.0,
        "Other Special Charges": NaN,
        "Net Non Operating Interest Income Expense": -2883000.0,
        "Total Other Finance Cost": 580000.0,
        "Interest Expense Non Operating": 3071000.0,
        "Interest Income Non Operating": 768000.0,
        "Operating Income": -36217000.0,
        "Operating Expense": 38030000.0,
        "Research And Development": 4353000.0,
        "Selling General And Administration": 33677000.0,
        "Selling And Marketing Expense": 18928000.0,
        "General And Administrative Expense": 14749000.0,
        "Other Gand A": 14749000.0,
        "Gross Profit": 1813000.0,
        "Cost Of Revenue": 30687000.0,
        "Total Revenue": 32500000.0,
        "Operating Revenue": 32500000.0
    }
}