{
    "2023-06-30": {
        "Tax Effect Of Unusual Items": 0.0,
        "Tax Rate For Calcs": 0.282,
        "Total Unusual Items": 0.0,
        "Total Unusual Items Excluding Goodwill": 0.0,
        "Net Income From Continuing Operation Net Minority Interest": 55770000.0,
        "Reconciled Depreciation": 3887000.0,
        "Net Interest Income": 119052000.0,
        "Interest Expense": 29704000.0,
        "Interest Income": 148756000.0,
        "Normalized Income": 55770000.0,
        "Net Income From Continuing And Discontinued Operation": 55770000.0,
        "Diluted Average Shares": 138383239.0,
        "Basic Average Shares": 138330131.0,
        "Diluted EPS": 0.4,
        "Basic EPS": 0.4,
        "Diluted NI Availto Com Stockholders": 55380000.0,
        "Net Income Common Stockholders": 55380000.0,
        "Otherunder Preferred Stock Dividend": 390000.0,
        "Net Income": 55770000.0,
        "Net Income Including Noncontrolling Interests": 55770000.0,
        "Net Income Continuous Operations": 55770000.0,
        "Tax Provision": 21904000.0,
        "Pretax Income": 77674000.0,
        "Special Income Charges": 0.0,
        "Other Special Charges": NaN,
        "Restructuring And Mergern Acquisition": 0.0,
        "Gain On Sale Of Security": 0.0,
        "Depreciation Amortization Depletion Income Statement": 1719000.0,
        "Depreciation And Amortization In Income Statement": 1719000.0,
        "Amortization": 1719000.0,
        "Amortization Of Intangibles Income Statement": 1719000.0,
        "Selling General And Administration": 35595000.0,
        "Selling And Marketing Expense": 1321000.0,
        "General And Administrative Expense": 34274000.0,
        "Insurance And Claims": 506000.0,
        "Salaries And Wages": 33768000.0,
        "Total Revenue": 132009000.0,
        "Operating Revenue": 132009000.0,
        "Occupancy And Equipment": 5517000.0,
        "Professional Expense And Contract Services Expense": 2562000.0,
        "Other Non Interest Expense": 8042000.0
    },
    "2023-03-31": {
        "Tax Effect Of Unusual Items": NaN,
        "Tax Rate For Calcs": NaN,
        "Total Unusual Items": 0.0,
        "Total Unusual Items Excluding Goodwill": 0.0,
        "Net Income From Continuing Operation Net Minority Interest": NaN,
        "Reconciled Depreciation": NaN,
        "Net Interest Income": NaN,
        "Interest Expense": NaN,
        "Interest Income": NaN,
        "Normalized Income": NaN,
        "Net Income From Continuing And Discontinued Operation": NaN,
        "Diluted Average Shares": NaN,
        "Basic Average Shares": NaN,
        "Diluted EPS": NaN,
        "Basic EPS": NaN,
        "Diluted NI Availto Com Stockholders": NaN,
        "Net Income Common Stockholders": NaN,
        "Otherunder Preferred Stock Dividend": NaN,
        "Net Income": NaN,
        "Net Income Including Noncontrolling Interests": NaN,
        "Net Income Continuous Operations": NaN,
        "Tax Provision": NaN,
        "Pretax Income": NaN,
        "Special Income Charges": 0.0,
        "Other Special Charges": NaN,
        "Restructuring And Mergern Acquisition": 0.0,
        "Gain On Sale Of Security": NaN,
        "Depreciation Amortization Depletion Income Statement": NaN,
        "Depreciation And Amortization In Income Statement": NaN,
        "Amortization": NaN,
        "Amortization Of Intangibles Income Statement": NaN,
        "Selling General And Administration": NaN,
        "Selling And Marketing Expense": NaN,
        "General And Administrative Expense": NaN,
        "Insurance And Claims": 505000.0,
        "Salaries And Wages": NaN,
        "Total Revenue": NaN,
        "Operating Revenue": NaN,
        "Occupancy And Equipment": NaN,
        "Professional Expense And Contract Services Expense": NaN,
        "Other Non Interest Expense": NaN
    },
    "2022-12-31": {
        "Tax Effect Of Unusual Items": NaN,
        "Tax Rate For Calcs": NaN,
        "Total Unusual Items": 0.0,
        "Total Unusual Items Excluding Goodwill": 0.0,
        "Net Income From Continuing Operation Net Minority Interest": NaN,
        "Reconciled Depreciation": NaN,
        "Net Interest Income": NaN,
        "Interest Expense": NaN,
        "Interest Income": NaN,
        "Normalized Income": NaN,
        "Net Income From Continuing And Discontinued Operation": NaN,
        "Diluted Average Shares": NaN,
        "Basic Average Shares": NaN,
        "Diluted EPS": NaN,
        "Basic EPS": NaN,
        "Diluted NI Availto Com Stockholders": NaN,
        "Net Income Common Stockholders": NaN,
        "Otherunder Preferred Stock Dividend": NaN,
        "Net Income": NaN,
        "Net Income Including Noncontrolling Interests": NaN,
        "Net Income Continuous Operations": NaN,
        "Tax Provision": NaN,
        "Pretax Income": NaN,
        "Special Income Charges": 0.0,
        "Other Special Charges": 0.0,
        "Restructuring And Mergern Acquisition": 0.0,
        "Gain On Sale Of Security": NaN,
        "Depreciation Amortization Depletion Income Statement": NaN,
        "Depreciation And Amortization In Income Statement": NaN,
        "Amortization": NaN,
        "Amortization Of Intangibles Income Statement": NaN,
        "Selling General And Administration": NaN,
        "Selling And Marketing Expense": NaN,
        "General And Administrative Expense": NaN,
        "Insurance And Claims": NaN,
        "Salaries And Wages": NaN,
        "Total Revenue": NaN,
        "Operating Revenue": NaN,
        "Occupancy And Equipment": NaN,
        "Professional Expense And Contract Services Expense": NaN,
        "Other Non Interest Expense": NaN
    },
    "2022-09-30": {
        "Tax Effect Of Unusual Items": NaN,
        "Tax Rate For Calcs": NaN,
        "Total Unusual Items": NaN,
        "Total Unusual Items Excluding Goodwill": NaN,
        "Net Income From Continuing Operation Net Minority Interest": NaN,
        "Reconciled Depreciation": NaN,
        "Net Interest Income": NaN,
        "Interest Expense": NaN,
        "Interest Income": NaN,
        "Normalized Income": NaN,
        "Net Income From Continuing And Discontinued Operation": NaN,
        "Diluted Average Shares": NaN,
        "Basic Average Shares": NaN,
        "Diluted EPS": NaN,
        "Basic EPS": NaN,
        "Diluted NI Availto Com Stockholders": NaN,
        "Net Income Common Stockholders": NaN,
        "Otherunder Preferred Stock Dividend": NaN,
        "Net Income": NaN,
        "Net Income Including Noncontrolling Interests": NaN,
        "Net Income Continuous Operations": NaN,
        "Tax Provision": NaN,
        "Pretax Income": NaN,
        "Special Income Charges": NaN,
        "Other Special Charges": NaN,
        "Restructuring And Mergern Acquisition": NaN,
        "Gain On Sale Of Security": NaN,
        "Depreciation Amortization Depletion Income Statement": NaN,
        "Depreciation And Amortization In Income Statement": NaN,
        "Amortization": NaN,
        "Amortization Of Intangibles Income Statement": NaN,
        "Selling General And Administration": NaN,
        "Selling And Marketing Expense": NaN,
        "General And Administrative Expense": NaN,
        "Other Gand A": 3243000.0,
        "Insurance And Claims": 486000.0,
        "Salaries And Wages": NaN,
        "Total Revenue": NaN,
        "Operating Revenue": NaN
    },
    "2022-06-30": {
        "Tax Effect Of Unusual Items": -105375.0,
        "Tax Rate For Calcs": 0.281,
        "Total Unusual Items": -375000.0,
        "Total Unusual Items Excluding Goodwill": -375000.0,
        "Net Income From Continuing Operation Net Minority Interest": 59058000.0,
        "Reconciled Depreciation": 1998000.0,
        "Net Interest Income": 121667000.0,
        "Interest Expense": 1322000.0,
        "Interest Income": 122989000.0,
        "Normalized Income": 59327625.0,
        "Net Income From Continuing And Discontinued Operation": 59058000.0,
        "Diluted Average Shares": 140053000.0,
        "Basic Average Shares": 139748000.0,
        "Diluted EPS": 0.42,
        "Basic EPS": 0.42,
        "Diluted NI Availto Com Stockholders": 59058000.0,
        "Net Income Common Stockholders": 59058000.0,
        "Otherunder Preferred Stock Dividend": 398000.0,
        "Net Income": 59058000.0,
        "Net Income Including Noncontrolling Interests": 59058000.0,
        "Net Income Continuous Operations": 59058000.0,
        "Tax Provision": 23081000.0,
        "Pretax Income": 82139000.0,
        "Special Income Charges": -375000.0,
        "Other Special Charges": -2717000.0,
        "Restructuring And Mergern Acquisition": 375000.0,
        "Gain On Sale Of Security": 0.0,
        "Depreciation Amortization Depletion Income Statement": 1998000.0,
        "Depreciation And Amortization In Income Statement": 1998000.0,
        "Amortization": 1998000.0,
        "Amortization Of Intangibles Income Statement": 1998000.0,
        "Selling General And Administration": 36294000.0,
        "Selling And Marketing Expense": 1638000.0,
        "General And Administrative Expense": 34656000.0,
        "Other Gand A": 3103000.0,
        "Insurance And Claims": 494000.0,
        "Salaries And Wages": 31553000.0,
        "Total Revenue": 136610000.0,
        "Operating Revenue": 136610000.0
    },
    "2022-03-31": {
        "Diluted EPS": 0.31,
        "Total Revenue": 125,
        "Gross Profit": 124,
        "Operating Income": 69,
        "EBIT": NaN,
        "Net Income": 45
    },
    "2021-12-31": {
        "Diluted EPS": 0.34,
        "Total Revenue": 116,
        "Gross Profit": 115,
        "Operating Income": 67,
        "EBIT": NaN,
        "Net Income": 48
    },
    "2021-09-30": {
        "Diluted EPS": 0.37,
        "Total Revenue": 115,
        "Gross Profit": 114,
        "Operating Income": 70,
        "EBIT": NaN,
        "Net Income": 50
    },
    "2021-06-30": {
        "Diluted EPS": 0.38,
        "Total Revenue": 118,
        "Gross Profit": 116,
        "Operating Income": 71,
        "EBIT": NaN,
        "Net Income": 51
    },
    "2021-03-31": {
        "Diluted EPS": 0.47,
        "Total Revenue": 119,
        "Gross Profit": 117,
        "Operating Income": 89,
        "EBIT": NaN,
        "Net Income": 64
    },
    "2020-12-31": {
        "Diluted EPS": 0.37,
        "Total Revenue": 122,
        "Gross Profit": 119,
        "Operating Income": 71,
        "EBIT": NaN,
        "Net Income": 50
    },
    "2020-09-30": {
        "Diluted EPS": 0.35,
        "Total Revenue": 120,
        "Gross Profit": 116,
        "Operating Income": 67,
        "EBIT": NaN,
        "Net Income": 47
    },
    "2020-06-30": {
        "Diluted EPS": 0.31,
        "Total Revenue": 120,
        "Gross Profit": 117,
        "Operating Income": 59,
        "EBIT": NaN,
        "Net Income": 41
    },
    "2020-03-31": {
        "Diluted EPS": 0.27,
        "Total Revenue": 119,
        "Gross Profit": 114,
        "Operating Income": 53,
        "EBIT": NaN,
        "Net Income": 38
    },
    "2019-12-31": {
        "Diluted EPS": 0.36,
        "Total Revenue": 125,
        "Gross Profit": 120,
        "Operating Income": 71,
        "EBIT": NaN,
        "Net Income": 51
    },
    "2019-09-30": {
        "Diluted EPS": 0.36,
        "Total Revenue": 125,
        "Gross Profit": 120,
        "Operating Income": 71,
        "EBIT": NaN,
        "Net Income": 50
    },
    "2019-06-30": {
        "Diluted EPS": 0.39,
        "Total Revenue": 135,
        "Gross Profit": 129,
        "Operating Income": 79,
        "EBIT": NaN,
        "Net Income": 54
    },
    "2019-03-31": {
        "Diluted EPS": 0.37,
        "Total Revenue": 132,
        "Gross Profit": 126,
        "Operating Income": 76,
        "EBIT": NaN,
        "Net Income": 52
    },
    "2018-12-31": {
        "Diluted EPS": 0.3,
        "Total Revenue": 128,
        "Gross Profit": 124,
        "Operating Income": 68,
        "EBIT": NaN,
        "Net Income": 43
    },
    "2018-09-30": {
        "Diluted EPS": 0.3,
        "Total Revenue": 107,
        "Gross Profit": 103,
        "Operating Income": 60,
        "EBIT": NaN,
        "Net Income": 38
    },
    "2018-06-30": {
        "Diluted EPS": 0.32,
        "Total Revenue": 85,
        "Gross Profit": 82,
        "Operating Income": 50,
        "EBIT": NaN,
        "Net Income": 35
    },
    "2018-03-31": {
        "Diluted EPS": 0.32,
        "Total Revenue": 86,
        "Gross Profit": 83,
        "Operating Income": 49,
        "EBIT": NaN,
        "Net Income": 35
    },
    "2017-12-31": {
        "Diluted EPS": 0.16,
        "Total Revenue": 86,
        "Gross Profit": 84,
        "Operating Income": 50,
        "EBIT": NaN,
        "Net Income": 18
    },
    "2017-09-30": {
        "Diluted EPS": 0.27,
        "Total Revenue": 84,
        "Gross Profit": 82,
        "Operating Income": 49,
        "EBIT": NaN,
        "Net Income": 30
    },
    "2017-06-30": {
        "Diluted EPS": 0.26,
        "Total Revenue": 83,
        "Gross Profit": 81,
        "Operating Income": 47,
        "EBIT": NaN,
        "Net Income": 28
    },
    "2017-03-31": {
        "Diluted EPS": 0.26,
        "Total Revenue": 76,
        "Gross Profit": 74,
        "Operating Income": 45,
        "EBIT": NaN,
        "Net Income": 28
    },
    "2016-12-31": {
        "Diluted EPS": 0.26,
        "Total Revenue": 76,
        "Gross Profit": 74,
        "Operating Income": 47,
        "EBIT": NaN,
        "Net Income": 27
    },
    "2016-09-30": {
        "Diluted EPS": 0.23,
        "Total Revenue": 74,
        "Gross Profit": 72,
        "Operating Income": 42,
        "EBIT": NaN,
        "Net Income": 25
    },
    "2016-06-30": {
        "Diluted EPS": 0.23,
        "Total Revenue": 77,
        "Gross Profit": 75,
        "Operating Income": 41,
        "EBIT": NaN,
        "Net Income": 25
    },
    "2016-03-31": {
        "Diluted EPS": 0.22,
        "Total Revenue": 73,
        "Gross Profit": 71,
        "Operating Income": 38,
        "EBIT": NaN,
        "Net Income": 23
    },
    "2015-12-31": {
        "Diluted EPS": 0.27,
        "Total Revenue": 74,
        "Gross Profit": 72,
        "Operating Income": 42,
        "EBIT": NaN,
        "Net Income": 28
    },
    "2015-09-30": {
        "Diluted EPS": 0.26,
        "Total Revenue": 76,
        "Gross Profit": 74,
        "Operating Income": 44,
        "EBIT": NaN,
        "Net Income": 28
    },
    "2015-06-30": {
        "Diluted EPS": 0.25,
        "Total Revenue": 73,
        "Gross Profit": 71,
        "Operating Income": 42,
        "EBIT": NaN,
        "Net Income": 27
    },
    "2015-03-31": {
        "Diluted EPS": 0.15,
        "Total Revenue": 72,
        "Gross Profit": 69,
        "Operating Income": 24,
        "EBIT": NaN,
        "Net Income": 16
    },
    "2014-12-31": {
        "Diluted EPS": 0.24,
        "Total Revenue": 75,
        "Gross Profit": 71,
        "Operating Income": 39,
        "EBIT": NaN,
        "Net Income": 25
    },
    "2014-09-30": {
        "Diluted EPS": 0.23,
        "Total Revenue": 73,
        "Gross Profit": 69,
        "Operating Income": 37,
        "EBIT": NaN,
        "Net Income": 24
    },
    "2014-06-30": {
        "Diluted EPS": 0.24,
        "Total Revenue": 68,
        "Gross Profit": 64,
        "Operating Income": 41,
        "EBIT": NaN,
        "Net Income": 25
    },
    "2014-03-31": {
        "Diluted EPS": 0.27,
        "Total Revenue": 73,
        "Gross Profit": 68,
        "Operating Income": 45,
        "EBIT": NaN,
        "Net Income": 29
    },
    "2013-12-31": {
        "Diluted EPS": 0.24,
        "Total Revenue": 65,
        "Gross Profit": 61,
        "Operating Income": 39,
        "EBIT": NaN,
        "Net Income": 25
    },
    "2013-09-30": {
        "Diluted EPS": 0.23,
        "Total Revenue": 63,
        "Gross Profit": 59,
        "Operating Income": 37,
        "EBIT": NaN,
        "Net Income": 24
    },
    "2013-06-30": {
        "Diluted EPS": 0.23,
        "Total Revenue": 64,
        "Gross Profit": 60,
        "Operating Income": 38,
        "EBIT": NaN,
        "Net Income": 24
    },
    "2013-03-31": {
        "Diluted EPS": 0.21,
        "Total Revenue": 66,
        "Gross Profit": 61,
        "Operating Income": 31,
        "EBIT": NaN,
        "Net Income": 22
    },
    "2012-12-31": {
        "Diluted EPS": 0.21,
        "Total Revenue": 66,
        "Gross Profit": 61,
        "Operating Income": 31,
        "EBIT": NaN,
        "Net Income": 22
    },
    "2012-09-30": {
        "Diluted EPS": 0.09,
        "Total Revenue": 68,
        "Gross Profit": 62,
        "Operating Income": 12,
        "EBIT": NaN,
        "Net Income": 9
    },
    "2012-06-30": {
        "Diluted EPS": 0.23,
        "Total Revenue": 72,
        "Gross Profit": 65,
        "Operating Income": 36,
        "EBIT": NaN,
        "Net Income": 24
    },
    "2012-03-31": {
        "Diluted EPS": 0.21,
        "Total Revenue": 71,
        "Gross Profit": 64,
        "Operating Income": 34,
        "EBIT": NaN,
        "Net Income": 22
    },
    "2011-12-31": {
        "Diluted EPS": 0.2,
        "Total Revenue": 74,
        "Gross Profit": 66,
        "Operating Income": 31,
        "EBIT": NaN,
        "Net Income": 22
    },
    "2011-09-30": {
        "Diluted EPS": 0.21,
        "Total Revenue": 76,
        "Gross Profit": 67,
        "Operating Income": 33,
        "EBIT": NaN,
        "Net Income": 22
    },
    "2011-06-30": {
        "Diluted EPS": 0.2,
        "Total Revenue": 77,
        "Gross Profit": 68,
        "Operating Income": 31,
        "EBIT": NaN,
        "Net Income": 21
    },
    "2011-03-31": {
        "Diluted EPS": 0.16,
        "Total Revenue": 76,
        "Gross Profit": 67,
        "Operating Income": 24,
        "EBIT": NaN,
        "Net Income": 17
    },
    "2010-12-31": {
        "Diluted EPS": 0.09,
        "Total Revenue": 77,
        "Gross Profit": 66,
        "Operating Income": 19,
        "EBIT": NaN,
        "Net Income": 10
    },
    "2010-09-30": {
        "Diluted EPS": 0.17,
        "Total Revenue": 113,
        "Gross Profit": 99,
        "Operating Income": 25,
        "EBIT": NaN,
        "Net Income": 18
    },
    "2010-06-30": {
        "Diluted EPS": 0.18,
        "Total Revenue": 96,
        "Gross Profit": 80,
        "Operating Income": 27,
        "EBIT": NaN,
        "Net Income": 19
    },
    "2010-03-31": {
        "Diluted EPS": 0.15,
        "Total Revenue": 88,
        "Gross Profit": 71,
        "Operating Income": 23,
        "EBIT": NaN,
        "Net Income": 16
    },
    "2009-12-31": {
        "Diluted EPS": 0.16,
        "Total Revenue": 110,
        "Gross Profit": 88,
        "Operating Income": 24,
        "EBIT": NaN,
        "Net Income": 17
    },
    "2009-09-30": {
        "Diluted EPS": 0.1,
        "Total Revenue": 91,
        "Gross Profit": 70,
        "Operating Income": 27,
        "EBIT": NaN,
        "Net Income": 10
    },
    "2009-06-30": {
        "Diluted EPS": 0.17,
        "Total Revenue": 95,
        "Gross Profit": 74,
        "Operating Income": 21,
        "EBIT": NaN,
        "Net Income": 14
    },
    "2009-03-31": {
        "Diluted EPS": 0.13,
        "Total Revenue": 95,
        "Gross Profit": 72,
        "Operating Income": 18,
        "EBIT": NaN,
        "Net Income": 11
    },
    "2023-09-30": {
        "Tax Effect Of Unusual Items": 0.0,
        "Tax Rate For Calcs": 0.282,
        "Total Unusual Items": 0.0,
        "Total Unusual Items Excluding Goodwill": 0.0,
        "Net Income From Continuing Operation Net Minority Interest": 57887000.0,
        "Reconciled Depreciation": 5650000.0,
        "Net Interest Income": 122773000.0,
        "Interest Expense": 32856000.0,
        "Interest Income": 155629000.0,
        "Normalized Income": 57887000.0,
        "Net Income From Continuing And Discontinued Operation": 57887000.0,
        "Diluted Average Shares": 138480633.0,
        "Basic Average Shares": 138345000.0,
        "Diluted EPS": 0.42,
        "Basic EPS": 0.42,
        "Diluted NI Availto Com Stockholders": 57477000.0,
        "Net Income Common Stockholders": 57477000.0,
        "Otherunder Preferred Stock Dividend": 410000.0,
        "Net Income": 57887000.0,
        "Net Income Including Noncontrolling Interests": 57887000.0,
        "Net Income Continuous Operations": 57887000.0,
        "Tax Provision": 22735000.0,
        "Pretax Income": 80622000.0,
        "Special Income Charges": 0.0,
        "Other Special Charges": NaN,
        "Restructuring And Mergern Acquisition": 0.0,
        "Gain On Sale Of Security": 2575000.0,
        "Depreciation Amortization Depletion Income Statement": 1567000.0,
        "Depreciation And Amortization In Income Statement": 1567000.0,
        "Amortization": 1567000.0,
        "Amortization Of Intangibles Income Statement": 1567000.0,
        "Selling General And Administration": 37237000.0,
        "Selling And Marketing Expense": 1628000.0,
        "General And Administrative Expense": 35609000.0,
        "Insurance And Claims": 504000.0,
        "Salaries And Wages": 35105000.0,
        "Total Revenue": 137316000.0,
        "Operating Revenue": 137316000.0,
        "Occupancy And Equipment": 5618000.0,
        "Professional Expense And Contract Services Expense": 2117000.0,
        "Other Non Interest Expense": 9055000.0
    },
    "2023-12-31": {
        "Tax Effect Of Unusual Items": 0.0,
        "Tax Rate For Calcs": 0.349663,
        "Total Unusual Items": 0.0,
        "Total Unusual Items Excluding Goodwill": 0.0,
        "Net Income From Continuing Operation Net Minority Interest": 48508000.0,
        "Reconciled Depreciation": 4184000.0,
        "Net Interest Income": 118925000.0,
        "Interest Expense": 38722000.0,
        "Interest Income": 157647000.0,
        "Normalized Income": 48508000.0,
        "Net Income From Continuing And Discontinued Operation": 48508000.0,
        "Diluted Average Shares": 138569762.0,
        "Basic Average Shares": 138368496.0,
        "Diluted EPS": 0.35,
        "Basic EPS": 0.35,
        "Diluted NI Availto Com Stockholders": 48170000.0,
        "Net Income Common Stockholders": 48170000.0,
        "Otherunder Preferred Stock Dividend": 338000.0,
        "Net Income": 48508000.0,
        "Net Income Including Noncontrolling Interests": 48508000.0,
        "Net Income Continuous Operations": 48508000.0,
        "Tax Provision": 26081000.0,
        "Pretax Income": 74589000.0,
        "Special Income Charges": 0.0,
        "Other Special Charges": NaN,
        "Restructuring And Mergern Acquisition": 0.0,
        "Gain On Sale Of Security": -2575000.0,
        "Depreciation Amortization Depletion Income Statement": 1446000.0,
        "Depreciation And Amortization In Income Statement": 1446000.0,
        "Amortization": 1446000.0,
        "Amortization Of Intangibles Income Statement": 1446000.0,
        "Selling General And Administration": 35359000.0,
        "Selling And Marketing Expense": 2092000.0,
        "General And Administrative Expense": 33267000.0,
        "Insurance And Claims": NaN,
        "Salaries And Wages": 34782000.0,
        "Total Revenue": 139364000.0,
        "Operating Revenue": 139364000.0,
        "Occupancy And Equipment": 5524000.0,
        "Professional Expense And Contract Services Expense": 2707000.0,
        "Other Non Interest Expense": 22239000.0
    },
    "2024-03-31": {
        "Tax Effect Of Unusual Items": 0.0,
        "Tax Rate For Calcs": 0.2725,
        "Total Unusual Items": NaN,
        "Total Unusual Items Excluding Goodwill": NaN,
        "Net Income From Continuing Operation Net Minority Interest": 48599000.0,
        "Reconciled Depreciation": 3092000.0,
        "Net Interest Income": 112042000.0,
        "Interest Expense": 45228000.0,
        "Interest Income": 157270000.0,
        "Normalized Income": 48599000.0,
        "Net Income From Continuing And Discontinued Operation": 48599000.0,
        "Diluted Average Shares": 138603000.0,
        "Basic Average Shares": 138429000.0,
        "Diluted EPS": 0.35,
        "Basic EPS": 0.35,
        "Diluted NI Availto Com Stockholders": 48275000.0,
        "Net Income Common Stockholders": 48275000.0,
        "Otherunder Preferred Stock Dividend": 324000.0,
        "Net Income": 48599000.0,
        "Net Income Including Noncontrolling Interests": 48599000.0,
        "Net Income Continuous Operations": 48599000.0,
        "Tax Provision": 18204000.0,
        "Pretax Income": 66803000.0,
        "Special Income Charges": NaN,
        "Other Special Charges": NaN,
        "Restructuring And Mergern Acquisition": NaN,
        "Gain On Sale Of Security": 0.0,
        "Depreciation Amortization Depletion Income Statement": 1438000.0,
        "Depreciation And Amortization In Income Statement": 1438000.0,
        "Amortization": 1438000.0,
        "Amortization Of Intangibles Income Statement": 1438000.0,
        "Selling General And Administration": 38866000.0,
        "Selling And Marketing Expense": 1630000.0,
        "General And Administrative Expense": 37236000.0,
        "Insurance And Claims": 507000.0,
        "Salaries And Wages": 36729000.0,
        "Total Revenue": 126288000.0,
        "Operating Revenue": 126288000.0,
        "Occupancy And Equipment": 5565000.0,
        "Professional Expense And Contract Services Expense": 2255000.0,
        "Other Non Interest Expense": 11361000.0
    },
    "2024-06-30": {
        "Tax Effect Of Unusual Items": 0.0,
        "Tax Rate For Calcs": 0.2725,
        "Total Unusual Items": NaN,
        "Total Unusual Items Excluding Goodwill": NaN,
        "Net Income From Continuing Operation Net Minority Interest": 50035000.0,
        "Reconciled Depreciation": 863000.0,
        "Net Interest Income": 110472000.0,
        "Interest Expense": 48223000.0,
        "Interest Income": 158695000.0,
        "Normalized Income": 50035000.0,
        "Net Income From Continuing And Discontinued Operation": 50035000.0,
        "Diluted Average Shares": 138669000.0,
        "Basic Average Shares": 138584000.0,
        "Diluted EPS": 0.36,
        "Basic EPS": 0.36,
        "Diluted NI Availto Com Stockholders": 49662000.0,
        "Net Income Common Stockholders": 49662000.0,
        "Otherunder Preferred Stock Dividend": 373000.0,
        "Net Income": 50035000.0,
        "Net Income Including Noncontrolling Interests": 50035000.0,
        "Net Income Continuous Operations": 50035000.0,
        "Tax Provision": 18741000.0,
        "Pretax Income": 68776000.0,
        "Special Income Charges": NaN,
        "Other Special Charges": NaN,
        "Restructuring And Mergern Acquisition": NaN,
        "Gain On Sale Of Security": 0.0,
        "Depreciation Amortization Depletion Income Statement": 1437000.0,
        "Depreciation And Amortization In Income Statement": 1437000.0,
        "Amortization": 1437000.0,
        "Amortization Of Intangibles Income Statement": 1437000.0,
        "Selling General And Administration": 38218000.0,
        "Selling And Marketing Expense": 1956000.0,
        "General And Administrative Expense": 36262000.0,
        "Insurance And Claims": 509000.0,
        "Salaries And Wages": 35753000.0,
        "Total Revenue": 125094000.0,
        "Operating Revenue": 125094000.0,
        "Occupancy And Equipment": 5772000.0,
        "Professional Expense And Contract Services Expense": 2726000.0,
        "Other Non Interest Expense": 8665000.0
    }
}