{
    "2023-03-31": {
        "Tax Effect Of Unusual Items": 0.0,
        "Tax Rate For Calcs": 0.191271,
        "Normalized EBITDA": 63590000.0,
        "Net Income From Continuing Operation Net Minority Interest": 47312000.0,
        "Reconciled Depreciation": 4729000.0,
        "Reconciled Cost Of Revenue": 355739000.0,
        "EBITDA": 63590000.0,
        "EBIT": 58861000.0,
        "Net Interest Income": 10379000.0,
        "Interest Expense": 300000.0,
        "Interest Income": NaN,
        "Normalized Income": 47312000.0,
        "Net Income From Continuing And Discontinued Operation": 47312000.0,
        "Total Expenses": 422128000.0,
        "Total Operating Income As Reported": 54252000.0,
        "Diluted Average Shares": 8781079.0,
        "Basic Average Shares": 8683376.0,
        "Diluted EPS": 5.39,
        "Basic EPS": 5.45,
        "Diluted NI Availto Com Stockholders": 47312000.0,
        "Net Income Common Stockholders": 47312000.0,
        "Net Income": 47312000.0,
        "Minority Interests": -48000.0,
        "Net Income Including Noncontrolling Interests": 47360000.0,
        "Net Income Continuous Operations": 47360000.0,
        "Tax Provision": 11201000.0,
        "Pretax Income": 58561000.0,
        "Other Income Expense": -6070000.0,
        "Other Non Operating Income Expenses": -6070000.0,
        "Net Non Operating Interest Income Expense": 10379000.0,
        "Interest Expense Non Operating": 300000.0,
        "Interest Income Non Operating": NaN,
        "Operating Income": 54252000.0,
        "Operating Expense": 66389000.0,
        "Selling General And Administration": 66389000.0,
        "Gross Profit": 120641000.0,
        "Cost Of Revenue": 355739000.0,
        "Total Revenue": 476380000.0,
        "Operating Revenue": 476380000.0
    },
    "2022-12-31": {
        "Tax Effect Of Unusual Items": NaN,
        "Tax Rate For Calcs": NaN,
        "Normalized EBITDA": NaN,
        "Net Income From Continuing Operation Net Minority Interest": NaN,
        "Reconciled Depreciation": NaN,
        "Reconciled Cost Of Revenue": NaN,
        "EBITDA": NaN,
        "EBIT": NaN,
        "Net Interest Income": NaN,
        "Interest Expense": NaN,
        "Interest Income": 3581000.0,
        "Normalized Income": NaN,
        "Net Income From Continuing And Discontinued Operation": NaN,
        "Total Expenses": NaN,
        "Total Operating Income As Reported": NaN,
        "Diluted Average Shares": 8936075.0,
        "Basic Average Shares": 8870565.0,
        "Diluted EPS": 6.66,
        "Basic EPS": 6.71,
        "Diluted NI Availto Com Stockholders": NaN,
        "Net Income Common Stockholders": NaN,
        "Net Income": NaN,
        "Minority Interests": NaN,
        "Net Income Including Noncontrolling Interests": NaN,
        "Net Income Continuous Operations": NaN,
        "Tax Provision": NaN,
        "Pretax Income": NaN,
        "Other Income Expense": NaN,
        "Other Non Operating Income Expenses": NaN,
        "Net Non Operating Interest Income Expense": NaN,
        "Interest Expense Non Operating": NaN,
        "Interest Income Non Operating": 3581000.0,
        "Operating Income": NaN,
        "Operating Expense": NaN,
        "Selling General And Administration": NaN,
        "Gross Profit": NaN,
        "Cost Of Revenue": NaN,
        "Total Revenue": NaN,
        "Operating Revenue": NaN
    },
    "2022-09-30": {
        "Tax Effect Of Unusual Items": NaN,
        "Tax Rate For Calcs": NaN,
        "Normalized EBITDA": NaN,
        "Net Income From Continuing Operation Net Minority Interest": NaN,
        "Reconciled Depreciation": NaN,
        "Reconciled Cost Of Revenue": NaN,
        "EBITDA": NaN,
        "EBIT": NaN,
        "Net Interest Income": NaN,
        "Interest Expense": NaN,
        "Interest Income": 1851000.0,
        "Normalized Income": NaN,
        "Net Income From Continuing And Discontinued Operation": NaN,
        "Total Expenses": NaN,
        "Total Operating Income As Reported": NaN,
        "Diluted Average Shares": NaN,
        "Basic Average Shares": NaN,
        "Diluted EPS": NaN,
        "Basic EPS": NaN,
        "Diluted NI Availto Com Stockholders": NaN,
        "Net Income Common Stockholders": NaN,
        "Net Income": NaN,
        "Minority Interests": NaN,
        "Net Income Including Noncontrolling Interests": NaN,
        "Net Income Continuous Operations": NaN,
        "Tax Provision": NaN,
        "Pretax Income": NaN,
        "Other Income Expense": NaN,
        "Other Non Operating Income Expenses": NaN,
        "Net Non Operating Interest Income Expense": NaN,
        "Interest Expense Non Operating": NaN,
        "Interest Income Non Operating": 1851000.0,
        "Operating Income": NaN,
        "Operating Expense": NaN,
        "Selling General And Administration": NaN,
        "Gross Profit": NaN,
        "Cost Of Revenue": NaN,
        "Total Revenue": NaN,
        "Operating Revenue": NaN
    },
    "2022-06-30": {
        "Tax Effect Of Unusual Items": 0.0,
        "Tax Rate For Calcs": 0.247333,
        "Normalized EBITDA": 79471000.0,
        "Net Income From Continuing Operation Net Minority Interest": 59602000.0,
        "Reconciled Depreciation": 3946000.0,
        "Reconciled Cost Of Revenue": 443614000.0,
        "EBITDA": 79471000.0,
        "EBIT": 79471000.0,
        "Net Interest Income": -161000.0,
        "Interest Expense": 161000.0,
        "Interest Income": NaN,
        "Normalized Income": 59602000.0,
        "Net Income From Continuing And Discontinued Operation": 59602000.0,
        "Total Expenses": 509750000.0,
        "Total Operating Income As Reported": 78588000.0,
        "Diluted Average Shares": 8988929.0,
        "Basic Average Shares": 8918280.0,
        "Diluted EPS": 6.63,
        "Basic EPS": 6.68,
        "Diluted NI Availto Com Stockholders": 59602000.0,
        "Net Income Common Stockholders": 59602000.0,
        "Net Income": 59602000.0,
        "Minority Interests": -92000.0,
        "Net Income Including Noncontrolling Interests": 59694000.0,
        "Net Income Continuous Operations": 59694000.0,
        "Tax Provision": 19616000.0,
        "Pretax Income": 79310000.0,
        "Other Income Expense": 883000.0,
        "Other Non Operating Income Expenses": 883000.0,
        "Net Non Operating Interest Income Expense": -161000.0,
        "Interest Expense Non Operating": 161000.0,
        "Interest Income Non Operating": NaN,
        "Operating Income": 78588000.0,
        "Operating Expense": 66136000.0,
        "Selling General And Administration": 66136000.0,
        "Gross Profit": 144724000.0,
        "Cost Of Revenue": 443614000.0,
        "Total Revenue": 588338000.0,
        "Operating Revenue": 588338000.0
    },
    "2022-03-31": {
        "Diluted EPS": 5.79,
        "Total Revenue": 505,
        "Gross Profit": 130,
        "Operating Income": 70,
        "EBIT": 74,
        "Net Income": 54
    },
    "2021-12-31": {
        "Diluted EPS": 8.57,
        "Total Revenue": 432,
        "Gross Profit": 115,
        "Operating Income": 55,
        "EBIT": 58,
        "Net Income": 79
    },
    "2021-09-30": {
        "Diluted EPS": 4.06,
        "Total Revenue": 360,
        "Gross Profit": 90,
        "Operating Income": 45,
        "EBIT": 46,
        "Net Income": 38
    },
    "2021-06-30": {
        "Diluted EPS": 2.92,
        "Total Revenue": 330,
        "Gross Profit": 74,
        "Operating Income": 33,
        "EBIT": 35,
        "Net Income": 27
    },
    "2021-03-31": {
        "Diluted EPS": 2.71,
        "Total Revenue": 307,
        "Gross Profit": 71,
        "Operating Income": 27,
        "EBIT": 29,
        "Net Income": 25
    },
    "2020-12-31": {
        "Diluted EPS": 2.12,
        "Total Revenue": 289,
        "Gross Profit": 59,
        "Operating Income": 24,
        "EBIT": 25,
        "Net Income": 20
    },
    "2020-09-30": {
        "Diluted EPS": 1.62,
        "Total Revenue": 258,
        "Gross Profit": 54,
        "Operating Income": 18,
        "EBIT": 20,
        "Net Income": 15
    },
    "2020-06-30": {
        "Diluted EPS": 1.8,
        "Total Revenue": 255,
        "Gross Profit": 55,
        "Operating Income": 20,
        "EBIT": 22,
        "Net Income": 17
    },
    "2020-03-31": {
        "Diluted EPS": 1.29,
        "Total Revenue": 255,
        "Gross Profit": 52,
        "Operating Income": 14,
        "EBIT": 16,
        "Net Income": 12
    },
    "2019-12-31": {
        "Diluted EPS": 2.25,
        "Total Revenue": 274,
        "Gross Profit": 60,
        "Operating Income": 23,
        "EBIT": 25,
        "Net Income": 21
    },
    "2019-09-30": {
        "Diluted EPS": 2.25,
        "Total Revenue": 269,
        "Gross Profit": 58,
        "Operating Income": 22,
        "EBIT": 24,
        "Net Income": 21
    },
    "2019-06-30": {
        "Diluted EPS": 2.31,
        "Total Revenue": 264,
        "Gross Profit": 60,
        "Operating Income": 25,
        "EBIT": 26,
        "Net Income": 21
    },
    "2019-03-31": {
        "Diluted EPS": 2.17,
        "Total Revenue": 241,
        "Gross Profit": 56,
        "Operating Income": 24,
        "EBIT": 26,
        "Net Income": 20
    },
    "2018-12-31": {
        "Diluted EPS": 1.44,
        "Total Revenue": 234,
        "Gross Profit": 49,
        "Operating Income": 18,
        "EBIT": 19,
        "Net Income": 13
    },
    "2018-09-30": {
        "Diluted EPS": 1.67,
        "Total Revenue": 242,
        "Gross Profit": 49,
        "Operating Income": 19,
        "EBIT": 21,
        "Net Income": 16
    },
    "2018-06-30": {
        "Diluted EPS": 2.12,
        "Total Revenue": 246,
        "Gross Profit": 51,
        "Operating Income": 22,
        "EBIT": 23,
        "Net Income": 20
    },
    "2018-03-31": {
        "Diluted EPS": 2.4,
        "Total Revenue": 243,
        "Gross Profit": 54,
        "Operating Income": 26,
        "EBIT": 27,
        "Net Income": 22
    },
    "2017-12-31": {
        "Diluted EPS": 2.33,
        "Total Revenue": 221,
        "Gross Profit": 50,
        "Operating Income": 24,
        "EBIT": 25,
        "Net Income": 21
    },
    "2017-09-30": {
        "Diluted EPS": 0.67,
        "Total Revenue": 201,
        "Gross Profit": 35,
        "Operating Income": 8,
        "EBIT": 9,
        "Net Income": 6
    },
    "2017-06-30": {
        "Diluted EPS": 1.28,
        "Total Revenue": 207,
        "Gross Profit": 42,
        "Operating Income": 16,
        "EBIT": 17,
        "Net Income": 12
    },
    "2017-03-31": {
        "Diluted EPS": 1.19,
        "Total Revenue": 198,
        "Gross Profit": 42,
        "Operating Income": 17,
        "EBIT": 18,
        "Net Income": 11
    },
    "2016-12-31": {
        "Diluted EPS": 1.35,
        "Total Revenue": 202,
        "Gross Profit": 44,
        "Operating Income": 18,
        "EBIT": 18,
        "Net Income": 12
    },
    "2016-09-30": {
        "Diluted EPS": 1.03,
        "Total Revenue": 188,
        "Gross Profit": 39,
        "Operating Income": 14,
        "EBIT": 15,
        "Net Income": 9
    },
    "2016-06-30": {
        "Diluted EPS": 0.6,
        "Total Revenue": 185,
        "Gross Profit": 33,
        "Operating Income": 9,
        "EBIT": 10,
        "Net Income": 5
    },
    "2016-03-31": {
        "Diluted EPS": 0.77,
        "Total Revenue": 177,
        "Gross Profit": 37,
        "Operating Income": 12,
        "EBIT": 13,
        "Net Income": 7
    },
    "2015-12-31": {
        "Diluted EPS": 0.89,
        "Total Revenue": 181,
        "Gross Profit": 36,
        "Operating Income": 13,
        "EBIT": 14,
        "Net Income": 8
    },
    "2015-09-30": {
        "Diluted EPS": 0.89,
        "Total Revenue": 192,
        "Gross Profit": 40,
        "Operating Income": 13,
        "EBIT": 14,
        "Net Income": 8
    },
    "2015-06-30": {
        "Diluted EPS": 0.6,
        "Total Revenue": 162,
        "Gross Profit": 32,
        "Operating Income": 9,
        "EBIT": 10,
        "Net Income": 5
    },
    "2015-03-31": {
        "Diluted EPS": 0.65,
        "Total Revenue": 141,
        "Gross Profit": 31,
        "Operating Income": 10,
        "EBIT": 11,
        "Net Income": 6
    },
    "2014-12-31": {
        "Diluted EPS": 0.74,
        "Total Revenue": 147,
        "Gross Profit": 32,
        "Operating Income": 10,
        "EBIT": 11,
        "Net Income": 7
    },
    "2014-09-30": {
        "Diluted EPS": 0.61,
        "Total Revenue": 139,
        "Gross Profit": 32,
        "Operating Income": 9,
        "EBIT": 10,
        "Net Income": 5
    },
    "2014-06-30": {
        "Diluted EPS": 0.64,
        "Total Revenue": 139,
        "Gross Profit": 32,
        "Operating Income": 10,
        "EBIT": 10,
        "Net Income": 6
    },
    "2014-03-31": {
        "Diluted EPS": 0.52,
        "Total Revenue": 131,
        "Gross Profit": 29,
        "Operating Income": 7,
        "EBIT": 8,
        "Net Income": 4
    },
    "2013-12-31": {
        "Diluted EPS": 0.66,
        "Total Revenue": 138,
        "Gross Profit": 32,
        "Operating Income": 10,
        "EBIT": 11,
        "Net Income": 6
    },
    "2013-09-30": {
        "Diluted EPS": 0.5,
        "Total Revenue": 130,
        "Gross Profit": 30,
        "Operating Income": 8,
        "EBIT": 9,
        "Net Income": 4
    },
    "2013-06-30": {
        "Diluted EPS": 0.26,
        "Total Revenue": 134,
        "Gross Profit": 29,
        "Operating Income": 7,
        "EBIT": 8,
        "Net Income": 2
    },
    "2013-03-31": {
        "Diluted EPS": 0.2,
        "Total Revenue": 109,
        "Gross Profit": 24,
        "Operating Income": 5,
        "EBIT": 6,
        "Net Income": 1
    },
    "2012-12-31": {
        "Diluted EPS": 0.21,
        "Total Revenue": 115,
        "Gross Profit": 27,
        "Operating Income": 6,
        "EBIT": 7,
        "Net Income": 1
    },
    "2012-09-30": {
        "Diluted EPS": 0.18,
        "Total Revenue": 110,
        "Gross Profit": 26,
        "Operating Income": 6,
        "EBIT": 7,
        "Net Income": 1
    },
    "2012-06-30": {
        "Diluted EPS": 0.12,
        "Total Revenue": 119,
        "Gross Profit": 24,
        "Operating Income": 4,
        "EBIT": 5,
        "Net Income": 1
    },
    "2012-03-31": {
        "Diluted EPS": 0.23,
        "Total Revenue": 100,
        "Gross Profit": 25,
        "Operating Income": 4,
        "EBIT": 5,
        "Net Income": 2
    },
    "2011-12-31": {
        "Diluted EPS": 0.24,
        "Total Revenue": 115,
        "Gross Profit": 27,
        "Operating Income": 6,
        "EBIT": 8,
        "Net Income": 2
    },
    "2011-09-30": {
        "Diluted EPS": 0.24,
        "Total Revenue": 130,
        "Gross Profit": 28,
        "Operating Income": 7,
        "EBIT": 9,
        "Net Income": 2
    },
    "2011-06-30": {
        "Diluted EPS": 1.48,
        "Total Revenue": 99,
        "Gross Profit": 16,
        "Operating Income": -1,
        "EBIT": 0,
        "Net Income": 10
    },
    "2011-03-31": {
        "Diluted EPS": 0.23,
        "Total Revenue": 39,
        "Gross Profit": 5,
        "Operating Income": 0,
        "EBIT": 0,
        "Net Income": 2
    },
    "2010-12-31": {
        "Diluted EPS": 0.0,
        "Total Revenue": 40,
        "Gross Profit": 5,
        "Operating Income": 0,
        "EBIT": 0,
        "Net Income": 0
    },
    "2010-09-30": {
        "Diluted EPS": 0.1,
        "Total Revenue": 46,
        "Gross Profit": 7,
        "Operating Income": 2,
        "EBIT": 2,
        "Net Income": 1
    },
    "2010-06-30": {
        "Diluted EPS": 0.08,
        "Total Revenue": 48,
        "Gross Profit": 6,
        "Operating Income": 1,
        "EBIT": 2,
        "Net Income": 1
    },
    "2010-03-31": {
        "Diluted EPS": -0.11,
        "Total Revenue": 36,
        "Gross Profit": 3,
        "Operating Income": -2,
        "EBIT": -1,
        "Net Income": -1
    },
    "2009-12-31": {
        "Diluted EPS": -0.16,
        "Total Revenue": 36,
        "Gross Profit": 3,
        "Operating Income": -2,
        "EBIT": -1,
        "Net Income": -1
    },
    "2009-09-30": {
        "Diluted EPS": -0.03,
        "Total Revenue": 29,
        "Gross Profit": 4,
        "Operating Income": 0,
        "EBIT": 0,
        "Net Income": 0
    },
    "2009-06-30": {
        "Diluted EPS": -0.22,
        "Total Revenue": 14,
        "Gross Profit": 0,
        "Operating Income": -2,
        "EBIT": -2,
        "Net Income": -1
    },
    "2009-03-31": {
        "Diluted EPS": -0.16,
        "Total Revenue": 15,
        "Gross Profit": 0,
        "Operating Income": -2,
        "EBIT": -2,
        "Net Income": -1
    },
    "2023-06-30": {
        "Tax Effect Of Unusual Items": 0.0,
        "Tax Rate For Calcs": 0.235,
        "Normalized EBITDA": 65509000.0,
        "Net Income From Continuing Operation Net Minority Interest": 46357000.0,
        "Reconciled Depreciation": 4566000.0,
        "Reconciled Cost Of Revenue": 357996000.0,
        "EBITDA": 65509000.0,
        "EBIT": 60943000.0,
        "Net Interest Income": 4352000.0,
        "Interest Expense": 266000.0,
        "Interest Income": 4618000.0,
        "Normalized Income": 46357000.0,
        "Net Income From Continuing And Discontinued Operation": 46357000.0,
        "Total Expenses": 419676000.0,
        "Total Operating Income As Reported": 56199000.0,
        "Diluted Average Shares": 8758080.0,
        "Basic Average Shares": 8670434.0,
        "Diluted EPS": 5.29,
        "Basic EPS": 5.35,
        "Diluted NI Availto Com Stockholders": 46357000.0,
        "Net Income Common Stockholders": 46357000.0,
        "Net Income": 46357000.0,
        "Minority Interests": -54000.0,
        "Net Income Including Noncontrolling Interests": 46411000.0,
        "Net Income Continuous Operations": 46411000.0,
        "Tax Provision": 14266000.0,
        "Pretax Income": 60677000.0,
        "Other Income Expense": 126000.0,
        "Other Non Operating Income Expenses": 126000.0,
        "Net Non Operating Interest Income Expense": 4352000.0,
        "Interest Expense Non Operating": 266000.0,
        "Interest Income Non Operating": 4618000.0,
        "Operating Income": 56199000.0,
        "Operating Expense": 61680000.0,
        "Selling General And Administration": 61680000.0,
        "Gross Profit": 117879000.0,
        "Cost Of Revenue": 357996000.0,
        "Total Revenue": 475875000.0,
        "Operating Revenue": 475875000.0
    },
    "2023-09-30": {
        "Tax Effect Of Unusual Items": 0.0,
        "Tax Rate For Calcs": 0.195,
        "Normalized EBITDA": 56586000.0,
        "Net Income From Continuing Operation Net Minority Interest": 41539000.0,
        "Reconciled Depreciation": 4668000.0,
        "Reconciled Cost Of Revenue": 345073000.0,
        "EBITDA": 56586000.0,
        "EBIT": 51918000.0,
        "Net Interest Income": 5555000.0,
        "Interest Expense": 257000.0,
        "Interest Income": 5812000.0,
        "Normalized Income": 41539000.0,
        "Net Income From Continuing And Discontinued Operation": 41539000.0,
        "Total Expenses": 406579000.0,
        "Total Operating Income As Reported": 45451000.0,
        "Diluted Average Shares": 8731419.0,
        "Basic Average Shares": 8656537.0,
        "Diluted EPS": 4.76,
        "Basic EPS": 4.8,
        "Diluted NI Availto Com Stockholders": 41539000.0,
        "Net Income Common Stockholders": 41539000.0,
        "Net Income": 41539000.0,
        "Minority Interests": -34000.0,
        "Net Income Including Noncontrolling Interests": 41573000.0,
        "Net Income Continuous Operations": 41573000.0,
        "Tax Provision": 10088000.0,
        "Pretax Income": 51661000.0,
        "Other Income Expense": 655000.0,
        "Other Non Operating Income Expenses": 655000.0,
        "Net Non Operating Interest Income Expense": 5555000.0,
        "Interest Expense Non Operating": 257000.0,
        "Interest Income Non Operating": 5812000.0,
        "Operating Income": 45451000.0,
        "Operating Expense": 61506000.0,
        "Selling General And Administration": 61506000.0,
        "Gross Profit": 106957000.0,
        "Cost Of Revenue": 345073000.0,
        "Total Revenue": 452030000.0,
        "Operating Revenue": 452030000.0
    },
    "2023-12-31": {
        "Tax Effect Of Unusual Items": 0.0,
        "Tax Rate For Calcs": 0.18,
        "Normalized EBITDA": 49369000.0,
        "Net Income From Continuing Operation Net Minority Interest": 35987000.0,
        "Reconciled Depreciation": 4620000.0,
        "Reconciled Cost Of Revenue": 343718000.0,
        "EBITDA": 49369000.0,
        "EBIT": 44749000.0,
        "Net Interest Income": 4392000.0,
        "Interest Expense": 842000.0,
        "Interest Income": 5234000.0,
        "Normalized Income": 35987000.0,
        "Net Income From Continuing And Discontinued Operation": 35987000.0,
        "Total Expenses": 407030000.0,
        "Total Operating Income As Reported": 39739000.0,
        "Diluted Average Shares": 8432471.0,
        "Basic Average Shares": 8358389.0,
        "Diluted EPS": 4.27,
        "Basic EPS": 4.31,
        "Diluted NI Availto Com Stockholders": 35987000.0,
        "Net Income Common Stockholders": 35987000.0,
        "Net Income": 35987000.0,
        "Minority Interests": 0.0,
        "Net Income Including Noncontrolling Interests": 35987000.0,
        "Net Income Continuous Operations": 35987000.0,
        "Tax Provision": 7920000.0,
        "Pretax Income": 43907000.0,
        "Other Income Expense": -224000.0,
        "Other Non Operating Income Expenses": -224000.0,
        "Net Non Operating Interest Income Expense": 4392000.0,
        "Interest Expense Non Operating": 842000.0,
        "Interest Income Non Operating": 5234000.0,
        "Operating Income": 39739000.0,
        "Operating Expense": 63312000.0,
        "Selling General And Administration": 63312000.0,
        "Gross Profit": 103051000.0,
        "Cost Of Revenue": 343718000.0,
        "Total Revenue": 446769000.0,
        "Operating Revenue": 446769000.0
    },
    "2024-03-31": {
        "Tax Effect Of Unusual Items": 0.0,
        "Tax Rate For Calcs": 0.209642,
        "Normalized EBITDA": 47890000.0,
        "Net Income From Continuing Operation Net Minority Interest": 33934000.0,
        "Reconciled Depreciation": 4671000.0,
        "Reconciled Cost Of Revenue": 321103000.0,
        "EBITDA": 47890000.0,
        "EBIT": 43219000.0,
        "Net Interest Income": 5050000.0,
        "Interest Expense": 284000.0,
        "Interest Income": 5334000.0,
        "Normalized Income": 33934000.0,
        "Net Income From Continuing And Discontinued Operation": 33934000.0,
        "Total Expenses": 382525000.0,
        "Total Operating Income As Reported": 37593000.0,
        "Diluted Average Shares": NaN,
        "Basic Average Shares": NaN,
        "Diluted EPS": NaN,
        "Basic EPS": NaN,
        "Diluted NI Availto Com Stockholders": 33934000.0,
        "Net Income Common Stockholders": 33934000.0,
        "Net Income": 33934000.0,
        "Minority Interests": 0.0,
        "Net Income Including Noncontrolling Interests": 33934000.0,
        "Net Income Continuous Operations": 33934000.0,
        "Tax Provision": 9001000.0,
        "Pretax Income": 42935000.0,
        "Other Income Expense": 292000.0,
        "Other Non Operating Income Expenses": 292000.0,
        "Net Non Operating Interest Income Expense": 5050000.0,
        "Interest Expense Non Operating": 284000.0,
        "Interest Income Non Operating": 5334000.0,
        "Operating Income": 37593000.0,
        "Operating Expense": 61422000.0,
        "Selling General And Administration": 61422000.0,
        "Gross Profit": 99015000.0,
        "Cost Of Revenue": 321103000.0,
        "Total Revenue": 420118000.0,
        "Operating Revenue": 420118000.0
    }
}