{
    "2023-06-30": {
        "Tax Effect Of Unusual Items": 0.0,
        "Tax Rate For Calcs": 0.4,
        "Normalized EBITDA": 31350000.0,
        "Total Unusual Items": NaN,
        "Total Unusual Items Excluding Goodwill": NaN,
        "Net Income From Continuing Operation Net Minority Interest": 4463000.0,
        "Reconciled Depreciation": 20701000.0,
        "Reconciled Cost Of Revenue": 131425000.0,
        "EBITDA": 31350000.0,
        "EBIT": 10649000.0,
        "Net Interest Income": -3554000.0,
        "Interest Expense": 3604000.0,
        "Interest Income": 50000.0,
        "Normalized Income": 4463000.0,
        "Net Income From Continuing And Discontinued Operation": 4463000.0,
        "Total Expenses": 168671000.0,
        "Total Operating Income As Reported": 10172000.0,
        "Diluted Average Shares": 15000000.0,
        "Basic Average Shares": 14970000.0,
        "Diluted EPS": 0.3,
        "Basic EPS": 0.3,
        "Diluted NI Availto Com Stockholders": 4463000.0,
        "Average Dilution Earnings": 0.0,
        "Net Income Common Stockholders": 4463000.0,
        "Otherunder Preferred Stock Dividend": 0.0,
        "Preferred Stock Dividends": NaN,
        "Net Income": 4463000.0,
        "Minority Interests": 296000.0,
        "Net Income Including Noncontrolling Interests": 4167000.0,
        "Net Income Continuous Operations": 4167000.0,
        "Tax Provision": 2878000.0,
        "Pretax Income": 7045000.0,
        "Other Income Expense": 427000.0,
        "Other Non Operating Income Expenses": 427000.0,
        "Special Income Charges": NaN,
        "Impairment Of Capital Assets": NaN,
        "Net Non Operating Interest Income Expense": -3554000.0,
        "Interest Expense Non Operating": 3604000.0,
        "Interest Income Non Operating": 50000.0,
        "Operating Income": 10172000.0,
        "Operating Expense": 37246000.0,
        "Other Operating Expenses": 86000.0,
        "Depreciation Amortization Depletion Income Statement": 20701000.0,
        "Depreciation And Amortization In Income Statement": 20701000.0,
        "Selling General And Administration": 16459000.0,
        "Gross Profit": 47418000.0,
        "Cost Of Revenue": 131425000.0,
        "Total Revenue": 178843000.0,
        "Operating Revenue": 178843000.0
    },
    "2023-03-31": {
        "Tax Effect Of Unusual Items": 0.0,
        "Tax Rate For Calcs": 0.4,
        "Normalized EBITDA": 20240000.0,
        "Total Unusual Items": NaN,
        "Total Unusual Items Excluding Goodwill": NaN,
        "Net Income From Continuing Operation Net Minority Interest": -6353000.0,
        "Reconciled Depreciation": 21662000.0,
        "Reconciled Cost Of Revenue": 133514000.0,
        "EBITDA": 20240000.0,
        "EBIT": -1422000.0,
        "Net Interest Income": -3624000.0,
        "Interest Expense": 3656000.0,
        "Interest Income": 32000.0,
        "Normalized Income": -6353000.0,
        "Net Income From Continuing And Discontinued Operation": -6353000.0,
        "Total Expenses": 171495000.0,
        "Total Operating Income As Reported": -3904000.0,
        "Diluted Average Shares": 15158000.0,
        "Basic Average Shares": 15158000.0,
        "Diluted EPS": -0.42,
        "Basic EPS": -0.42,
        "Diluted NI Availto Com Stockholders": -6353000.0,
        "Average Dilution Earnings": 0.0,
        "Net Income Common Stockholders": -6353000.0,
        "Otherunder Preferred Stock Dividend": 0.0,
        "Preferred Stock Dividends": NaN,
        "Net Income": -6353000.0,
        "Minority Interests": -42000.0,
        "Net Income Including Noncontrolling Interests": -6311000.0,
        "Net Income Continuous Operations": -6311000.0,
        "Tax Provision": 1233000.0,
        "Pretax Income": -5078000.0,
        "Other Income Expense": 2450000.0,
        "Other Non Operating Income Expenses": 2450000.0,
        "Special Income Charges": NaN,
        "Impairment Of Capital Assets": NaN,
        "Net Non Operating Interest Income Expense": -3624000.0,
        "Interest Expense Non Operating": 3656000.0,
        "Interest Income Non Operating": 32000.0,
        "Operating Income": -3904000.0,
        "Operating Expense": 37981000.0,
        "Other Operating Expenses": 129000.0,
        "Depreciation Amortization Depletion Income Statement": 21662000.0,
        "Depreciation And Amortization In Income Statement": 21662000.0,
        "Selling General And Administration": 16190000.0,
        "Gross Profit": 34077000.0,
        "Cost Of Revenue": 133514000.0,
        "Total Revenue": 167591000.0,
        "Operating Revenue": 167591000.0
    },
    "2022-12-31": {
        "Tax Effect Of Unusual Items": -1042260.772358,
        "Tax Rate For Calcs": 0.182182,
        "Normalized EBITDA": 15754000.0,
        "Total Unusual Items": -5721000.0,
        "Total Unusual Items Excluding Goodwill": -5721000.0,
        "Net Income From Continuing Operation Net Minority Interest": -12698000.0,
        "Reconciled Depreciation": 21396000.0,
        "Reconciled Cost Of Revenue": 127671000.0,
        "EBITDA": 10033000.0,
        "EBIT": -11363000.0,
        "Net Interest Income": -3373000.0,
        "Interest Expense": 3397000.0,
        "Interest Income": 24000.0,
        "Normalized Income": -8019260.772358,
        "Net Income From Continuing And Discontinued Operation": -12698000.0,
        "Total Expenses": 168718000.0,
        "Total Operating Income As Reported": -12246000.0,
        "Diluted Average Shares": 13835000.0,
        "Basic Average Shares": 13835000.0,
        "Diluted EPS": -1.31,
        "Basic EPS": -1.31,
        "Diluted NI Availto Com Stockholders": -15914000.0,
        "Average Dilution Earnings": -22000.0,
        "Net Income Common Stockholders": -15892000.0,
        "Otherunder Preferred Stock Dividend": 2892000.0,
        "Preferred Stock Dividends": 302000.0,
        "Net Income": -12698000.0,
        "Minority Interests": -627000.0,
        "Net Income Including Noncontrolling Interests": -12071000.0,
        "Net Income Continuous Operations": -12071000.0,
        "Tax Provision": -2689000.0,
        "Pretax Income": -14760000.0,
        "Other Income Expense": -4862000.0,
        "Other Non Operating Income Expenses": 859000.0,
        "Special Income Charges": -5721000.0,
        "Impairment Of Capital Assets": 5721000.0,
        "Net Non Operating Interest Income Expense": -3373000.0,
        "Interest Expense Non Operating": 3397000.0,
        "Interest Income Non Operating": 24000.0,
        "Operating Income": -6525000.0,
        "Operating Expense": 41047000.0,
        "Other Operating Expenses": 261000.0,
        "Depreciation Amortization Depletion Income Statement": 21396000.0,
        "Depreciation And Amortization In Income Statement": 21396000.0,
        "Selling General And Administration": 19390000.0,
        "Gross Profit": 34522000.0,
        "Cost Of Revenue": 127671000.0,
        "Total Revenue": 162193000.0,
        "Operating Revenue": 162193000.0
    },
    "2022-09-30": {
        "Tax Effect Of Unusual Items": 0.0,
        "Tax Rate For Calcs": 0.372,
        "Normalized EBITDA": 35585000.0,
        "Total Unusual Items": 0.0,
        "Total Unusual Items Excluding Goodwill": 0.0,
        "Net Income From Continuing Operation Net Minority Interest": 5717000.0,
        "Reconciled Depreciation": 22608000.0,
        "Reconciled Cost Of Revenue": 133496000.0,
        "EBITDA": 35585000.0,
        "EBIT": 12977000.0,
        "Net Interest Income": -2988000.0,
        "Interest Expense": 3001000.0,
        "Interest Income": 13000.0,
        "Normalized Income": 5717000.0,
        "Net Income From Continuing And Discontinued Operation": 5717000.0,
        "Total Expenses": 173442000.0,
        "Total Operating Income As Reported": 10785000.0,
        "Diluted Average Shares": 14064000.0,
        "Basic Average Shares": 13932000.0,
        "Diluted EPS": 0.32,
        "Basic EPS": 0.32,
        "Diluted NI Availto Com Stockholders": 4437000.0,
        "Average Dilution Earnings": 6000.0,
        "Net Income Common Stockholders": 4431000.0,
        "Otherunder Preferred Stock Dividend": 794000.0,
        "Preferred Stock Dividends": 492000.0,
        "Net Income": 5717000.0,
        "Minority Interests": -546000.0,
        "Net Income Including Noncontrolling Interests": 6263000.0,
        "Net Income Continuous Operations": 6263000.0,
        "Tax Provision": 3713000.0,
        "Pretax Income": 9976000.0,
        "Other Income Expense": 2179000.0,
        "Other Non Operating Income Expenses": 2179000.0,
        "Special Income Charges": 0.0,
        "Impairment Of Capital Assets": 0.0,
        "Net Non Operating Interest Income Expense": -2988000.0,
        "Interest Expense Non Operating": 3001000.0,
        "Interest Income Non Operating": 13000.0,
        "Operating Income": 10785000.0,
        "Operating Expense": 39946000.0,
        "Other Operating Expenses": -339000.0,
        "Depreciation Amortization Depletion Income Statement": 22608000.0,
        "Depreciation And Amortization In Income Statement": 22608000.0,
        "Selling General And Administration": 17677000.0,
        "Gross Profit": 50731000.0,
        "Cost Of Revenue": 133496000.0,
        "Total Revenue": 184227000.0,
        "Operating Revenue": 184227000.0
    },
    "2022-06-30": {
        "Tax Effect Of Unusual Items": 0.0,
        "Tax Rate For Calcs": 0.151108,
        "Normalized EBITDA": 37742000.0,
        "Total Unusual Items": 0.0,
        "Total Unusual Items Excluding Goodwill": 0.0,
        "Net Income From Continuing Operation Net Minority Interest": 9568000.0,
        "Reconciled Depreciation": 23083000.0,
        "Reconciled Cost Of Revenue": 130053000.0,
        "EBITDA": 37742000.0,
        "EBIT": 14659000.0,
        "Net Interest Income": -2606000.0,
        "Interest Expense": 2608000.0,
        "Interest Income": 2000.0,
        "Normalized Income": 9568000.0,
        "Net Income From Continuing And Discontinued Operation": 9568000.0,
        "Total Expenses": 170712000.0,
        "Total Operating Income As Reported": 14242000.0,
        "Diluted Average Shares": 14275000.0,
        "Basic Average Shares": 14148000.0,
        "Diluted EPS": 0.54,
        "Basic EPS": 0.55,
        "Diluted NI Availto Com Stockholders": 9078000.0,
        "Average Dilution Earnings": 10000.0,
        "Net Income Common Stockholders": 9078000.0,
        "Otherunder Preferred Stock Dividend": 1356000.0,
        "Preferred Stock Dividends": 490000.0,
        "Net Income": 9568000.0,
        "Minority Interests": -662000.0,
        "Net Income Including Noncontrolling Interests": 10230000.0,
        "Net Income Continuous Operations": 10230000.0,
        "Tax Provision": 1821000.0,
        "Pretax Income": 12051000.0,
        "Other Income Expense": 415000.0,
        "Other Non Operating Income Expenses": 415000.0,
        "Special Income Charges": 0.0,
        "Impairment Of Capital Assets": 0.0,
        "Net Non Operating Interest Income Expense": -2606000.0,
        "Interest Expense Non Operating": 2608000.0,
        "Interest Income Non Operating": 2000.0,
        "Operating Income": 14242000.0,
        "Operating Expense": 40659000.0,
        "Other Operating Expenses": -106000.0,
        "Depreciation Amortization Depletion Income Statement": 23083000.0,
        "Depreciation And Amortization In Income Statement": 23083000.0,
        "Selling General And Administration": 17682000.0,
        "Gross Profit": 54901000.0,
        "Cost Of Revenue": 130053000.0,
        "Total Revenue": 184954000.0,
        "Operating Revenue": 184954000.0
    },
    "2022-03-31": {
        "Diluted EPS": 0.06,
        "Total Revenue": 166,
        "Gross Profit": 40,
        "Operating Income": 4,
        "EBIT": 24,
        "Net Income": 1
    },
    "2021-12-31": {
        "Diluted EPS": 0.69,
        "Total Revenue": 160,
        "Gross Profit": 43,
        "Operating Income": 8,
        "EBIT": 28,
        "Net Income": 10
    },
    "2021-09-30": {
        "Diluted EPS": 0.0,
        "Total Revenue": 155,
        "Gross Profit": 44,
        "Operating Income": 6,
        "EBIT": 26,
        "Net Income": 0
    },
    "2021-06-30": {
        "Diluted EPS": -0.03,
        "Total Revenue": 154,
        "Gross Profit": 46,
        "Operating Income": 2,
        "EBIT": 24,
        "Net Income": 0
    },
    "2021-03-31": {
        "Diluted EPS": -0.7,
        "Total Revenue": 125,
        "Gross Profit": 26,
        "Operating Income": -10,
        "EBIT": 11,
        "Net Income": -10
    },
    "2020-12-31": {
        "Diluted EPS": 0.03,
        "Total Revenue": 133,
        "Gross Profit": 35,
        "Operating Income": -3,
        "EBIT": 21,
        "Net Income": -2
    },
    "2020-09-30": {
        "Diluted EPS": 0.39,
        "Total Revenue": 143,
        "Gross Profit": 45,
        "Operating Income": 7,
        "EBIT": 32,
        "Net Income": 7
    },
    "2020-06-30": {
        "Diluted EPS": 0.37,
        "Total Revenue": 115,
        "Gross Profit": 32,
        "Operating Income": -2,
        "EBIT": 20,
        "Net Income": 6
    },
    "2020-03-31": {
        "Diluted EPS": -10.43,
        "Total Revenue": 139,
        "Gross Profit": 35,
        "Operating Income": -149,
        "EBIT": -124,
        "Net Income": -147
    },
    "2019-12-31": {
        "Diluted EPS": -2.17,
        "Total Revenue": 149,
        "Gross Profit": 46,
        "Operating Income": -22,
        "EBIT": 9,
        "Net Income": -32
    },
    "2019-09-30": {
        "Diluted EPS": 0.24,
        "Total Revenue": 148,
        "Gross Profit": 49,
        "Operating Income": 3,
        "EBIT": 34,
        "Net Income": 5
    },
    "2019-06-30": {
        "Diluted EPS": -1.08,
        "Total Revenue": 122,
        "Gross Profit": 37,
        "Operating Income": -12,
        "EBIT": 19,
        "Net Income": -15
    },
    "2019-03-31": {
        "Diluted EPS": -1.32,
        "Total Revenue": 109,
        "Gross Profit": 29,
        "Operating Income": -18,
        "EBIT": 13,
        "Net Income": -17
    },
    "2018-12-31": {
        "Diluted EPS": -0.46,
        "Total Revenue": 115,
        "Gross Profit": 31,
        "Operating Income": -7,
        "EBIT": 19,
        "Net Income": -14
    },
    "2018-09-30": {
        "Diluted EPS": -1.08,
        "Total Revenue": 120,
        "Gross Profit": 38,
        "Operating Income": -13,
        "EBIT": 22,
        "Net Income": -14
    },
    "2018-06-30": {
        "Diluted EPS": -3.48,
        "Total Revenue": 130,
        "Gross Profit": 41,
        "Operating Income": -16,
        "EBIT": 19,
        "Net Income": -48
    },
    "2018-03-31": {
        "Diluted EPS": -5.04,
        "Total Revenue": 102,
        "Gross Profit": 24,
        "Operating Income": -53,
        "EBIT": -22,
        "Net Income": -55
    },
    "2017-12-31": {
        "Diluted EPS": -4.44,
        "Total Revenue": 101,
        "Gross Profit": 31,
        "Operating Income": -46,
        "EBIT": -16,
        "Net Income": -48
    },
    "2017-09-30": {
        "Diluted EPS": -2.04,
        "Total Revenue": 97,
        "Gross Profit": 32,
        "Operating Income": -21,
        "EBIT": 11,
        "Net Income": -22
    },
    "2017-06-30": {
        "Diluted EPS": -1.32,
        "Total Revenue": 92,
        "Gross Profit": 33,
        "Operating Income": -13,
        "EBIT": 18,
        "Net Income": -15
    },
    "2017-03-31": {
        "Diluted EPS": -2.04,
        "Total Revenue": 91,
        "Gross Profit": 30,
        "Operating Income": -18,
        "EBIT": 15,
        "Net Income": -21
    },
    "2016-12-31": {
        "Diluted EPS": -1.8,
        "Total Revenue": 91,
        "Gross Profit": 30,
        "Operating Income": -15,
        "EBIT": 16,
        "Net Income": -16
    },
    "2016-09-30": {
        "Diluted EPS": -4.68,
        "Total Revenue": 104,
        "Gross Profit": 36,
        "Operating Income": -49,
        "EBIT": -15,
        "Net Income": -42
    },
    "2016-06-30": {
        "Diluted EPS": -1.32,
        "Total Revenue": 107,
        "Gross Profit": 42,
        "Operating Income": -6,
        "EBIT": 27,
        "Net Income": -11
    },
    "2016-03-31": {
        "Diluted EPS": -3.0,
        "Total Revenue": 95,
        "Gross Profit": 29,
        "Operating Income": -26,
        "EBIT": 7,
        "Net Income": -27
    },
    "2015-12-31": {
        "Diluted EPS": -1.2,
        "Total Revenue": 97,
        "Gross Profit": 32,
        "Operating Income": -13,
        "EBIT": 19,
        "Net Income": -11
    },
    "2015-09-30": {
        "Diluted EPS": -12.13,
        "Total Revenue": 107,
        "Gross Profit": 37,
        "Operating Income": -123,
        "EBIT": -87,
        "Net Income": -108
    },
    "2015-06-30": {
        "Diluted EPS": -1.56,
        "Total Revenue": 143,
        "Gross Profit": 54,
        "Operating Income": -14,
        "EBIT": 28,
        "Net Income": -13
    },
    "2015-03-31": {
        "Diluted EPS": 0.0,
        "Total Revenue": 171,
        "Gross Profit": 68,
        "Operating Income": 5,
        "EBIT": 47,
        "Net Income": 0
    },
    "2014-12-31": {
        "Diluted EPS": -30.49,
        "Total Revenue": 220,
        "Gross Profit": 89,
        "Operating Income": -258,
        "EBIT": -211,
        "Net Income": -271
    },
    "2014-09-30": {
        "Diluted EPS": 3.6,
        "Total Revenue": 243,
        "Gross Profit": 106,
        "Operating Income": 46,
        "EBIT": 92,
        "Net Income": 32
    },
    "2014-06-30": {
        "Diluted EPS": 1.56,
        "Total Revenue": 227,
        "Gross Profit": 94,
        "Operating Income": 16,
        "EBIT": 59,
        "Net Income": 14
    },
    "2014-03-31": {
        "Diluted EPS": 4.08,
        "Total Revenue": 253,
        "Gross Profit": 109,
        "Operating Income": 53,
        "EBIT": 92,
        "Net Income": 36
    },
    "2013-12-31": {
        "Diluted EPS": 5.16,
        "Total Revenue": 258,
        "Gross Profit": 124,
        "Operating Income": 64,
        "EBIT": 106,
        "Net Income": 45
    },
    "2013-09-30": {
        "Diluted EPS": 4.44,
        "Total Revenue": 245,
        "Gross Profit": 113,
        "Operating Income": 53,
        "EBIT": 95,
        "Net Income": 40
    },
    "2013-06-30": {
        "Diluted EPS": 3.72,
        "Total Revenue": 243,
        "Gross Profit": 110,
        "Operating Income": 52,
        "EBIT": 93,
        "Net Income": 33
    },
    "2013-03-31": {
        "Diluted EPS": 0.0,
        "Total Revenue": 295,
        "Gross Profit": 144,
        "Operating Income": 91,
        "EBIT": 132,
        "Net Income": 64
    },
    "2012-12-31": {
        "Diluted EPS": 0.0,
        "Total Revenue": NaN,
        "Gross Profit": NaN,
        "Operating Income": NaN,
        "EBIT": NaN,
        "Net Income": NaN
    },
    "2011-12-31": {
        "Diluted EPS": 0.0,
        "Total Revenue": NaN,
        "Gross Profit": NaN,
        "Operating Income": NaN,
        "EBIT": NaN,
        "Net Income": NaN
    },
    "2023-09-30": {
        "Tax Effect Of Unusual Items": 0.0,
        "Tax Rate For Calcs": 0.4,
        "Normalized EBITDA": 28288000.0,
        "Total Unusual Items": NaN,
        "Total Unusual Items Excluding Goodwill": NaN,
        "Net Income From Continuing Operation Net Minority Interest": 9022000.0,
        "Reconciled Depreciation": 16914000.0,
        "Reconciled Cost Of Revenue": 130296000.0,
        "EBITDA": 28288000.0,
        "EBIT": 11374000.0,
        "Net Interest Income": -3321000.0,
        "Interest Expense": 3365000.0,
        "Interest Income": 44000.0,
        "Normalized Income": 9022000.0,
        "Net Income From Continuing And Discontinued Operation": 9022000.0,
        "Total Expenses": 167533000.0,
        "Total Operating Income As Reported": 16039000.0,
        "Diluted Average Shares": 14891000.0,
        "Basic Average Shares": 14814000.0,
        "Diluted EPS": 0.61,
        "Basic EPS": 0.61,
        "Diluted NI Availto Com Stockholders": 9022000.0,
        "Average Dilution Earnings": 0.0,
        "Net Income Common Stockholders": 9022000.0,
        "Otherunder Preferred Stock Dividend": 0.0,
        "Preferred Stock Dividends": NaN,
        "Net Income": 9022000.0,
        "Minority Interests": -201000.0,
        "Net Income Including Noncontrolling Interests": 9223000.0,
        "Net Income Continuous Operations": 9223000.0,
        "Tax Provision": -1214000.0,
        "Pretax Income": 8009000.0,
        "Other Income Expense": -4709000.0,
        "Other Non Operating Income Expenses": -4709000.0,
        "Special Income Charges": NaN,
        "Impairment Of Capital Assets": NaN,
        "Net Non Operating Interest Income Expense": -3321000.0,
        "Interest Expense Non Operating": 3365000.0,
        "Interest Income Non Operating": 44000.0,
        "Operating Income": 16039000.0,
        "Operating Expense": 37237000.0,
        "Other Operating Expenses": 87000.0,
        "Depreciation Amortization Depletion Income Statement": 16914000.0,
        "Depreciation And Amortization In Income Statement": 16914000.0,
        "Selling General And Administration": 20236000.0,
        "Gross Profit": 53276000.0,
        "Cost Of Revenue": 130296000.0,
        "Total Revenue": 183572000.0,
        "Operating Revenue": 183572000.0
    }
}