{
    "2023-04-30": {
        "Tax Effect Of Unusual Items": 0.0,
        "Tax Rate For Calcs": 0.21,
        "Normalized EBITDA": 1140000.0,
        "Total Unusual Items": 0.0,
        "Total Unusual Items Excluding Goodwill": 0.0,
        "Net Income From Continuing Operation Net Minority Interest": -3995000.0,
        "Reconciled Depreciation": 4287000.0,
        "Reconciled Cost Of Revenue": 229652000.0,
        "EBITDA": 1140000.0,
        "EBIT": -3147000.0,
        "Net Interest Income": -273000.0,
        "Interest Expense": 273000.0,
        "Normalized Income": -3995000.0,
        "Net Income From Continuing And Discontinued Operation": -3995000.0,
        "Total Expenses": 248114000.0,
        "Total Operating Income As Reported": -3425000.0,
        "Diluted Average Shares": 17883000.0,
        "Basic Average Shares": 17721000.0,
        "Diluted EPS": -0.23,
        "Basic EPS": -0.23,
        "Diluted NI Availto Com Stockholders": -3995000.0,
        "Net Income Common Stockholders": -3995000.0,
        "Net Income": -3995000.0,
        "Minority Interests": -35000.0,
        "Net Income Including Noncontrolling Interests": -3960000.0,
        "Net Income Discontinuous Operations": NaN,
        "Net Income Continuous Operations": -3960000.0,
        "Earnings From Equity Interest Net Of Tax": -56000.0,
        "Tax Provision": 484000.0,
        "Pretax Income": -3420000.0,
        "Other Income Expense": 278000.0,
        "Other Non Operating Income Expenses": 278000.0,
        "Special Income Charges": 0.0,
        "Impairment Of Capital Assets": 0.0,
        "Net Non Operating Interest Income Expense": -273000.0,
        "Interest Expense Non Operating": 273000.0,
        "Operating Income": -3425000.0,
        "Operating Expense": 18462000.0,
        "Other Taxes": 386000.0,
        "Selling General And Administration": 18076000.0,
        "Gross Profit": 15037000.0,
        "Cost Of Revenue": 229652000.0,
        "Total Revenue": 244689000.0,
        "Operating Revenue": 244689000.0
    },
    "2023-01-31": {
        "Tax Effect Of Unusual Items": NaN,
        "Tax Rate For Calcs": NaN,
        "Normalized EBITDA": NaN,
        "Total Unusual Items": 0.0,
        "Total Unusual Items Excluding Goodwill": 0.0,
        "Net Income From Continuing Operation Net Minority Interest": NaN,
        "Reconciled Depreciation": NaN,
        "Reconciled Cost Of Revenue": NaN,
        "EBITDA": NaN,
        "EBIT": NaN,
        "Net Interest Income": NaN,
        "Interest Expense": NaN,
        "Normalized Income": NaN,
        "Net Income From Continuing And Discontinued Operation": NaN,
        "Total Expenses": NaN,
        "Total Operating Income As Reported": NaN,
        "Diluted Average Shares": NaN,
        "Basic Average Shares": NaN,
        "Diluted EPS": NaN,
        "Basic EPS": NaN,
        "Diluted NI Availto Com Stockholders": NaN,
        "Net Income Common Stockholders": NaN,
        "Net Income": NaN,
        "Minority Interests": NaN,
        "Net Income Including Noncontrolling Interests": NaN,
        "Net Income Discontinuous Operations": -2350000.0,
        "Net Income Continuous Operations": NaN,
        "Earnings From Equity Interest Net Of Tax": NaN,
        "Tax Provision": NaN,
        "Pretax Income": NaN,
        "Other Income Expense": NaN,
        "Other Non Operating Income Expenses": NaN,
        "Special Income Charges": 0.0,
        "Impairment Of Capital Assets": 0.0,
        "Net Non Operating Interest Income Expense": NaN,
        "Interest Expense Non Operating": NaN,
        "Operating Income": NaN,
        "Operating Expense": NaN,
        "Other Taxes": NaN,
        "Selling General And Administration": NaN,
        "Gross Profit": NaN,
        "Cost Of Revenue": NaN,
        "Total Revenue": NaN,
        "Operating Revenue": NaN
    },
    "2022-10-31": {
        "Tax Effect Of Unusual Items": NaN,
        "Tax Rate For Calcs": NaN,
        "Normalized EBITDA": NaN,
        "Total Unusual Items": -2748000.0,
        "Total Unusual Items Excluding Goodwill": -2748000.0,
        "Net Income From Continuing Operation Net Minority Interest": NaN,
        "Reconciled Depreciation": NaN,
        "Reconciled Cost Of Revenue": NaN,
        "EBITDA": NaN,
        "EBIT": NaN,
        "Net Interest Income": NaN,
        "Interest Expense": NaN,
        "Normalized Income": NaN,
        "Net Income From Continuing And Discontinued Operation": NaN,
        "Total Expenses": NaN,
        "Total Operating Income As Reported": NaN,
        "Diluted Average Shares": NaN,
        "Basic Average Shares": NaN,
        "Diluted EPS": NaN,
        "Basic EPS": NaN,
        "Diluted NI Availto Com Stockholders": NaN,
        "Net Income Common Stockholders": NaN,
        "Net Income": NaN,
        "Minority Interests": NaN,
        "Net Income Including Noncontrolling Interests": NaN,
        "Net Income Discontinuous Operations": NaN,
        "Net Income Continuous Operations": NaN,
        "Earnings From Equity Interest Net Of Tax": NaN,
        "Tax Provision": NaN,
        "Pretax Income": NaN,
        "Other Income Expense": NaN,
        "Other Non Operating Income Expenses": NaN,
        "Special Income Charges": 54000.0,
        "Gain On Sale Of Business": 54000.0,
        "Impairment Of Capital Assets": 0.0,
        "Gain On Sale Of Security": -2802000.0,
        "Net Non Operating Interest Income Expense": NaN,
        "Interest Expense Non Operating": NaN,
        "Operating Income": NaN,
        "Operating Expense": NaN,
        "Other Taxes": NaN,
        "Selling General And Administration": NaN,
        "Gross Profit": NaN,
        "Cost Of Revenue": NaN,
        "Total Revenue": NaN,
        "Operating Revenue": NaN
    },
    "2022-07-31": {
        "Tax Effect Of Unusual Items": 489702.723735,
        "Tax Rate For Calcs": 0.382879,
        "Normalized EBITDA": 5843000.0,
        "Total Unusual Items": 1279000.0,
        "Total Unusual Items Excluding Goodwill": 1279000.0,
        "Net Income From Continuing Operation Net Minority Interest": 1300000.0,
        "Reconciled Depreciation": 4067000.0,
        "Reconciled Cost Of Revenue": 323477000.0,
        "EBITDA": 7122000.0,
        "EBIT": 3055000.0,
        "Net Interest Income": -485000.0,
        "Interest Expense": 485000.0,
        "Normalized Income": 510702.723735,
        "Net Income From Continuing And Discontinued Operation": 1300000.0,
        "Total Expenses": 340493000.0,
        "Total Operating Income As Reported": 1552000.0,
        "Diluted Average Shares": 17769000.0,
        "Basic Average Shares": 17667000.0,
        "Diluted EPS": 0.07,
        "Basic EPS": 0.07,
        "Diluted NI Availto Com Stockholders": 1300000.0,
        "Net Income Common Stockholders": 1300000.0,
        "Net Income": 1300000.0,
        "Minority Interests": -17000.0,
        "Net Income Including Noncontrolling Interests": 1317000.0,
        "Net Income Continuous Operations": 1317000.0,
        "Earnings From Equity Interest Net Of Tax": -269000.0,
        "Tax Provision": 984000.0,
        "Pretax Income": 2570000.0,
        "Other Income Expense": 1557000.0,
        "Other Non Operating Income Expenses": 278000.0,
        "Special Income Charges": 54000.0,
        "Gain On Sale Of Business": 54000.0,
        "Impairment Of Capital Assets": 0.0,
        "Gain On Sale Of Security": 1225000.0,
        "Net Non Operating Interest Income Expense": -485000.0,
        "Interest Expense Non Operating": 485000.0,
        "Operating Income": 1498000.0,
        "Operating Expense": 17016000.0,
        "Other Taxes": 303000.0,
        "Provision For Doubtful Accounts": NaN,
        "Selling General And Administration": 16713000.0,
        "Gross Profit": 18514000.0,
        "Cost Of Revenue": 323477000.0,
        "Total Revenue": 341991000.0,
        "Operating Revenue": 341991000.0
    },
    "2022-04-30": {
        "Diluted EPS": -0.01,
        "Total Revenue": 331,
        "Gross Profit": 22,
        "Operating Income": 4,
        "EBIT": 9,
        "Net Income": 0
    },
    "2022-01-31": {
        "Diluted EPS": -0.23,
        "Total Revenue": 274,
        "Gross Profit": 13,
        "Operating Income": -3,
        "EBIT": 1,
        "Net Income": -4
    },
    "2021-10-31": {
        "Diluted EPS": -0.73,
        "Total Revenue": 273,
        "Gross Profit": 9,
        "Operating Income": -17,
        "EBIT": -12,
        "Net Income": -13
    },
    "2021-07-31": {
        "Diluted EPS": -0.74,
        "Total Revenue": 285,
        "Gross Profit": 8,
        "Operating Income": -6,
        "EBIT": -1,
        "Net Income": -13
    },
    "2021-04-30": {
        "Diluted EPS": 0.5,
        "Total Revenue": 277,
        "Gross Profit": 23,
        "Operating Income": 9,
        "EBIT": 13,
        "Net Income": 9
    },
    "2021-01-31": {
        "Diluted EPS": 0.3,
        "Total Revenue": 221,
        "Gross Profit": 18,
        "Operating Income": 4,
        "EBIT": 8,
        "Net Income": 5
    },
    "2020-10-31": {
        "Diluted EPS": 0.35,
        "Total Revenue": 234,
        "Gross Profit": 21,
        "Operating Income": 8,
        "EBIT": 12,
        "Net Income": 6
    },
    "2020-07-31": {
        "Diluted EPS": -0.89,
        "Total Revenue": 270,
        "Gross Profit": 31,
        "Operating Income": 17,
        "EBIT": 22,
        "Net Income": -16
    },
    "2020-04-30": {
        "Diluted EPS": -0.19,
        "Total Revenue": 281,
        "Gross Profit": 22,
        "Operating Income": 8,
        "EBIT": 12,
        "Net Income": -3
    },
    "2020-01-31": {
        "Diluted EPS": -0.05,
        "Total Revenue": 273,
        "Gross Profit": 16,
        "Operating Income": 0,
        "EBIT": 3,
        "Net Income": -1
    },
    "2019-10-31": {
        "Diluted EPS": 0.29,
        "Total Revenue": 292,
        "Gross Profit": 25,
        "Operating Income": 10,
        "EBIT": 13,
        "Net Income": 5
    },
    "2019-07-31": {
        "Diluted EPS": 0.6,
        "Total Revenue": 359,
        "Gross Profit": 36,
        "Operating Income": 22,
        "EBIT": 25,
        "Net Income": 11
    },
    "2019-04-30": {
        "Diluted EPS": 0.93,
        "Total Revenue": 286,
        "Gross Profit": 37,
        "Operating Income": 23,
        "EBIT": 26,
        "Net Income": 16
    },
    "2019-01-31": {
        "Diluted EPS": 0.26,
        "Total Revenue": 258,
        "Gross Profit": 31,
        "Operating Income": 17,
        "EBIT": 20,
        "Net Income": 4
    },
    "2018-10-31": {
        "Diluted EPS": -0.07,
        "Total Revenue": 280,
        "Gross Profit": 22,
        "Operating Income": 7,
        "EBIT": 11,
        "Net Income": -1
    },
    "2018-07-31": {
        "Diluted EPS": 0.7,
        "Total Revenue": 296,
        "Gross Profit": 33,
        "Operating Income": 19,
        "EBIT": 22,
        "Net Income": 12
    },
    "2018-04-30": {
        "Diluted EPS": 0.8,
        "Total Revenue": 264,
        "Gross Profit": 32,
        "Operating Income": 19,
        "EBIT": 22,
        "Net Income": 14
    },
    "2018-01-31": {
        "Diluted EPS": 0.41,
        "Total Revenue": 248,
        "Gross Profit": 26,
        "Operating Income": 11,
        "EBIT": 14,
        "Net Income": 7
    },
    "2017-10-31": {
        "Diluted EPS": 0.59,
        "Total Revenue": 277,
        "Gross Profit": 32,
        "Operating Income": 17,
        "EBIT": 20,
        "Net Income": 10
    },
    "2017-07-31": {
        "Diluted EPS": 0.5,
        "Total Revenue": 302,
        "Gross Profit": 25,
        "Operating Income": 12,
        "EBIT": 15,
        "Net Income": 9
    },
    "2017-04-30": {
        "Diluted EPS": 0.74,
        "Total Revenue": 270,
        "Gross Profit": 36,
        "Operating Income": 21,
        "EBIT": 23,
        "Net Income": 13
    },
    "2017-01-31": {
        "Diluted EPS": 0.3,
        "Total Revenue": 227,
        "Gross Profit": 22,
        "Operating Income": 8,
        "EBIT": 10,
        "Net Income": 5
    },
    "2016-10-31": {
        "Diluted EPS": 0.52,
        "Total Revenue": 248,
        "Gross Profit": 27,
        "Operating Income": 16,
        "EBIT": 18,
        "Net Income": 9
    },
    "2016-07-31": {
        "Diluted EPS": 0.73,
        "Total Revenue": 263,
        "Gross Profit": 33,
        "Operating Income": 20,
        "EBIT": 23,
        "Net Income": 13
    },
    "2016-04-30": {
        "Diluted EPS": 0.56,
        "Total Revenue": 220,
        "Gross Profit": 27,
        "Operating Income": 15,
        "EBIT": 17,
        "Net Income": 10
    },
    "2016-01-31": {
        "Diluted EPS": 0.37,
        "Total Revenue": 205,
        "Gross Profit": 21,
        "Operating Income": 10,
        "EBIT": 12,
        "Net Income": 6
    },
    "2015-10-31": {
        "Diluted EPS": 0.27,
        "Total Revenue": 208,
        "Gross Profit": 20,
        "Operating Income": 9,
        "EBIT": 11,
        "Net Income": 5
    },
    "2015-07-31": {
        "Diluted EPS": 0.5,
        "Total Revenue": 232,
        "Gross Profit": 24,
        "Operating Income": 14,
        "EBIT": 16,
        "Net Income": 9
    },
    "2015-04-30": {
        "Diluted EPS": 0.49,
        "Total Revenue": 222,
        "Gross Profit": 23,
        "Operating Income": 13,
        "EBIT": 15,
        "Net Income": 8
    },
    "2015-01-31": {
        "Diluted EPS": 0.31,
        "Total Revenue": 195,
        "Gross Profit": 18,
        "Operating Income": 8,
        "EBIT": 10,
        "Net Income": 5
    },
    "2014-10-31": {
        "Diluted EPS": -0.06,
        "Total Revenue": 201,
        "Gross Profit": 19,
        "Operating Income": -2,
        "EBIT": -1,
        "Net Income": -1
    },
    "2014-07-31": {
        "Diluted EPS": 0.09,
        "Total Revenue": 219,
        "Gross Profit": 20,
        "Operating Income": -13,
        "EBIT": -11,
        "Net Income": 2
    },
    "2014-04-30": {
        "Diluted EPS": 0.09,
        "Total Revenue": 195,
        "Gross Profit": 19,
        "Operating Income": 3,
        "EBIT": 4,
        "Net Income": 2
    },
    "2014-01-31": {
        "Diluted EPS": -0.11,
        "Total Revenue": 168,
        "Gross Profit": 14,
        "Operating Income": -4,
        "EBIT": -2,
        "Net Income": -2
    },
    "2013-10-31": {
        "Diluted EPS": -0.88,
        "Total Revenue": 191,
        "Gross Profit": 17,
        "Operating Income": -24,
        "EBIT": -23,
        "Net Income": -13
    },
    "2013-07-31": {
        "Diluted EPS": 0.43,
        "Total Revenue": 195,
        "Gross Profit": 18,
        "Operating Income": 9,
        "EBIT": 11,
        "Net Income": 6
    },
    "2013-04-30": {
        "Diluted EPS": 0.15,
        "Total Revenue": 166,
        "Gross Profit": 12,
        "Operating Income": 3,
        "EBIT": 5,
        "Net Income": 2
    },
    "2013-01-31": {
        "Diluted EPS": 0.18,
        "Total Revenue": 139,
        "Gross Profit": 13,
        "Operating Income": 4,
        "EBIT": 6,
        "Net Income": 3
    },
    "2012-10-31": {
        "Diluted EPS": 0.32,
        "Total Revenue": 142,
        "Gross Profit": 18,
        "Operating Income": 5,
        "EBIT": 7,
        "Net Income": 5
    },
    "2012-07-31": {
        "Diluted EPS": 0.38,
        "Total Revenue": 153,
        "Gross Profit": 16,
        "Operating Income": 8,
        "EBIT": 10,
        "Net Income": 6
    },
    "2012-04-30": {
        "Diluted EPS": 0.17,
        "Total Revenue": 139,
        "Gross Profit": 15,
        "Operating Income": 7,
        "EBIT": 8,
        "Net Income": 3
    },
    "2012-01-31": {
        "Diluted EPS": 0.18,
        "Total Revenue": 117,
        "Gross Profit": 12,
        "Operating Income": 4,
        "EBIT": 6,
        "Net Income": 3
    },
    "2011-10-31": {
        "Diluted EPS": 0.25,
        "Total Revenue": 147,
        "Gross Profit": 13,
        "Operating Income": 6,
        "EBIT": 8,
        "Net Income": 4
    },
    "2011-07-31": {
        "Diluted EPS": 0.18,
        "Total Revenue": 165,
        "Gross Profit": 11,
        "Operating Income": 4,
        "EBIT": 6,
        "Net Income": 3
    },
    "2011-04-30": {
        "Diluted EPS": 0.16,
        "Total Revenue": 119,
        "Gross Profit": 9,
        "Operating Income": 4,
        "EBIT": 5,
        "Net Income": 2
    },
    "2011-01-31": {
        "Diluted EPS": 0.16,
        "Total Revenue": 91,
        "Gross Profit": 9,
        "Operating Income": 4,
        "EBIT": 5,
        "Net Income": 2
    },
    "2010-10-31": {
        "Diluted EPS": 0.32,
        "Total Revenue": 107,
        "Gross Profit": 14,
        "Operating Income": 7,
        "EBIT": 8,
        "Net Income": 5
    },
    "2010-07-31": {
        "Diluted EPS": 0.41,
        "Total Revenue": 115,
        "Gross Profit": 15,
        "Operating Income": 10,
        "EBIT": 11,
        "Net Income": 6
    },
    "2010-04-30": {
        "Diluted EPS": 0.33,
        "Total Revenue": 109,
        "Gross Profit": 13,
        "Operating Income": 8,
        "EBIT": 8,
        "Net Income": 5
    },
    "2010-01-31": {
        "Diluted EPS": 0.16,
        "Total Revenue": 67,
        "Gross Profit": 9,
        "Operating Income": 4,
        "EBIT": 5,
        "Net Income": 2
    },
    "2009-10-31": {
        "Diluted EPS": 0.16,
        "Total Revenue": 81,
        "Gross Profit": 9,
        "Operating Income": 3,
        "EBIT": 4,
        "Net Income": 2
    },
    "2009-07-31": {
        "Diluted EPS": 0.17,
        "Total Revenue": 106,
        "Gross Profit": 10,
        "Operating Income": 4,
        "EBIT": 5,
        "Net Income": 2
    },
    "2009-04-30": {
        "Diluted EPS": 0.31,
        "Total Revenue": 87,
        "Gross Profit": 13,
        "Operating Income": 7,
        "EBIT": 8,
        "Net Income": 4
    },
    "2009-01-31": {
        "Diluted EPS": 0.3,
        "Total Revenue": 71,
        "Gross Profit": 12,
        "Operating Income": 7,
        "EBIT": 8,
        "Net Income": 4
    },
    "2023-07-31": {
        "Tax Effect Of Unusual Items": 0.0,
        "Tax Rate For Calcs": 0.084,
        "Normalized EBITDA": 12978000.0,
        "Total Unusual Items": 0.0,
        "Total Unusual Items Excluding Goodwill": 0.0,
        "Net Income From Continuing Operation Net Minority Interest": 6626000.0,
        "Reconciled Depreciation": 4362000.0,
        "Reconciled Cost Of Revenue": 234850000.0,
        "EBITDA": 12978000.0,
        "EBIT": 8616000.0,
        "Net Interest Income": -793000.0,
        "Interest Expense": 793000.0,
        "Normalized Income": 6626000.0,
        "Net Income From Continuing And Discontinued Operation": 6626000.0,
        "Total Expenses": 251489000.0,
        "Total Operating Income As Reported": 8386000.0,
        "Diluted Average Shares": 17856000.0,
        "Basic Average Shares": 17756000.0,
        "Diluted EPS": 0.37,
        "Basic EPS": 0.37,
        "Diluted NI Availto Com Stockholders": 6626000.0,
        "Net Income Common Stockholders": 6626000.0,
        "Net Income": 6626000.0,
        "Minority Interests": -82000.0,
        "Net Income Including Noncontrolling Interests": 6708000.0,
        "Net Income Discontinuous Operations": NaN,
        "Net Income Continuous Operations": 6708000.0,
        "Earnings From Equity Interest Net Of Tax": -498000.0,
        "Tax Provision": 617000.0,
        "Pretax Income": 7823000.0,
        "Other Income Expense": 230000.0,
        "Other Non Operating Income Expenses": 230000.0,
        "Special Income Charges": 0.0,
        "Impairment Of Capital Assets": 0.0,
        "Net Non Operating Interest Income Expense": -793000.0,
        "Interest Expense Non Operating": 793000.0,
        "Operating Income": 8386000.0,
        "Operating Expense": 16639000.0,
        "Other Taxes": -1203000.0,
        "Selling General And Administration": 17842000.0,
        "Gross Profit": 25025000.0,
        "Cost Of Revenue": 234850000.0,
        "Total Revenue": 259875000.0,
        "Operating Revenue": 259875000.0
    },
    "2023-10-31": {
        "Tax Effect Of Unusual Items": 0.0,
        "Tax Rate For Calcs": 0.21,
        "Normalized EBITDA": 3962000.0,
        "Total Unusual Items": 0.0,
        "Total Unusual Items Excluding Goodwill": 0.0,
        "Net Income From Continuing Operation Net Minority Interest": -7907000.0,
        "Reconciled Depreciation": 4467000.0,
        "Reconciled Cost Of Revenue": 225718000.0,
        "EBITDA": 3962000.0,
        "EBIT": -505000.0,
        "Net Interest Income": -408000.0,
        "Interest Expense": 1013000.0,
        "Normalized Income": -7907000.0,
        "Net Income From Continuing And Discontinued Operation": -7907000.0,
        "Total Expenses": 241744000.0,
        "Total Operating Income As Reported": -564000.0,
        "Diluted Average Shares": 17766000.0,
        "Basic Average Shares": 17766000.0,
        "Diluted EPS": -0.45,
        "Basic EPS": -0.45,
        "Diluted NI Availto Com Stockholders": -7907000.0,
        "Net Income Common Stockholders": -7907000.0,
        "Net Income": -7907000.0,
        "Minority Interests": 13000.0,
        "Net Income Including Noncontrolling Interests": -7920000.0,
        "Net Income Discontinuous Operations": NaN,
        "Net Income Continuous Operations": -7920000.0,
        "Earnings From Equity Interest Net Of Tax": -481000.0,
        "Tax Provision": 5921000.0,
        "Pretax Income": -1518000.0,
        "Other Income Expense": -546000.0,
        "Other Non Operating Income Expenses": -546000.0,
        "Special Income Charges": 0.0,
        "Impairment Of Capital Assets": 0.0,
        "Net Non Operating Interest Income Expense": -408000.0,
        "Interest Expense Non Operating": 1013000.0,
        "Operating Income": -564000.0,
        "Operating Expense": 16026000.0,
        "Other Taxes": 1897000.0,
        "Selling General And Administration": 14129000.0,
        "Gross Profit": 15462000.0,
        "Cost Of Revenue": 225718000.0,
        "Total Revenue": 241180000.0,
        "Operating Revenue": 241180000.0
    },
    "2024-01-31": {
        "Tax Effect Of Unusual Items": 0.0,
        "Tax Rate For Calcs": 0.4,
        "Normalized EBITDA": 3377000.0,
        "Total Unusual Items": NaN,
        "Total Unusual Items Excluding Goodwill": NaN,
        "Net Income From Continuing Operation Net Minority Interest": -2584000.0,
        "Reconciled Depreciation": 4555000.0,
        "Reconciled Cost Of Revenue": 115138000.0,
        "EBITDA": 3377000.0,
        "EBIT": -1178000.0,
        "Net Interest Income": -824000.0,
        "Interest Expense": 824000.0,
        "Normalized Income": -2584000.0,
        "Net Income From Continuing And Discontinued Operation": -6267000.0,
        "Total Expenses": 128984000.0,
        "Total Operating Income As Reported": -1378000.0,
        "Diluted Average Shares": 17799000.0,
        "Basic Average Shares": 17799000.0,
        "Diluted EPS": -0.35,
        "Basic EPS": -0.35,
        "Diluted NI Availto Com Stockholders": -6267000.0,
        "Net Income Common Stockholders": -6267000.0,
        "Net Income": -6267000.0,
        "Minority Interests": -10000.0,
        "Net Income Including Noncontrolling Interests": -6257000.0,
        "Net Income Discontinuous Operations": -3683000.0,
        "Net Income Continuous Operations": -2574000.0,
        "Earnings From Equity Interest Net Of Tax": 1000.0,
        "Tax Provision": 573000.0,
        "Pretax Income": -2002000.0,
        "Other Income Expense": 200000.0,
        "Other Non Operating Income Expenses": 200000.0,
        "Special Income Charges": NaN,
        "Impairment Of Capital Assets": NaN,
        "Net Non Operating Interest Income Expense": -824000.0,
        "Interest Expense Non Operating": 824000.0,
        "Operating Income": -1378000.0,
        "Operating Expense": 13846000.0,
        "Other Taxes": 383000.0,
        "Selling General And Administration": 13463000.0,
        "Gross Profit": 12468000.0,
        "Cost Of Revenue": 115138000.0,
        "Total Revenue": 127606000.0,
        "Operating Revenue": 127606000.0
    },
    "2024-04-30": {
        "Tax Effect Of Unusual Items": 0.0,
        "Tax Rate For Calcs": 0.057,
        "Normalized EBITDA": 9733000.0,
        "Total Unusual Items": NaN,
        "Total Unusual Items Excluding Goodwill": NaN,
        "Net Income From Continuing Operation Net Minority Interest": 6470000.0,
        "Reconciled Depreciation": 2078000.0,
        "Reconciled Cost Of Revenue": 164026000.0,
        "EBITDA": 9733000.0,
        "EBIT": 7655000.0,
        "Net Interest Income": -962000.0,
        "Interest Expense": 962000.0,
        "Normalized Income": 6470000.0,
        "Net Income From Continuing And Discontinued Operation": 6062000.0,
        "Total Expenses": 177248000.0,
        "Total Operating Income As Reported": 7135000.0,
        "Diluted Average Shares": 17872000.0,
        "Basic Average Shares": 17800000.0,
        "Diluted EPS": 0.34,
        "Basic EPS": 0.34,
        "Diluted NI Availto Com Stockholders": 6062000.0,
        "Net Income Common Stockholders": 6062000.0,
        "Net Income": 6062000.0,
        "Minority Interests": -37000.0,
        "Net Income Including Noncontrolling Interests": 6099000.0,
        "Net Income Discontinuous Operations": -408000.0,
        "Net Income Continuous Operations": 6507000.0,
        "Earnings From Equity Interest Net Of Tax": 204000.0,
        "Tax Provision": 390000.0,
        "Pretax Income": 6693000.0,
        "Other Income Expense": 520000.0,
        "Other Non Operating Income Expenses": 520000.0,
        "Special Income Charges": NaN,
        "Impairment Of Capital Assets": NaN,
        "Net Non Operating Interest Income Expense": -962000.0,
        "Interest Expense Non Operating": 962000.0,
        "Operating Income": 7135000.0,
        "Operating Expense": 13222000.0,
        "Other Taxes": 202000.0,
        "Selling General And Administration": 13020000.0,
        "Gross Profit": 20357000.0,
        "Cost Of Revenue": 164026000.0,
        "Total Revenue": 184383000.0,
        "Operating Revenue": 184383000.0
    }
}