{
    "2023-03-31": {
        "Tax Effect Of Unusual Items": NaN,
        "Tax Rate For Calcs": NaN,
        "Normalized EBITDA": NaN,
        "Total Unusual Items": NaN,
        "Total Unusual Items Excluding Goodwill": NaN,
        "Net Income From Continuing Operation Net Minority Interest": NaN,
        "EBITDA": NaN,
        "EBIT": NaN,
        "Net Interest Income": NaN,
        "Interest Income": NaN,
        "Normalized Income": NaN,
        "Net Income From Continuing And Discontinued Operation": NaN,
        "Total Expenses": NaN,
        "Total Operating Income As Reported": NaN,
        "Diluted Average Shares": 172500000.0,
        "Basic Average Shares": 172500000.0,
        "Diluted EPS": 0.03,
        "Basic EPS": 0.03,
        "Diluted NI Availto Com Stockholders": NaN,
        "Net Income Common Stockholders": NaN,
        "Net Income": NaN,
        "Net Income Including Noncontrolling Interests": NaN,
        "Net Income Continuous Operations": NaN,
        "Tax Provision": NaN,
        "Pretax Income": NaN,
        "Other Income Expense": NaN,
        "Gain On Sale Of Security": NaN,
        "Net Non Operating Interest Income Expense": NaN,
        "Interest Income Non Operating": NaN,
        "Operating Income": NaN,
        "Operating Expense": NaN,
        "Other Operating Expenses": NaN,
        "Selling General And Administration": 1117063.0,
        "General And Administrative Expense": 1117063.0,
        "Other Gand A": 1117063.0,
        "Total Revenue": NaN,
        "Operating Revenue": NaN
    },
    "2022-12-31": {
        "Tax Effect Of Unusual Items": 811717.05256,
        "Tax Rate For Calcs": 0.14649,
        "Normalized EBITDA": -6077097.0,
        "Total Unusual Items": 5541091.0,
        "Total Unusual Items Excluding Goodwill": 5541091.0,
        "Net Income From Continuing Operation Net Minority Interest": 13882667.0,
        "EBITDA": -536006.0,
        "EBIT": -536006.0,
        "Net Interest Income": 11260307.0,
        "Interest Income": 11260307.0,
        "Normalized Income": 9153293.05256,
        "Net Income From Continuing And Discontinued Operation": 13882667.0,
        "Total Expenses": 536006.0,
        "Total Operating Income As Reported": -536006.0,
        "Diluted Average Shares": NaN,
        "Basic Average Shares": NaN,
        "Diluted EPS": NaN,
        "Basic EPS": NaN,
        "Diluted NI Availto Com Stockholders": 13882667.0,
        "Net Income Common Stockholders": 13882667.0,
        "Net Income": 13882667.0,
        "Net Income Including Noncontrolling Interests": 13882667.0,
        "Net Income Continuous Operations": 13882667.0,
        "Tax Provision": 2382725.0,
        "Pretax Income": 16265392.0,
        "Other Income Expense": 5541091.0,
        "Gain On Sale Of Security": 5541091.0,
        "Net Non Operating Interest Income Expense": 11260307.0,
        "Interest Income Non Operating": 11260307.0,
        "Operating Income": -536006.0,
        "Operating Expense": 536006.0,
        "Other Operating Expenses": 536006.0,
        "Selling General And Administration": NaN,
        "General And Administrative Expense": NaN,
        "Other Gand A": NaN,
        "Total Revenue": 0.0,
        "Operating Revenue": 0.0
    },
    "2022-09-30": {
        "Tax Effect Of Unusual Items": NaN,
        "Tax Rate For Calcs": NaN,
        "Normalized EBITDA": NaN,
        "Total Unusual Items": NaN,
        "Total Unusual Items Excluding Goodwill": NaN,
        "Net Income From Continuing Operation Net Minority Interest": NaN,
        "EBITDA": NaN,
        "EBIT": NaN,
        "Net Interest Income": NaN,
        "Interest Income": NaN,
        "Normalized Income": NaN,
        "Net Income From Continuing And Discontinued Operation": NaN,
        "Total Expenses": NaN,
        "Total Operating Income As Reported": NaN,
        "Diluted Average Shares": 172500000.0,
        "Basic Average Shares": 172500000.0,
        "Diluted EPS": 0.1,
        "Basic EPS": 0.1,
        "Diluted NI Availto Com Stockholders": NaN,
        "Net Income Common Stockholders": NaN,
        "Net Income": NaN,
        "Net Income Including Noncontrolling Interests": NaN,
        "Net Income Continuous Operations": NaN,
        "Tax Provision": NaN,
        "Pretax Income": NaN,
        "Other Income Expense": NaN,
        "Gain On Sale Of Security": NaN,
        "Net Non Operating Interest Income Expense": NaN,
        "Interest Income Non Operating": NaN,
        "Operating Income": NaN,
        "Operating Expense": NaN,
        "Other Operating Expenses": NaN,
        "Selling General And Administration": NaN,
        "General And Administrative Expense": NaN,
        "Other Gand A": NaN,
        "Total Revenue": NaN,
        "Operating Revenue": NaN
    },
    "2022-06-30": {
        "Tax Effect Of Unusual Items": 267573.215,
        "Tax Rate For Calcs": 0.0182,
        "Normalized EBITDA": -15257526.0,
        "Total Unusual Items": 14701825.0,
        "Total Unusual Items Excluding Goodwill": 14701825.0,
        "Net Income From Continuing Operation Net Minority Interest": 15795253.0,
        "EBITDA": -555701.0,
        "EBIT": -555701.0,
        "Net Interest Income": 1941301.0,
        "Interest Income": 1941301.0,
        "Normalized Income": 1361001.215,
        "Net Income From Continuing And Discontinued Operation": 15795253.0,
        "Total Expenses": 555701.0,
        "Total Operating Income As Reported": -555701.0,
        "Diluted Average Shares": 172500000.0,
        "Basic Average Shares": 172500000.0,
        "Diluted EPS": 0.09,
        "Basic EPS": 0.09,
        "Diluted NI Availto Com Stockholders": 15795253.0,
        "Net Income Common Stockholders": 15795253.0,
        "Net Income": 15795253.0,
        "Net Income Including Noncontrolling Interests": 15795253.0,
        "Net Income Continuous Operations": 15795253.0,
        "Tax Provision": 292172.0,
        "Pretax Income": 16087425.0,
        "Other Income Expense": 14701825.0,
        "Gain On Sale Of Security": 14701825.0,
        "Net Non Operating Interest Income Expense": 1941301.0,
        "Interest Income Non Operating": 1941301.0,
        "Operating Income": -555701.0,
        "Operating Expense": 555701.0,
        "Other Operating Expenses": 555701.0,
        "Selling General And Administration": NaN,
        "General And Administrative Expense": NaN,
        "Other Gand A": NaN,
        "Total Revenue": 0.0,
        "Operating Revenue": 0.0
    },
    "2022-03-31": {
        "Diluted EPS": 0.14,
        "Total Revenue": NaN,
        "Gross Profit": NaN,
        "Operating Income": -1,
        "EBIT": -1,
        "Net Income": 24
    },
    "2021-12-31": {
        "Diluted EPS": 0.0,
        "Total Revenue": NaN,
        "Gross Profit": NaN,
        "Operating Income": -1,
        "EBIT": -1,
        "Net Income": -5
    },
    "2021-09-30": {
        "Diluted EPS": 0.17,
        "Total Revenue": NaN,
        "Gross Profit": NaN,
        "Operating Income": 0,
        "EBIT": 0,
        "Net Income": 30
    },
    "2021-06-30": {
        "Diluted EPS": -0.12,
        "Total Revenue": NaN,
        "Gross Profit": NaN,
        "Operating Income": -1,
        "EBIT": -1,
        "Net Income": -21
    },
    "2021-03-31": {
        "Diluted EPS": -0.08,
        "Total Revenue": NaN,
        "Gross Profit": NaN,
        "Operating Income": 0,
        "EBIT": 0,
        "Net Income": -8
    },
    "2020-12-31": {
        "Diluted EPS": 0.0,
        "Total Revenue": NaN,
        "Gross Profit": NaN,
        "Operating Income": NaN,
        "EBIT": NaN,
        "Net Income": NaN
    },
    "2023-06-30": {
        "Tax Effect Of Unusual Items": -399728.0,
        "Tax Rate For Calcs": 0.332,
        "Normalized EBITDA": -149170.0,
        "Total Unusual Items": -1204000.0,
        "Total Unusual Items Excluding Goodwill": -1204000.0,
        "Net Income From Continuing Operation Net Minority Interest": 6211341.0,
        "EBITDA": -1353170.0,
        "EBIT": -1353170.0,
        "Net Interest Income": 11855977.0,
        "Interest Income": 11855977.0,
        "Normalized Income": 7015613.0,
        "Net Income From Continuing And Discontinued Operation": 6211341.0,
        "Total Expenses": 1353170.0,
        "Total Operating Income As Reported": -1353170.0,
        "Diluted Average Shares": 133396746.0,
        "Basic Average Shares": 133396746.0,
        "Diluted EPS": 0.05,
        "Basic EPS": 0.05,
        "Diluted NI Availto Com Stockholders": 6211341.0,
        "Net Income Common Stockholders": 6211341.0,
        "Net Income": 6211341.0,
        "Net Income Including Noncontrolling Interests": 6211341.0,
        "Net Income Continuous Operations": 6211341.0,
        "Tax Provision": 3087466.0,
        "Pretax Income": 9298807.0,
        "Other Income Expense": -1204000.0,
        "Gain On Sale Of Security": -1204000.0,
        "Net Non Operating Interest Income Expense": 11855977.0,
        "Interest Income Non Operating": 11855977.0,
        "Operating Income": -1353170.0,
        "Operating Expense": 1353170.0,
        "Other Operating Expenses": 1353170.0,
        "Selling General And Administration": NaN,
        "General And Administrative Expense": NaN,
        "Other Gand A": NaN,
        "Total Revenue": 0.0,
        "Operating Revenue": 0.0
    },
    "2023-09-30": {
        "Tax Effect Of Unusual Items": -2149140.0,
        "Tax Rate For Calcs": 0.21,
        "Normalized EBITDA": 6829217.0,
        "Total Unusual Items": -10234000.0,
        "Total Unusual Items Excluding Goodwill": -10234000.0,
        "Net Income From Continuing Operation Net Minority Interest": -9999449.0,
        "EBITDA": -3404783.0,
        "EBIT": -3404783.0,
        "Net Interest Income": 7769263.0,
        "Interest Income": 7769263.0,
        "Normalized Income": -1914589.0,
        "Net Income From Continuing And Discontinued Operation": -9999449.0,
        "Total Expenses": 3404783.0,
        "Total Operating Income As Reported": -3404783.0,
        "Diluted Average Shares": 92516071.0,
        "Basic Average Shares": 92516071.0,
        "Diluted EPS": -0.11,
        "Basic EPS": -0.11,
        "Diluted NI Availto Com Stockholders": -9999449.0,
        "Net Income Common Stockholders": -9999449.0,
        "Net Income": -9999449.0,
        "Net Income Including Noncontrolling Interests": -9999449.0,
        "Net Income Continuous Operations": -9999449.0,
        "Tax Provision": 4129929.0,
        "Pretax Income": -5869520.0,
        "Other Income Expense": -10234000.0,
        "Gain On Sale Of Security": -10234000.0,
        "Net Non Operating Interest Income Expense": 7769263.0,
        "Interest Income Non Operating": 7769263.0,
        "Operating Income": -3404783.0,
        "Operating Expense": 3404783.0,
        "Other Operating Expenses": 3404783.0,
        "Selling General And Administration": NaN,
        "General And Administrative Expense": NaN,
        "Other Gand A": NaN,
        "Total Revenue": 0.0,
        "Operating Revenue": 0.0
    },
    "2023-12-31": {
        "Tax Effect Of Unusual Items": 1657069.664189,
        "Tax Rate For Calcs": 0.152923,
        "Normalized EBITDA": -11561739.0,
        "Total Unusual Items": 10836000.0,
        "Total Unusual Items Excluding Goodwill": 10836000.0,
        "Net Income From Continuing Operation Net Minority Interest": 15837692.0,
        "EBITDA": -725739.0,
        "EBIT": -725739.0,
        "Net Interest Income": 7991380.0,
        "Interest Income": 7991380.0,
        "Normalized Income": 6658761.664189,
        "Net Income From Continuing And Discontinued Operation": 15837692.0,
        "Total Expenses": 725739.0,
        "Total Operating Income As Reported": -725739.0,
        "Diluted Average Shares": NaN,
        "Basic Average Shares": NaN,
        "Diluted EPS": NaN,
        "Basic EPS": NaN,
        "Diluted NI Availto Com Stockholders": 15837692.0,
        "Net Income Common Stockholders": 15837692.0,
        "Net Income": 15837692.0,
        "Net Income Including Noncontrolling Interests": 15837692.0,
        "Net Income Continuous Operations": 15837692.0,
        "Tax Provision": 2859174.0,
        "Pretax Income": 18696866.0,
        "Other Income Expense": 11431225.0,
        "Gain On Sale Of Security": 10836000.0,
        "Net Non Operating Interest Income Expense": 7991380.0,
        "Interest Income Non Operating": 7991380.0,
        "Operating Income": -725739.0,
        "Operating Expense": 725739.0,
        "Other Operating Expenses": 725739.0,
        "Selling General And Administration": NaN,
        "General And Administrative Expense": NaN,
        "Other Gand A": NaN,
        "Total Revenue": 0.0,
        "Operating Revenue": 0.0
    },
    "2024-03-31": {
        "Tax Effect Of Unusual Items": -2401980.0,
        "Tax Rate For Calcs": 0.21,
        "Normalized EBITDA": 9811985.0,
        "Total Unusual Items": -11438000.0,
        "Total Unusual Items Excluding Goodwill": -11438000.0,
        "Net Income From Continuing Operation Net Minority Interest": -8013597.0,
        "EBITDA": -1626015.0,
        "EBIT": -1626015.0,
        "Net Interest Income": 7910692.0,
        "Interest Income": 7910692.0,
        "Normalized Income": 1022423.0,
        "Net Income From Continuing And Discontinued Operation": -8013597.0,
        "Total Expenses": 1626015.0,
        "Total Operating Income As Reported": -1626015.0,
        "Diluted Average Shares": 92008439.0,
        "Basic Average Shares": 92008439.0,
        "Diluted EPS": -0.09,
        "Basic EPS": -0.09,
        "Diluted NI Availto Com Stockholders": -8013597.0,
        "Net Income Common Stockholders": -8013597.0,
        "Net Income": -8013597.0,
        "Net Income Including Noncontrolling Interests": -8013597.0,
        "Net Income Continuous Operations": -8013597.0,
        "Tax Provision": 2860274.0,
        "Pretax Income": -5153323.0,
        "Other Income Expense": -11438000.0,
        "Gain On Sale Of Security": -11438000.0,
        "Net Non Operating Interest Income Expense": 7910692.0,
        "Interest Income Non Operating": 7910692.0,
        "Operating Income": -1626015.0,
        "Operating Expense": 1626015.0,
        "Other Operating Expenses": 1626015.0,
        "Selling General And Administration": NaN,
        "General And Administrative Expense": NaN,
        "Other Gand A": NaN,
        "Total Revenue": 0.0,
        "Operating Revenue": 0.0
    },
    "2024-06-30": {
        "Tax Effect Of Unusual Items": -379260.0,
        "Tax Rate For Calcs": 0.21,
        "Normalized EBITDA": 530898.0,
        "Total Unusual Items": -1806000.0,
        "Total Unusual Items Excluding Goodwill": -1806000.0,
        "Net Income From Continuing Operation Net Minority Interest": 2197274.0,
        "EBITDA": -1275102.0,
        "EBIT": -1275102.0,
        "Net Interest Income": 7956021.0,
        "Interest Income": 7956021.0,
        "Normalized Income": 3624014.0,
        "Net Income From Continuing And Discontinued Operation": 2197274.0,
        "Total Expenses": 1275102.0,
        "Total Operating Income As Reported": -1275102.0,
        "Diluted Average Shares": 91564261.0,
        "Basic Average Shares": 91564261.0,
        "Diluted EPS": 0.02,
        "Basic EPS": 0.02,
        "Diluted NI Availto Com Stockholders": 2197274.0,
        "Net Income Common Stockholders": 2197274.0,
        "Net Income": 2197274.0,
        "Net Income Including Noncontrolling Interests": 2197274.0,
        "Net Income Continuous Operations": 2197274.0,
        "Tax Provision": 2677645.0,
        "Pretax Income": 4874919.0,
        "Other Income Expense": -1806000.0,
        "Gain On Sale Of Security": -1806000.0,
        "Net Non Operating Interest Income Expense": 7956021.0,
        "Interest Income Non Operating": 7956021.0,
        "Operating Income": -1275102.0,
        "Operating Expense": 1275102.0,
        "Other Operating Expenses": 1275102.0,
        "Selling General And Administration": NaN,
        "General And Administrative Expense": NaN,
        "Other Gand A": NaN,
        "Total Revenue": 0.0,
        "Operating Revenue": 0.0
    }
}