{
    "2023-06-30": {
        "Tax Effect Of Unusual Items": NaN,
        "Tax Rate For Calcs": NaN,
        "Normalized EBITDA": NaN,
        "Total Unusual Items": NaN,
        "Total Unusual Items Excluding Goodwill": NaN,
        "Net Income From Continuing Operation Net Minority Interest": NaN,
        "Reconciled Depreciation": NaN,
        "Reconciled Cost Of Revenue": NaN,
        "EBITDA": NaN,
        "EBIT": NaN,
        "Net Interest Income": NaN,
        "Interest Expense": NaN,
        "Normalized Income": NaN,
        "Net Income From Continuing And Discontinued Operation": NaN,
        "Total Expenses": NaN,
        "Rent Expense Supplemental": NaN,
        "Total Operating Income As Reported": NaN,
        "Diluted Average Shares": 13574000.0,
        "Basic Average Shares": 12939000.0,
        "Diluted EPS": 0.91,
        "Basic EPS": 0.95,
        "Diluted NI Availto Com Stockholders": NaN,
        "Net Income Common Stockholders": NaN,
        "Net Income": NaN,
        "Net Income Including Noncontrolling Interests": NaN,
        "Net Income Discontinuous Operations": NaN,
        "Net Income Continuous Operations": NaN,
        "Tax Provision": NaN,
        "Pretax Income": NaN,
        "Other Income Expense": NaN,
        "Special Income Charges": NaN,
        "Gain On Sale Of Ppe": NaN,
        "Earnings From Equity Interest": NaN,
        "Net Non Operating Interest Income Expense": NaN,
        "Interest Expense Non Operating": NaN,
        "Operating Income": NaN,
        "Operating Expense": NaN,
        "Other Taxes": NaN,
        "Selling General And Administration": NaN,
        "General And Administrative Expense": NaN,
        "Other Gand A": NaN,
        "Insurance And Claims": NaN,
        "Gross Profit": NaN,
        "Cost Of Revenue": NaN,
        "Total Revenue": NaN,
        "Operating Revenue": NaN
    },
    "2023-03-31": {
        "Tax Effect Of Unusual Items": NaN,
        "Tax Rate For Calcs": NaN,
        "Normalized EBITDA": NaN,
        "Total Unusual Items": NaN,
        "Total Unusual Items Excluding Goodwill": NaN,
        "Net Income From Continuing Operation Net Minority Interest": NaN,
        "Reconciled Depreciation": NaN,
        "Reconciled Cost Of Revenue": NaN,
        "EBITDA": NaN,
        "EBIT": NaN,
        "Net Interest Income": NaN,
        "Interest Expense": NaN,
        "Normalized Income": NaN,
        "Net Income From Continuing And Discontinued Operation": NaN,
        "Total Expenses": NaN,
        "Rent Expense Supplemental": NaN,
        "Total Operating Income As Reported": NaN,
        "Diluted Average Shares": 13877000.0,
        "Basic Average Shares": 13361000.0,
        "Diluted EPS": 1.2,
        "Basic EPS": 1.25,
        "Diluted NI Availto Com Stockholders": NaN,
        "Net Income Common Stockholders": NaN,
        "Net Income": NaN,
        "Net Income Including Noncontrolling Interests": NaN,
        "Net Income Discontinuous Operations": NaN,
        "Net Income Continuous Operations": NaN,
        "Tax Provision": NaN,
        "Pretax Income": NaN,
        "Other Income Expense": NaN,
        "Special Income Charges": NaN,
        "Gain On Sale Of Ppe": NaN,
        "Earnings From Equity Interest": NaN,
        "Net Non Operating Interest Income Expense": NaN,
        "Interest Expense Non Operating": NaN,
        "Operating Income": NaN,
        "Operating Expense": NaN,
        "Other Taxes": NaN,
        "Selling General And Administration": NaN,
        "General And Administrative Expense": NaN,
        "Other Gand A": NaN,
        "Insurance And Claims": NaN,
        "Gross Profit": NaN,
        "Cost Of Revenue": NaN,
        "Total Revenue": NaN,
        "Operating Revenue": NaN
    },
    "2022-12-31": {
        "Tax Effect Of Unusual Items": NaN,
        "Tax Rate For Calcs": NaN,
        "Normalized EBITDA": NaN,
        "Total Unusual Items": NaN,
        "Total Unusual Items Excluding Goodwill": NaN,
        "Net Income From Continuing Operation Net Minority Interest": NaN,
        "Reconciled Depreciation": NaN,
        "Reconciled Cost Of Revenue": NaN,
        "EBITDA": NaN,
        "EBIT": NaN,
        "Net Interest Income": NaN,
        "Interest Expense": NaN,
        "Normalized Income": NaN,
        "Net Income From Continuing And Discontinued Operation": NaN,
        "Total Expenses": NaN,
        "Rent Expense Supplemental": NaN,
        "Total Operating Income As Reported": NaN,
        "Diluted Average Shares": 14205000.0,
        "Basic Average Shares": 13544000.0,
        "Diluted EPS": 0.81,
        "Basic EPS": 0.85,
        "Diluted NI Availto Com Stockholders": NaN,
        "Net Income Common Stockholders": NaN,
        "Net Income": NaN,
        "Net Income Including Noncontrolling Interests": NaN,
        "Net Income Discontinuous Operations": NaN,
        "Net Income Continuous Operations": NaN,
        "Tax Provision": NaN,
        "Pretax Income": NaN,
        "Other Income Expense": NaN,
        "Special Income Charges": NaN,
        "Gain On Sale Of Ppe": NaN,
        "Earnings From Equity Interest": NaN,
        "Net Non Operating Interest Income Expense": NaN,
        "Interest Expense Non Operating": NaN,
        "Operating Income": NaN,
        "Operating Expense": NaN,
        "Other Taxes": NaN,
        "Selling General And Administration": NaN,
        "General And Administrative Expense": NaN,
        "Other Gand A": NaN,
        "Insurance And Claims": NaN,
        "Gross Profit": NaN,
        "Cost Of Revenue": NaN,
        "Total Revenue": NaN,
        "Operating Revenue": NaN
    },
    "2022-09-30": {
        "Tax Effect Of Unusual Items": 9196857.990965,
        "Tax Rate For Calcs": 0.237516,
        "Normalized EBITDA": 27738000.0,
        "Total Unusual Items": 38721000.0,
        "Total Unusual Items Excluding Goodwill": 38721000.0,
        "Net Income From Continuing Operation Net Minority Interest": 49961000.0,
        "Reconciled Depreciation": 14357000.0,
        "Reconciled Cost Of Revenue": 262776000.0,
        "EBITDA": 66459000.0,
        "EBIT": 66459000.0,
        "Net Interest Income": -935000.0,
        "Interest Expense": 935000.0,
        "Normalized Income": 20436857.990965,
        "Net Income From Continuing And Discontinued Operation": 50486000.0,
        "Total Expenses": 291501000.0,
        "Rent Expense Supplemental": 78943000.0,
        "Total Operating Income As Reported": 59059000.0,
        "Diluted Average Shares": 14892000.0,
        "Basic Average Shares": 14405000.0,
        "Diluted EPS": 3.39,
        "Basic EPS": 3.5,
        "Diluted NI Availto Com Stockholders": 50486000.0,
        "Net Income Common Stockholders": 50486000.0,
        "Net Income": 50486000.0,
        "Net Income Including Noncontrolling Interests": 50486000.0,
        "Net Income Discontinuous Operations": 525000.0,
        "Net Income Continuous Operations": 49961000.0,
        "Tax Provision": 15563000.0,
        "Pretax Income": 65524000.0,
        "Other Income Expense": 46121000.0,
        "Special Income Charges": 38721000.0,
        "Gain On Sale Of Ppe": 38721000.0,
        "Earnings From Equity Interest": 7400000.0,
        "Net Non Operating Interest Income Expense": -935000.0,
        "Interest Expense Non Operating": 935000.0,
        "Operating Income": 20338000.0,
        "Operating Expense": 28725000.0,
        "Other Taxes": 3238000.0,
        "Selling General And Administration": 25487000.0,
        "General And Administrative Expense": 25487000.0,
        "Other Gand A": 12540000.0,
        "Insurance And Claims": 12947000.0,
        "Gross Profit": 49063000.0,
        "Cost Of Revenue": 262776000.0,
        "Total Revenue": 311839000.0,
        "Operating Revenue": 311839000.0
    },
    "2022-06-30": {
        "Tax Effect Of Unusual Items": 104093.752825,
        "Tax Rate For Calcs": 0.260887,
        "Normalized EBITDA": 33550000.0,
        "Total Unusual Items": 399000.0,
        "Total Unusual Items Excluding Goodwill": 399000.0,
        "Net Income From Continuing Operation Net Minority Interest": 24526000.0,
        "Reconciled Depreciation": 13932000.0,
        "Reconciled Cost Of Revenue": 265041000.0,
        "EBITDA": 33949000.0,
        "EBIT": 33949000.0,
        "Net Interest Income": -766000.0,
        "Interest Expense": 766000.0,
        "Normalized Income": 24231093.752825,
        "Net Income From Continuing And Discontinued Operation": 24526000.0,
        "Total Expenses": 290903000.0,
        "Rent Expense Supplemental": 81677000.0,
        "Total Operating Income As Reported": 26873000.0,
        "Diluted Average Shares": 15761000.0,
        "Basic Average Shares": 15514000.0,
        "Diluted EPS": 1.56,
        "Basic EPS": 1.58,
        "Diluted NI Availto Com Stockholders": 24526000.0,
        "Net Income Common Stockholders": 24526000.0,
        "Net Income": 24526000.0,
        "Net Income Including Noncontrolling Interests": 24526000.0,
        "Net Income Discontinuous Operations": 0.0,
        "Net Income Continuous Operations": 24526000.0,
        "Tax Provision": 8657000.0,
        "Pretax Income": 33183000.0,
        "Other Income Expense": 7475000.0,
        "Special Income Charges": 399000.0,
        "Gain On Sale Of Ppe": 399000.0,
        "Earnings From Equity Interest": 7076000.0,
        "Net Non Operating Interest Income Expense": -766000.0,
        "Interest Expense Non Operating": 766000.0,
        "Operating Income": 26474000.0,
        "Operating Expense": 25862000.0,
        "Other Taxes": 2740000.0,
        "Selling General And Administration": 23122000.0,
        "General And Administrative Expense": 23122000.0,
        "Other Gand A": 9495000.0,
        "Insurance And Claims": 13627000.0,
        "Gross Profit": 52336000.0,
        "Cost Of Revenue": 265041000.0,
        "Total Revenue": 317377000.0,
        "Operating Revenue": 317377000.0
    },
    "2022-03-31": {
        "Diluted EPS": 1.32,
        "Total Revenue": 292,
        "Gross Profit": 172,
        "Operating Income": 24,
        "EBIT": 37,
        "Net Income": 22
    },
    "2021-12-31": {
        "Diluted EPS": 1.04,
        "Total Revenue": 294,
        "Gross Profit": 160,
        "Operating Income": 18,
        "EBIT": 31,
        "Net Income": 18
    },
    "2021-09-30": {
        "Diluted EPS": 0.97,
        "Total Revenue": 275,
        "Gross Profit": 156,
        "Operating Income": 20,
        "EBIT": 33,
        "Net Income": 16
    },
    "2021-06-30": {
        "Diluted EPS": 0.91,
        "Total Revenue": 256,
        "Gross Profit": 154,
        "Operating Income": 18,
        "EBIT": 32,
        "Net Income": 15
    },
    "2021-03-31": {
        "Diluted EPS": 0.65,
        "Total Revenue": 221,
        "Gross Profit": 141,
        "Operating Income": 11,
        "EBIT": 25,
        "Net Income": 11
    },
    "2020-12-31": {
        "Diluted EPS": -1.46,
        "Total Revenue": 225,
        "Gross Profit": 136,
        "Operating Income": 10,
        "EBIT": 24,
        "Net Income": -26
    },
    "2020-09-30": {
        "Diluted EPS": 0.43,
        "Total Revenue": 211,
        "Gross Profit": 134,
        "Operating Income": 7,
        "EBIT": 20,
        "Net Income": 8
    },
    "2020-06-30": {
        "Diluted EPS": -1.31,
        "Total Revenue": 192,
        "Gross Profit": 129,
        "Operating Income": -29,
        "EBIT": -9,
        "Net Income": -22
    },
    "2020-03-31": {
        "Diluted EPS": -0.12,
        "Total Revenue": 211,
        "Gross Profit": 139,
        "Operating Income": -1,
        "EBIT": 17,
        "Net Income": -2
    },
    "2019-12-31": {
        "Diluted EPS": 0.05,
        "Total Revenue": 229,
        "Gross Profit": 141,
        "Operating Income": 0,
        "EBIT": 19,
        "Net Income": 1
    },
    "2019-09-30": {
        "Diluted EPS": -0.17,
        "Total Revenue": 220,
        "Gross Profit": 141,
        "Operating Income": -4,
        "EBIT": 17,
        "Net Income": -3
    },
    "2019-06-30": {
        "Diluted EPS": 0.33,
        "Total Revenue": 217,
        "Gross Profit": 141,
        "Operating Income": 7,
        "EBIT": 28,
        "Net Income": 6
    },
    "2019-03-31": {
        "Diluted EPS": 0.24,
        "Total Revenue": 219,
        "Gross Profit": 143,
        "Operating Income": 5,
        "EBIT": 25,
        "Net Income": 4
    },
    "2018-12-31": {
        "Diluted EPS": 0.89,
        "Total Revenue": 267,
        "Gross Profit": 168,
        "Operating Income": 19,
        "EBIT": 38,
        "Net Income": 17
    },
    "2018-09-30": {
        "Diluted EPS": 0.63,
        "Total Revenue": 243,
        "Gross Profit": 162,
        "Operating Income": 16,
        "EBIT": 36,
        "Net Income": 12
    },
    "2018-06-30": {
        "Diluted EPS": 0.54,
        "Total Revenue": 196,
        "Gross Profit": 130,
        "Operating Income": 14,
        "EBIT": 32,
        "Net Income": 10
    },
    "2018-03-31": {
        "Diluted EPS": 0.24,
        "Total Revenue": 174,
        "Gross Profit": 116,
        "Operating Income": 6,
        "EBIT": 25,
        "Net Income": 4
    },
    "2017-12-31": {
        "Diluted EPS": 2.69,
        "Total Revenue": 203,
        "Gross Profit": 125,
        "Operating Income": 15,
        "EBIT": 33,
        "Net Income": 49
    },
    "2017-09-30": {
        "Diluted EPS": 0.25,
        "Total Revenue": 179,
        "Gross Profit": 116,
        "Operating Income": 9,
        "EBIT": 26,
        "Net Income": 5
    },
    "2017-06-30": {
        "Diluted EPS": 0.08,
        "Total Revenue": 164,
        "Gross Profit": 110,
        "Operating Income": 4,
        "EBIT": 23,
        "Net Income": 2
    },
    "2017-03-31": {
        "Diluted EPS": 0.0,
        "Total Revenue": 159,
        "Gross Profit": 108,
        "Operating Income": 0,
        "EBIT": 19,
        "Net Income": 0
    },
    "2016-12-31": {
        "Diluted EPS": 0.32,
        "Total Revenue": 191,
        "Gross Profit": 127,
        "Operating Income": 12,
        "EBIT": 32,
        "Net Income": 6
    },
    "2016-09-30": {
        "Diluted EPS": 0.16,
        "Total Revenue": 165,
        "Gross Profit": 110,
        "Operating Income": 5,
        "EBIT": 24,
        "Net Income": 3
    },
    "2016-06-30": {
        "Diluted EPS": 0.2,
        "Total Revenue": 159,
        "Gross Profit": 106,
        "Operating Income": 7,
        "EBIT": 24,
        "Net Income": 4
    },
    "2016-03-31": {
        "Diluted EPS": 0.24,
        "Total Revenue": 156,
        "Gross Profit": 107,
        "Operating Income": 7,
        "EBIT": 24,
        "Net Income": 4
    },
    "2015-12-31": {
        "Diluted EPS": 0.72,
        "Total Revenue": 208,
        "Gross Profit": 139,
        "Operating Income": 24,
        "EBIT": 43,
        "Net Income": 13
    },
    "2015-09-30": {
        "Diluted EPS": 0.42,
        "Total Revenue": 174,
        "Gross Profit": 115,
        "Operating Income": 15,
        "EBIT": 29,
        "Net Income": 8
    },
    "2015-06-30": {
        "Diluted EPS": 0.6,
        "Total Revenue": 175,
        "Gross Profit": 117,
        "Operating Income": 19,
        "EBIT": 33,
        "Net Income": 11
    },
    "2015-03-31": {
        "Diluted EPS": 0.56,
        "Total Revenue": 167,
        "Gross Profit": 112,
        "Operating Income": 10,
        "EBIT": 25,
        "Net Income": 10
    },
    "2014-12-31": {
        "Diluted EPS": 0.87,
        "Total Revenue": 207,
        "Gross Profit": 133,
        "Operating Income": 25,
        "EBIT": 37,
        "Net Income": 14
    },
    "2014-09-30": {
        "Diluted EPS": 0.12,
        "Total Revenue": 178,
        "Gross Profit": 109,
        "Operating Income": 6,
        "EBIT": 17,
        "Net Income": 2
    },
    "2014-06-30": {
        "Diluted EPS": 0.25,
        "Total Revenue": 174,
        "Gross Profit": 104,
        "Operating Income": 9,
        "EBIT": 21,
        "Net Income": 4
    },
    "2014-03-31": {
        "Diluted EPS": -0.09,
        "Total Revenue": 161,
        "Gross Profit": 92,
        "Operating Income": 0,
        "EBIT": 13,
        "Net Income": -1
    },
    "2013-12-31": {
        "Diluted EPS": 0.22,
        "Total Revenue": 176,
        "Gross Profit": 105,
        "Operating Income": 9,
        "EBIT": 21,
        "Net Income": 3
    },
    "2013-09-30": {
        "Diluted EPS": 0.13,
        "Total Revenue": 171,
        "Gross Profit": 98,
        "Operating Income": 6,
        "EBIT": 17,
        "Net Income": 2
    },
    "2013-06-30": {
        "Diluted EPS": 0.13,
        "Total Revenue": 172,
        "Gross Profit": 99,
        "Operating Income": 6,
        "EBIT": 16,
        "Net Income": 2
    },
    "2013-03-31": {
        "Diluted EPS": -0.13,
        "Total Revenue": 165,
        "Gross Profit": 93,
        "Operating Income": -1,
        "EBIT": 11,
        "Net Income": -2
    },
    "2012-12-31": {
        "Diluted EPS": 0.09,
        "Total Revenue": 177,
        "Gross Profit": 105,
        "Operating Income": 5,
        "EBIT": 17,
        "Net Income": 1
    },
    "2012-09-30": {
        "Diluted EPS": 0.07,
        "Total Revenue": 168,
        "Gross Profit": 97,
        "Operating Income": 5,
        "EBIT": 16,
        "Net Income": 1
    },
    "2012-06-30": {
        "Diluted EPS": 0.29,
        "Total Revenue": 171,
        "Gross Profit": 101,
        "Operating Income": 11,
        "EBIT": 23,
        "Net Income": 4
    },
    "2012-03-31": {
        "Diluted EPS": -0.04,
        "Total Revenue": 157,
        "Gross Profit": 91,
        "Operating Income": 2,
        "EBIT": 15,
        "Net Income": -1
    },
    "2011-12-31": {
        "Diluted EPS": -0.15,
        "Total Revenue": 162,
        "Gross Profit": 94,
        "Operating Income": 1,
        "EBIT": 15,
        "Net Income": -2
    },
    "2011-09-30": {
        "Diluted EPS": -0.76,
        "Total Revenue": 161,
        "Gross Profit": 93,
        "Operating Income": -10,
        "EBIT": 3,
        "Net Income": -11
    },
    "2011-06-30": {
        "Diluted EPS": 0.11,
        "Total Revenue": 173,
        "Gross Profit": 101,
        "Operating Income": 7,
        "EBIT": 20,
        "Net Income": 2
    },
    "2011-03-31": {
        "Diluted EPS": -0.17,
        "Total Revenue": 156,
        "Gross Profit": 92,
        "Operating Income": 0,
        "EBIT": 15,
        "Net Income": -2
    },
    "2010-12-31": {
        "Diluted EPS": 0.05,
        "Total Revenue": 164,
        "Gross Profit": 101,
        "Operating Income": 6,
        "EBIT": 21,
        "Net Income": 1
    },
    "2010-09-30": {
        "Diluted EPS": 0.13,
        "Total Revenue": 165,
        "Gross Profit": 102,
        "Operating Income": 8,
        "EBIT": 23,
        "Net Income": 2
    },
    "2010-06-30": {
        "Diluted EPS": 0.2,
        "Total Revenue": 169,
        "Gross Profit": 106,
        "Operating Income": 10,
        "EBIT": 24,
        "Net Income": 3
    },
    "2010-03-31": {
        "Diluted EPS": -0.15,
        "Total Revenue": 152,
        "Gross Profit": 92,
        "Operating Income": 2,
        "EBIT": 15,
        "Net Income": -2
    },
    "2009-12-31": {
        "Diluted EPS": -0.2,
        "Total Revenue": 158,
        "Gross Profit": 96,
        "Operating Income": -1,
        "EBIT": 13,
        "Net Income": -3
    },
    "2009-09-30": {
        "Diluted EPS": -0.96,
        "Total Revenue": 153,
        "Gross Profit": 95,
        "Operating Income": 2,
        "EBIT": 14,
        "Net Income": -14
    },
    "2009-06-30": {
        "Diluted EPS": -0.22,
        "Total Revenue": 144,
        "Gross Profit": 91,
        "Operating Income": -1,
        "EBIT": 11,
        "Net Income": -3
    },
    "2009-03-31": {
        "Diluted EPS": -0.39,
        "Total Revenue": 134,
        "Gross Profit": 86,
        "Operating Income": -5,
        "EBIT": 6,
        "Net Income": -6
    },
    "2023-09-30": {
        "Tax Effect Of Unusual Items": 151284.601155,
        "Tax Rate For Calcs": 0.251303,
        "Normalized EBITDA": 38056000.0,
        "Total Unusual Items": 602000.0,
        "Total Unusual Items Excluding Goodwill": 602000.0,
        "Net Income From Continuing Operation Net Minority Interest": 13356000.0,
        "Reconciled Depreciation": 18182000.0,
        "Reconciled Cost Of Revenue": 244699000.0,
        "EBITDA": 38658000.0,
        "EBIT": 20476000.0,
        "Net Interest Income": -2637000.0,
        "Interest Expense": 2637000.0,
        "Normalized Income": 12905284.601155,
        "Net Income From Continuing And Discontinued Operation": 13506000.0,
        "Total Expenses": 274182000.0,
        "Rent Expense Supplemental": 72046000.0,
        "Total Operating Income As Reported": 15141000.0,
        "Diluted Average Shares": 13679000.0,
        "Basic Average Shares": 12947000.0,
        "Diluted EPS": 0.99,
        "Basic EPS": 1.04,
        "Diluted NI Availto Com Stockholders": 13506000.0,
        "Net Income Common Stockholders": 13506000.0,
        "Net Income": 13506000.0,
        "Net Income Including Noncontrolling Interests": 13506000.0,
        "Net Income Discontinuous Operations": 150000.0,
        "Net Income Continuous Operations": 13356000.0,
        "Tax Provision": 4483000.0,
        "Pretax Income": 17839000.0,
        "Other Income Expense": 5937000.0,
        "Special Income Charges": 602000.0,
        "Gain On Sale Of Ppe": 602000.0,
        "Earnings From Equity Interest": 5335000.0,
        "Net Non Operating Interest Income Expense": -2637000.0,
        "Interest Expense Non Operating": 2637000.0,
        "Operating Income": 14539000.0,
        "Operating Expense": 29483000.0,
        "Other Taxes": 3381000.0,
        "Selling General And Administration": 26102000.0,
        "General And Administrative Expense": 26102000.0,
        "Other Gand A": 13028000.0,
        "Insurance And Claims": 13074000.0,
        "Gross Profit": 44022000.0,
        "Cost Of Revenue": 244699000.0,
        "Total Revenue": 288721000.0,
        "Operating Revenue": 288721000.0
    },
    "2023-12-31": {
        "Tax Effect Of Unusual Items": 48417.396557,
        "Tax Rate For Calcs": 0.236182,
        "Normalized EBITDA": 37029000.0,
        "Total Unusual Items": 205000.0,
        "Total Unusual Items Excluding Goodwill": 205000.0,
        "Net Income From Continuing Operation Net Minority Interest": 12645000.0,
        "Reconciled Depreciation": 18242000.0,
        "Reconciled Cost Of Revenue": 230852000.0,
        "EBITDA": 37234000.0,
        "EBIT": 18992000.0,
        "Net Interest Income": -2437000.0,
        "Interest Expense": 2437000.0,
        "Normalized Income": 12488417.396557,
        "Net Income From Continuing And Discontinued Operation": 12795000.0,
        "Total Expenses": 259923000.0,
        "Rent Expense Supplemental": 68848000.0,
        "Total Operating Income As Reported": 14267000.0,
        "Diluted Average Shares": NaN,
        "Basic Average Shares": NaN,
        "Diluted EPS": NaN,
        "Basic EPS": NaN,
        "Diluted NI Availto Com Stockholders": 12795000.0,
        "Net Income Common Stockholders": 12795000.0,
        "Net Income": 12795000.0,
        "Net Income Including Noncontrolling Interests": 12795000.0,
        "Net Income Discontinuous Operations": 150000.0,
        "Net Income Continuous Operations": 12645000.0,
        "Tax Provision": 3910000.0,
        "Pretax Income": 16555000.0,
        "Other Income Expense": 4930000.0,
        "Special Income Charges": 205000.0,
        "Gain On Sale Of Ppe": 205000.0,
        "Earnings From Equity Interest": 4725000.0,
        "Net Non Operating Interest Income Expense": -2437000.0,
        "Interest Expense Non Operating": 2437000.0,
        "Operating Income": 14062000.0,
        "Operating Expense": 29071000.0,
        "Other Taxes": 3248000.0,
        "Selling General And Administration": 25823000.0,
        "General And Administrative Expense": 25823000.0,
        "Other Gand A": 12534000.0,
        "Insurance And Claims": 13289000.0,
        "Gross Profit": 43133000.0,
        "Cost Of Revenue": 230852000.0,
        "Total Revenue": 273985000.0,
        "Operating Revenue": 273985000.0
    },
    "2024-03-31": {
        "Tax Effect Of Unusual Items": -127540.766103,
        "Tax Rate For Calcs": 0.181682,
        "Normalized EBITDA": 29821000.0,
        "Total Unusual Items": -702000.0,
        "Total Unusual Items Excluding Goodwill": -702000.0,
        "Net Income From Continuing Operation Net Minority Interest": 3824000.0,
        "Reconciled Depreciation": 21108000.0,
        "Reconciled Cost Of Revenue": 232742000.0,
        "EBITDA": 29119000.0,
        "EBIT": 8011000.0,
        "Net Interest Income": -3338000.0,
        "Interest Expense": 3338000.0,
        "Normalized Income": 4398459.233897,
        "Net Income From Continuing And Discontinued Operation": 3974000.0,
        "Total Expenses": 273726000.0,
        "Rent Expense Supplemental": 66751000.0,
        "Total Operating Income As Reported": 4335000.0,
        "Diluted Average Shares": 13800000.0,
        "Basic Average Shares": 13087000.0,
        "Diluted EPS": 0.29,
        "Basic EPS": 0.3,
        "Diluted NI Availto Com Stockholders": 3974000.0,
        "Net Income Common Stockholders": 3974000.0,
        "Net Income": 3974000.0,
        "Net Income Including Noncontrolling Interests": 3974000.0,
        "Net Income Discontinuous Operations": 150000.0,
        "Net Income Continuous Operations": 3824000.0,
        "Tax Provision": 849000.0,
        "Pretax Income": 4673000.0,
        "Other Income Expense": 2974000.0,
        "Special Income Charges": -702000.0,
        "Gain On Sale Of Ppe": -702000.0,
        "Earnings From Equity Interest": 3676000.0,
        "Net Non Operating Interest Income Expense": -3338000.0,
        "Interest Expense Non Operating": 3338000.0,
        "Operating Income": 5037000.0,
        "Operating Expense": 40984000.0,
        "Other Taxes": 3361000.0,
        "Selling General And Administration": 37623000.0,
        "General And Administrative Expense": 37623000.0,
        "Other Gand A": 22233000.0,
        "Insurance And Claims": 15390000.0,
        "Gross Profit": 46021000.0,
        "Cost Of Revenue": 232742000.0,
        "Total Revenue": 278763000.0,
        "Operating Revenue": 278763000.0
    },
    "2024-06-30": {
        "Tax Effect Of Unusual Items": -201867.1875,
        "Tax Rate For Calcs": 0.241179,
        "Normalized EBITDA": 42638000.0,
        "Total Unusual Items": -837000.0,
        "Total Unusual Items Excluding Goodwill": -837000.0,
        "Net Income From Continuing Operation Net Minority Interest": 12044000.0,
        "Reconciled Depreciation": 22130000.0,
        "Reconciled Cost Of Revenue": 235903000.0,
        "EBITDA": 41801000.0,
        "EBIT": 19671000.0,
        "Net Interest Income": -3799000.0,
        "Interest Expense": 3799000.0,
        "Normalized Income": 12679132.8125,
        "Net Income From Continuing And Discontinued Operation": 12194000.0,
        "Total Expenses": 271083000.0,
        "Rent Expense Supplemental": 62755000.0,
        "Total Operating Income As Reported": 15577000.0,
        "Diluted Average Shares": 13831000.0,
        "Basic Average Shares": 13146000.0,
        "Diluted EPS": 0.88,
        "Basic EPS": 0.93,
        "Diluted NI Availto Com Stockholders": 12194000.0,
        "Net Income Common Stockholders": 12194000.0,
        "Net Income": 12194000.0,
        "Net Income Including Noncontrolling Interests": 12194000.0,
        "Net Income Discontinuous Operations": 150000.0,
        "Net Income Continuous Operations": 12044000.0,
        "Tax Provision": 3828000.0,
        "Pretax Income": 15872000.0,
        "Other Income Expense": 3257000.0,
        "Special Income Charges": -837000.0,
        "Gain On Sale Of Ppe": -837000.0,
        "Earnings From Equity Interest": 4094000.0,
        "Net Non Operating Interest Income Expense": -3799000.0,
        "Interest Expense Non Operating": 3799000.0,
        "Operating Income": 16414000.0,
        "Operating Expense": 35180000.0,
        "Other Taxes": 2283000.0,
        "Selling General And Administration": 32897000.0,
        "General And Administrative Expense": 32897000.0,
        "Other Gand A": 15749000.0,
        "Insurance And Claims": 17148000.0,
        "Gross Profit": 51594000.0,
        "Cost Of Revenue": 235903000.0,
        "Total Revenue": 287497000.0,
        "Operating Revenue": 287497000.0
    },
    "2024-09-30": {
        "Tax Effect Of Unusual Items": -50838.169643,
        "Tax Rate For Calcs": 0.243245,
        "Normalized EBITDA": 41659000.0,
        "Total Unusual Items": -209000.0,
        "Total Unusual Items Excluding Goodwill": -209000.0,
        "Net Income From Continuing Operation Net Minority Interest": 12883000.0,
        "Reconciled Depreciation": 21222000.0,
        "Reconciled Cost Of Revenue": 242706000.0,
        "EBITDA": 41450000.0,
        "EBIT": 20228000.0,
        "Net Interest Income": -3204000.0,
        "Interest Expense": 3204000.0,
        "Normalized Income": 13041161.830357,
        "Net Income From Continuing And Discontinued Operation": 13033000.0,
        "Total Expenses": 271441000.0,
        "Rent Expense Supplemental": 64434000.0,
        "Total Operating Income As Reported": 16235000.0,
        "Diluted Average Shares": 13901000.0,
        "Basic Average Shares": 13177000.0,
        "Diluted EPS": 0.94,
        "Basic EPS": 0.99,
        "Diluted NI Availto Com Stockholders": 13033000.0,
        "Net Income Common Stockholders": 13033000.0,
        "Net Income": 13033000.0,
        "Net Income Including Noncontrolling Interests": 13033000.0,
        "Net Income Discontinuous Operations": 150000.0,
        "Net Income Continuous Operations": 12883000.0,
        "Tax Provision": 4141000.0,
        "Pretax Income": 17024000.0,
        "Other Income Expense": 3784000.0,
        "Special Income Charges": -209000.0,
        "Gain On Sale Of Ppe": -209000.0,
        "Earnings From Equity Interest": 3993000.0,
        "Net Non Operating Interest Income Expense": -3204000.0,
        "Interest Expense Non Operating": 3204000.0,
        "Operating Income": 16444000.0,
        "Operating Expense": 28735000.0,
        "Other Taxes": 3227000.0,
        "Selling General And Administration": 25508000.0,
        "General And Administrative Expense": 25508000.0,
        "Other Gand A": 13267000.0,
        "Insurance And Claims": 12241000.0,
        "Gross Profit": 45179000.0,
        "Cost Of Revenue": 242706000.0,
        "Total Revenue": 287885000.0,
        "Operating Revenue": 287885000.0
    }
}