{
    "2023-03-31": {
        "Tax Effect Of Unusual Items": -12090330.0,
        "Tax Rate For Calcs": 0.21,
        "Normalized EBITDA": 21766000.0,
        "Total Unusual Items": -57573000.0,
        "Total Unusual Items Excluding Goodwill": -57573000.0,
        "Net Income From Continuing Operation Net Minority Interest": -43493000.0,
        "Reconciled Depreciation": 1667000.0,
        "Reconciled Cost Of Revenue": 34777000.0,
        "EBITDA": -35807000.0,
        "EBIT": -37474000.0,
        "Net Interest Income": 227000.0,
        "Interest Expense": 157000.0,
        "Interest Income": 384000.0,
        "Normalized Income": 1989670.0,
        "Net Income From Continuing And Discontinued Operation": -43493000.0,
        "Total Expenses": 183570000.0,
        "Total Operating Income As Reported": -37665000.0,
        "Diluted Average Shares": 44437000.0,
        "Basic Average Shares": 44437000.0,
        "Diluted EPS": -0.98,
        "Basic EPS": -0.98,
        "Diluted NI Availto Com Stockholders": -43493000.0,
        "Net Income Common Stockholders": -43493000.0,
        "Net Income": -43493000.0,
        "Net Income Including Noncontrolling Interests": -43493000.0,
        "Net Income Continuous Operations": -43493000.0,
        "Tax Provision": 5862000.0,
        "Pretax Income": -37631000.0,
        "Other Income Expense": -57766000.0,
        "Other Non Operating Income Expenses": -193000.0,
        "Special Income Charges": -57573000.0,
        "Restructuring And Mergern Acquisition": 4092000.0,
        "Net Non Operating Interest Income Expense": 227000.0,
        "Interest Expense Non Operating": 157000.0,
        "Interest Income Non Operating": 384000.0,
        "Operating Income": 19908000.0,
        "Operating Expense": 148765000.0,
        "Depreciation Amortization Depletion Income Statement": 1639000.0,
        "Depreciation And Amortization In Income Statement": 1639000.0,
        "Research And Development": 32176000.0,
        "Selling General And Administration": 114950000.0,
        "Selling And Marketing Expense": 87222000.0,
        "General And Administrative Expense": 27728000.0,
        "Other Gand A": 27728000.0,
        "Gross Profit": 168673000.0,
        "Cost Of Revenue": 34805000.0,
        "Total Revenue": 203478000.0,
        "Operating Revenue": 203478000.0
    },
    "2022-12-31": {
        "Tax Effect Of Unusual Items": -1937880.0,
        "Tax Rate For Calcs": 0.21,
        "Normalized EBITDA": 17534000.0,
        "Total Unusual Items": -9228000.0,
        "Total Unusual Items Excluding Goodwill": -9228000.0,
        "Net Income From Continuing Operation Net Minority Interest": -310000.0,
        "Reconciled Depreciation": 2801000.0,
        "Reconciled Cost Of Revenue": 34196000.0,
        "EBITDA": 8306000.0,
        "EBIT": 5505000.0,
        "Net Interest Income": 259000.0,
        "Interest Expense": 105000.0,
        "Interest Income": 364000.0,
        "Normalized Income": 6980120.0,
        "Net Income From Continuing And Discontinued Operation": -310000.0,
        "Total Expenses": 180828000.0,
        "Total Operating Income As Reported": 5018000.0,
        "Diluted Average Shares": 44712000.0,
        "Basic Average Shares": 44712000.0,
        "Diluted EPS": -0.01,
        "Basic EPS": -0.01,
        "Diluted NI Availto Com Stockholders": -310000.0,
        "Net Income Common Stockholders": -310000.0,
        "Net Income": -310000.0,
        "Net Income Including Noncontrolling Interests": -310000.0,
        "Net Income Continuous Operations": -310000.0,
        "Tax Provision": 5710000.0,
        "Pretax Income": 5400000.0,
        "Other Income Expense": -9105000.0,
        "Other Non Operating Income Expenses": 123000.0,
        "Special Income Charges": -9228000.0,
        "Restructuring And Mergern Acquisition": 9228000.0,
        "Net Non Operating Interest Income Expense": 259000.0,
        "Interest Expense Non Operating": 105000.0,
        "Interest Income Non Operating": 364000.0,
        "Operating Income": 14246000.0,
        "Operating Expense": 146290000.0,
        "Depreciation Amortization Depletion Income Statement": 2459000.0,
        "Depreciation And Amortization In Income Statement": 2459000.0,
        "Research And Development": 32505000.0,
        "Selling General And Administration": 111326000.0,
        "Selling And Marketing Expense": 87343000.0,
        "General And Administrative Expense": 23983000.0,
        "Other Gand A": 23983000.0,
        "Gross Profit": 160536000.0,
        "Cost Of Revenue": 34538000.0,
        "Total Revenue": 195074000.0,
        "Operating Revenue": 195074000.0
    },
    "2022-09-30": {
        "Tax Effect Of Unusual Items": 0.0,
        "Tax Rate For Calcs": 0.4,
        "Normalized EBITDA": 12636000.0,
        "Total Unusual Items": 0.0,
        "Total Unusual Items Excluding Goodwill": 0.0,
        "Net Income From Continuing Operation Net Minority Interest": 4518000.0,
        "Reconciled Depreciation": 2878000.0,
        "Reconciled Cost Of Revenue": 31961000.0,
        "EBITDA": 12636000.0,
        "EBIT": 9758000.0,
        "Net Interest Income": 186000.0,
        "Interest Expense": 105000.0,
        "Interest Income": 291000.0,
        "Normalized Income": 4518000.0,
        "Net Income From Continuing And Discontinued Operation": 4518000.0,
        "Total Expenses": 178744000.0,
        "Total Operating Income As Reported": 9313000.0,
        "Diluted Average Shares": 45540000.0,
        "Basic Average Shares": 44759000.0,
        "Diluted EPS": 0.1,
        "Basic EPS": 0.1,
        "Diluted NI Availto Com Stockholders": 4518000.0,
        "Net Income Common Stockholders": 4518000.0,
        "Net Income": 4518000.0,
        "Net Income Including Noncontrolling Interests": 4518000.0,
        "Net Income Continuous Operations": 4518000.0,
        "Tax Provision": 5135000.0,
        "Pretax Income": 9653000.0,
        "Other Income Expense": 154000.0,
        "Other Non Operating Income Expenses": 154000.0,
        "Special Income Charges": 0.0,
        "Impairment Of Capital Assets": NaN,
        "Restructuring And Mergern Acquisition": 0.0,
        "Net Non Operating Interest Income Expense": 186000.0,
        "Interest Expense Non Operating": 105000.0,
        "Interest Income Non Operating": 291000.0,
        "Operating Income": 9313000.0,
        "Operating Expense": 146442000.0,
        "Depreciation Amortization Depletion Income Statement": 2537000.0,
        "Depreciation And Amortization In Income Statement": 2537000.0,
        "Research And Development": 37053000.0,
        "Selling General And Administration": 106852000.0,
        "Selling And Marketing Expense": 81299000.0,
        "General And Administrative Expense": 25553000.0,
        "Other Gand A": 25553000.0,
        "Gross Profit": 155755000.0,
        "Cost Of Revenue": 32302000.0,
        "Total Revenue": 188057000.0,
        "Operating Revenue": 188057000.0
    },
    "2022-06-30": {
        "Tax Effect Of Unusual Items": -852800.0,
        "Tax Rate For Calcs": 0.4,
        "Normalized EBITDA": 12430000.0,
        "Total Unusual Items": -2132000.0,
        "Total Unusual Items Excluding Goodwill": -2132000.0,
        "Net Income From Continuing Operation Net Minority Interest": 3511000.0,
        "Reconciled Depreciation": 2977000.0,
        "Reconciled Cost Of Revenue": 33415000.0,
        "EBITDA": 10298000.0,
        "EBIT": 7321000.0,
        "Net Interest Income": 156000.0,
        "Interest Expense": 105000.0,
        "Interest Income": 261000.0,
        "Normalized Income": 4790200.0,
        "Net Income From Continuing And Discontinued Operation": 3511000.0,
        "Total Expenses": 188400000.0,
        "Total Operating Income As Reported": 7449000.0,
        "Diluted Average Shares": 45865000.0,
        "Basic Average Shares": 44743000.0,
        "Diluted EPS": 0.08,
        "Basic EPS": 0.08,
        "Diluted NI Availto Com Stockholders": 3511000.0,
        "Net Income Common Stockholders": 3511000.0,
        "Net Income": 3511000.0,
        "Net Income Including Noncontrolling Interests": 3511000.0,
        "Net Income Continuous Operations": 3511000.0,
        "Tax Provision": 3705000.0,
        "Pretax Income": 7216000.0,
        "Other Income Expense": -2521000.0,
        "Other Non Operating Income Expenses": -389000.0,
        "Special Income Charges": -2132000.0,
        "Impairment Of Capital Assets": NaN,
        "Restructuring And Mergern Acquisition": 2132000.0,
        "Net Non Operating Interest Income Expense": 156000.0,
        "Interest Expense Non Operating": 105000.0,
        "Interest Income Non Operating": 261000.0,
        "Operating Income": 9581000.0,
        "Operating Expense": 154643000.0,
        "Depreciation Amortization Depletion Income Statement": 2635000.0,
        "Depreciation And Amortization In Income Statement": 2635000.0,
        "Research And Development": 40113000.0,
        "Selling General And Administration": 111895000.0,
        "Selling And Marketing Expense": 84919000.0,
        "General And Administrative Expense": 26976000.0,
        "Other Gand A": 26976000.0,
        "Gross Profit": 164224000.0,
        "Cost Of Revenue": 33757000.0,
        "Total Revenue": 197981000.0,
        "Operating Revenue": 197981000.0
    },
    "2023-06-30": {
        "Tax Effect Of Unusual Items": 0.0,
        "Tax Rate For Calcs": 0.352525,
        "Normalized EBITDA": 21233000.0,
        "Total Unusual Items": 0.0,
        "Total Unusual Items Excluding Goodwill": 0.0,
        "Net Income From Continuing Operation Net Minority Interest": 12629000.0,
        "Reconciled Depreciation": 1632000.0,
        "Reconciled Cost Of Revenue": 35521000.0,
        "EBITDA": 21233000.0,
        "EBIT": 19601000.0,
        "Net Interest Income": 684000.0,
        "Interest Expense": 96000.0,
        "Interest Income": 780000.0,
        "Normalized Income": 12629000.0,
        "Net Income From Continuing And Discontinued Operation": 12629000.0,
        "Total Expenses": 179670000.0,
        "Total Operating Income As Reported": 18480000.0,
        "Diluted Average Shares": 44975000.0,
        "Basic Average Shares": 44057000.0,
        "Diluted EPS": 0.28,
        "Basic EPS": 0.29,
        "Diluted NI Availto Com Stockholders": 12629000.0,
        "Net Income Common Stockholders": 12629000.0,
        "Net Income": 12629000.0,
        "Net Income Including Noncontrolling Interests": 12629000.0,
        "Net Income Continuous Operations": 12629000.0,
        "Tax Provision": 6876000.0,
        "Pretax Income": 19505000.0,
        "Other Income Expense": 341000.0,
        "Other Non Operating Income Expenses": 341000.0,
        "Special Income Charges": 0.0,
        "Restructuring And Mergern Acquisition": 0.0,
        "Net Non Operating Interest Income Expense": 684000.0,
        "Interest Expense Non Operating": 96000.0,
        "Interest Income Non Operating": 780000.0,
        "Operating Income": 18480000.0,
        "Operating Expense": 144120000.0,
        "Depreciation Amortization Depletion Income Statement": 1603000.0,
        "Depreciation And Amortization In Income Statement": 1603000.0,
        "Research And Development": 31431000.0,
        "Selling General And Administration": 111086000.0,
        "Selling And Marketing Expense": 84127000.0,
        "General And Administrative Expense": 26959000.0,
        "Other Gand A": 26959000.0,
        "Gross Profit": 162600000.0,
        "Cost Of Revenue": 35550000.0,
        "Total Revenue": 198150000.0,
        "Operating Revenue": 198150000.0
    },
    "2022-03-31": {
        "Diluted EPS": 0.17,
        "Total Revenue": 206,
        "Gross Profit": 174,
        "Operating Income": 11,
        "EBIT": 19,
        "Net Income": 8
    },
    "2021-12-31": {
        "Diluted EPS": 0.21,
        "Total Revenue": 202,
        "Gross Profit": 172,
        "Operating Income": 12,
        "EBIT": 20,
        "Net Income": 10
    },
    "2021-09-30": {
        "Diluted EPS": 0.04,
        "Total Revenue": 178,
        "Gross Profit": 151,
        "Operating Income": 2,
        "EBIT": 9,
        "Net Income": 2
    },
    "2021-06-30": {
        "Diluted EPS": 0.29,
        "Total Revenue": 183,
        "Gross Profit": 158,
        "Operating Income": 15,
        "EBIT": 22,
        "Net Income": 14
    },
    "2021-03-31": {
        "Diluted EPS": 0.15,
        "Total Revenue": 191,
        "Gross Profit": 162,
        "Operating Income": 10,
        "EBIT": -23,
        "Net Income": 6
    },
    "2020-12-31": {
        "Diluted EPS": 0.03,
        "Total Revenue": 188,
        "Gross Profit": 160,
        "Operating Income": 3,
        "EBIT": 10,
        "Net Income": 2
    },
    "2020-09-30": {
        "Diluted EPS": -0.89,
        "Total Revenue": 171,
        "Gross Profit": 144,
        "Operating Income": -42,
        "EBIT": 9,
        "Net Income": -41
    },
    "2020-06-30": {
        "Diluted EPS": 0.05,
        "Total Revenue": 173,
        "Gross Profit": 148,
        "Operating Income": 7,
        "EBIT": 17,
        "Net Income": 2
    },
    "2020-03-31": {
        "Diluted EPS": 0.2,
        "Total Revenue": 165,
        "Gross Profit": 138,
        "Operating Income": -2,
        "EBIT": 8,
        "Net Income": 9
    },
    "2019-12-31": {
        "Diluted EPS": -0.01,
        "Total Revenue": 176,
        "Gross Profit": 146,
        "Operating Income": 0,
        "EBIT": 10,
        "Net Income": -1
    },
    "2019-09-30": {
        "Diluted EPS": -0.16,
        "Total Revenue": 168,
        "Gross Profit": 136,
        "Operating Income": -8,
        "EBIT": -1,
        "Net Income": -7
    },
    "2019-06-30": {
        "Diluted EPS": -0.15,
        "Total Revenue": 162,
        "Gross Profit": 133,
        "Operating Income": -7,
        "EBIT": 1,
        "Net Income": -7
    },
    "2019-03-31": {
        "Diluted EPS": -0.04,
        "Total Revenue": 181,
        "Gross Profit": 148,
        "Operating Income": 0,
        "EBIT": 8,
        "Net Income": -2
    },
    "2018-12-31": {
        "Diluted EPS": 0.28,
        "Total Revenue": 184,
        "Gross Profit": 155,
        "Operating Income": 10,
        "EBIT": 18,
        "Net Income": 13
    },
    "2018-09-30": {
        "Diluted EPS": 0.02,
        "Total Revenue": 169,
        "Gross Profit": 142,
        "Operating Income": 1,
        "EBIT": 8,
        "Net Income": 1
    },
    "2018-06-30": {
        "Diluted EPS": -0.19,
        "Total Revenue": 176,
        "Gross Profit": 149,
        "Operating Income": -7,
        "EBIT": 1,
        "Net Income": -9
    },
    "2018-03-31": {
        "Diluted EPS": -0.04,
        "Total Revenue": 185,
        "Gross Profit": 157,
        "Operating Income": 5,
        "EBIT": 12,
        "Net Income": -2
    },
    "2017-12-31": {
        "Diluted EPS": -1.3,
        "Total Revenue": 180,
        "Gross Profit": 155,
        "Operating Income": 3,
        "EBIT": 10,
        "Net Income": -59
    },
    "2017-09-30": {
        "Diluted EPS": -0.02,
        "Total Revenue": 168,
        "Gross Profit": 145,
        "Operating Income": -5,
        "EBIT": 2,
        "Net Income": -1
    },
    "2017-06-30": {
        "Diluted EPS": -0.01,
        "Total Revenue": 166,
        "Gross Profit": 144,
        "Operating Income": -4,
        "EBIT": 3,
        "Net Income": 0
    },
    "2017-03-31": {
        "Diluted EPS": 0.01,
        "Total Revenue": 167,
        "Gross Profit": 145,
        "Operating Income": -2,
        "EBIT": 5,
        "Net Income": 0
    },
    "2016-12-31": {
        "Diluted EPS": 0.04,
        "Total Revenue": 167,
        "Gross Profit": 146,
        "Operating Income": 4,
        "EBIT": 11,
        "Net Income": 2
    },
    "2016-09-30": {
        "Diluted EPS": 0.0,
        "Total Revenue": 159,
        "Gross Profit": 138,
        "Operating Income": 0,
        "EBIT": 6,
        "Net Income": 0
    },
    "2016-06-30": {
        "Diluted EPS": -0.06,
        "Total Revenue": 152,
        "Gross Profit": 131,
        "Operating Income": -3,
        "EBIT": 3,
        "Net Income": -3
    },
    "2016-03-31": {
        "Diluted EPS": 0.17,
        "Total Revenue": 158,
        "Gross Profit": 137,
        "Operating Income": 11,
        "EBIT": 25,
        "Net Income": 7
    },
    "2015-12-31": {
        "Diluted EPS": 0.1,
        "Total Revenue": 156,
        "Gross Profit": 135,
        "Operating Income": 4,
        "EBIT": 6,
        "Net Income": 5
    },
    "2015-09-30": {
        "Diluted EPS": -0.2,
        "Total Revenue": 141,
        "Gross Profit": 120,
        "Operating Income": -5,
        "EBIT": -2,
        "Net Income": -9
    },
    "2015-06-30": {
        "Diluted EPS": -0.03,
        "Total Revenue": 139,
        "Gross Profit": 119,
        "Operating Income": -6,
        "EBIT": -3,
        "Net Income": -1
    },
    "2015-03-31": {
        "Diluted EPS": 0.06,
        "Total Revenue": 151,
        "Gross Profit": 130,
        "Operating Income": 5,
        "EBIT": 8,
        "Net Income": 3
    },
    "2014-12-31": {
        "Diluted EPS": 0.07,
        "Total Revenue": 153,
        "Gross Profit": 133,
        "Operating Income": 5,
        "EBIT": 8,
        "Net Income": 3
    },
    "2014-09-30": {
        "Diluted EPS": 0.14,
        "Total Revenue": 151,
        "Gross Profit": 131,
        "Operating Income": 11,
        "EBIT": 13,
        "Net Income": 6
    },
    "2014-06-30": {
        "Diluted EPS": 0.27,
        "Total Revenue": 153,
        "Gross Profit": 132,
        "Operating Income": 18,
        "EBIT": 20,
        "Net Income": 13
    },
    "2014-03-31": {
        "Diluted EPS": 0.32,
        "Total Revenue": 157,
        "Gross Profit": 137,
        "Operating Income": 25,
        "EBIT": 26,
        "Net Income": 16
    },
    "2013-12-31": {
        "Diluted EPS": 0.35,
        "Total Revenue": 153,
        "Gross Profit": 135,
        "Operating Income": 28,
        "EBIT": 29,
        "Net Income": 18
    },
    "2013-09-30": {
        "Diluted EPS": 0.35,
        "Total Revenue": 142,
        "Gross Profit": 124,
        "Operating Income": 26,
        "EBIT": 28,
        "Net Income": 17
    },
    "2013-06-30": {
        "Diluted EPS": 0.27,
        "Total Revenue": 134,
        "Gross Profit": 117,
        "Operating Income": 21,
        "EBIT": 23,
        "Net Income": 13
    },
    "2013-03-31": {
        "Diluted EPS": 0.35,
        "Total Revenue": 138,
        "Gross Profit": 120,
        "Operating Income": 22,
        "EBIT": 23,
        "Net Income": 17
    },
    "2012-12-31": {
        "Diluted EPS": 0.25,
        "Total Revenue": 128,
        "Gross Profit": 112,
        "Operating Income": 20,
        "EBIT": 21,
        "Net Income": 12
    },
    "2012-09-30": {
        "Diluted EPS": 0.29,
        "Total Revenue": 118,
        "Gross Profit": 103,
        "Operating Income": 22,
        "EBIT": 24,
        "Net Income": 14
    },
    "2012-06-30": {
        "Diluted EPS": 0.21,
        "Total Revenue": 111,
        "Gross Profit": 96,
        "Operating Income": 16,
        "EBIT": 18,
        "Net Income": 10
    },
    "2012-03-31": {
        "Diluted EPS": 0.21,
        "Total Revenue": 114,
        "Gross Profit": 99,
        "Operating Income": 14,
        "EBIT": 15,
        "Net Income": 10
    },
    "2011-12-31": {
        "Diluted EPS": 0.15,
        "Total Revenue": 104,
        "Gross Profit": 90,
        "Operating Income": 12,
        "EBIT": 13,
        "Net Income": 7
    },
    "2011-09-30": {
        "Diluted EPS": 0.17,
        "Total Revenue": 97,
        "Gross Profit": 84,
        "Operating Income": 13,
        "EBIT": 14,
        "Net Income": 8
    },
    "2011-06-30": {
        "Diluted EPS": 0.15,
        "Total Revenue": 92,
        "Gross Profit": 79,
        "Operating Income": 10,
        "EBIT": 11,
        "Net Income": 7
    },
    "2011-03-31": {
        "Diluted EPS": 0.09,
        "Total Revenue": 90,
        "Gross Profit": 78,
        "Operating Income": 12,
        "EBIT": 13,
        "Net Income": 5
    },
    "2010-12-31": {
        "Diluted EPS": 0.16,
        "Total Revenue": 84,
        "Gross Profit": 73,
        "Operating Income": 10,
        "EBIT": 11,
        "Net Income": 7
    },
    "2010-09-30": {
        "Diluted EPS": 0.12,
        "Total Revenue": 75,
        "Gross Profit": 66,
        "Operating Income": 9,
        "EBIT": 10,
        "Net Income": 5
    },
    "2010-06-30": {
        "Diluted EPS": 0.08,
        "Total Revenue": 66,
        "Gross Profit": 57,
        "Operating Income": 4,
        "EBIT": 5,
        "Net Income": 3
    },
    "2010-03-31": {
        "Diluted EPS": 0.12,
        "Total Revenue": 73,
        "Gross Profit": 64,
        "Operating Income": 10,
        "EBIT": 11,
        "Net Income": 6
    },
    "2009-12-31": {
        "Diluted EPS": 0.12,
        "Total Revenue": 71,
        "Gross Profit": 62,
        "Operating Income": 9,
        "EBIT": 10,
        "Net Income": 5
    },
    "2009-09-30": {
        "Diluted EPS": 0.11,
        "Total Revenue": 67,
        "Gross Profit": 58,
        "Operating Income": 7,
        "EBIT": 7,
        "Net Income": 5
    },
    "2009-06-30": {
        "Diluted EPS": 0.06,
        "Total Revenue": 60,
        "Gross Profit": 52,
        "Operating Income": 6,
        "EBIT": 7,
        "Net Income": 2
    },
    "2009-03-31": {
        "Diluted EPS": 0.0,
        "Total Revenue": 56,
        "Gross Profit": 49,
        "Operating Income": 2,
        "EBIT": 3,
        "Net Income": 0
    },
    "2023-09-30": {
        "Tax Effect Of Unusual Items": 0.0,
        "Tax Rate For Calcs": 0.305278,
        "Normalized EBITDA": 20413000.0,
        "Total Unusual Items": 0.0,
        "Total Unusual Items Excluding Goodwill": 0.0,
        "Net Income From Continuing Operation Net Minority Interest": 13017000.0,
        "Reconciled Depreciation": 1564000.0,
        "Reconciled Cost Of Revenue": 37824000.0,
        "EBITDA": 20413000.0,
        "EBIT": 18849000.0,
        "Net Interest Income": 1257000.0,
        "Interest Expense": 112000.0,
        "Interest Income": 1369000.0,
        "Normalized Income": 13017000.0,
        "Net Income From Continuing And Discontinued Operation": 13017000.0,
        "Total Expenses": 183363000.0,
        "Total Operating Income As Reported": 17634000.0,
        "Diluted Average Shares": 44903000.0,
        "Basic Average Shares": 43949000.0,
        "Diluted EPS": 0.29,
        "Basic EPS": 0.3,
        "Diluted NI Availto Com Stockholders": 13017000.0,
        "Net Income Common Stockholders": 13017000.0,
        "Net Income": 13017000.0,
        "Net Income Including Noncontrolling Interests": 13017000.0,
        "Net Income Continuous Operations": 13017000.0,
        "Tax Provision": 5720000.0,
        "Pretax Income": 18737000.0,
        "Other Income Expense": -154000.0,
        "Other Non Operating Income Expenses": -154000.0,
        "Special Income Charges": 0.0,
        "Restructuring And Mergern Acquisition": 0.0,
        "Net Non Operating Interest Income Expense": 1257000.0,
        "Interest Expense Non Operating": 112000.0,
        "Interest Income Non Operating": 1369000.0,
        "Operating Income": 17634000.0,
        "Operating Expense": 145510000.0,
        "Depreciation Amortization Depletion Income Statement": 1535000.0,
        "Depreciation And Amortization In Income Statement": 1535000.0,
        "Research And Development": 31261000.0,
        "Selling General And Administration": 112714000.0,
        "Selling And Marketing Expense": 84712000.0,
        "General And Administrative Expense": 28002000.0,
        "Other Gand A": 28002000.0,
        "Gross Profit": 163144000.0,
        "Cost Of Revenue": 37853000.0,
        "Total Revenue": 200997000.0,
        "Operating Revenue": 200997000.0
    }
}