{
    "2023-06-30": {
        "Tax Effect Of Unusual Items": 0.0,
        "Tax Rate For Calcs": 0.227,
        "Total Unusual Items": 0.0,
        "Total Unusual Items Excluding Goodwill": 0.0,
        "Net Income From Continuing Operation Net Minority Interest": 6611000.0,
        "Reconciled Depreciation": 349000.0,
        "Net Interest Income": 19848000.0,
        "Interest Expense": 8091000.0,
        "Interest Income": 27939000.0,
        "Normalized Income": 6611000.0,
        "Net Income From Continuing And Discontinued Operation": 6611000.0,
        "Diluted Average Shares": 9610000.0,
        "Basic Average Shares": 9600000.0,
        "Diluted EPS": 0.69,
        "Basic EPS": 0.69,
        "Diluted NI Availto Com Stockholders": 6611000.0,
        "Net Income Common Stockholders": 6611000.0,
        "Net Income": 6611000.0,
        "Net Income Including Noncontrolling Interests": 6611000.0,
        "Net Income Continuous Operations": 6611000.0,
        "Tax Provision": 1940000.0,
        "Pretax Income": 8551000.0,
        "Special Income Charges": NaN,
        "Restructuring And Mergern Acquisition": NaN,
        "Gain On Sale Of Security": 0.0,
        "Selling General And Administration": 10120000.0,
        "Selling And Marketing Expense": 387000.0,
        "General And Administrative Expense": 9733000.0,
        "Other Gand A": NaN,
        "Insurance And Claims": 244000.0,
        "Salaries And Wages": 9489000.0,
        "Total Revenue": 23518000.0,
        "Operating Revenue": 23518000.0
    },
    "2023-03-31": {
        "Tax Effect Of Unusual Items": 26196.0,
        "Tax Rate For Calcs": 0.222,
        "Total Unusual Items": 118000.0,
        "Total Unusual Items Excluding Goodwill": 118000.0,
        "Net Income From Continuing Operation Net Minority Interest": 6992000.0,
        "Reconciled Depreciation": 519000.0,
        "Net Interest Income": 20538000.0,
        "Interest Expense": 5738000.0,
        "Interest Income": 26276000.0,
        "Normalized Income": 6900196.0,
        "Net Income From Continuing And Discontinued Operation": 6992000.0,
        "Diluted Average Shares": 9612000.0,
        "Basic Average Shares": 9585000.0,
        "Diluted EPS": 0.73,
        "Basic EPS": 0.73,
        "Diluted NI Availto Com Stockholders": 6992000.0,
        "Net Income Common Stockholders": 6992000.0,
        "Net Income": 6992000.0,
        "Net Income Including Noncontrolling Interests": 6992000.0,
        "Net Income Continuous Operations": 6992000.0,
        "Tax Provision": 1994000.0,
        "Pretax Income": 8986000.0,
        "Special Income Charges": 0.0,
        "Restructuring And Mergern Acquisition": 0.0,
        "Gain On Sale Of Security": -388000.0,
        "Selling General And Administration": 9926000.0,
        "Selling And Marketing Expense": 276000.0,
        "General And Administrative Expense": 9650000.0,
        "Other Gand A": NaN,
        "Insurance And Claims": 250000.0,
        "Salaries And Wages": 9400000.0,
        "Total Revenue": 24057000.0,
        "Operating Revenue": 24057000.0
    },
    "2022-12-31": {
        "Tax Effect Of Unusual Items": -219426.540284,
        "Tax Rate For Calcs": 0.216825,
        "Total Unusual Items": -1012000.0,
        "Total Unusual Items Excluding Goodwill": -1012000.0,
        "Net Income From Continuing Operation Net Minority Interest": 7932000.0,
        "Reconciled Depreciation": 792000.0,
        "Net Interest Income": 21447000.0,
        "Interest Expense": 3939000.0,
        "Interest Income": 25386000.0,
        "Normalized Income": 8724573.459716,
        "Net Income From Continuing And Discontinued Operation": 7932000.0,
        "Diluted Average Shares": 9589000.0,
        "Basic Average Shares": 9566000.0,
        "Diluted EPS": 0.83,
        "Basic EPS": 0.83,
        "Diluted NI Availto Com Stockholders": 7932000.0,
        "Net Income Common Stockholders": 7932000.0,
        "Net Income": 7932000.0,
        "Net Income Including Noncontrolling Interests": 7932000.0,
        "Net Income Continuous Operations": 7932000.0,
        "Tax Provision": 2196000.0,
        "Pretax Income": 10128000.0,
        "Special Income Charges": -987000.0,
        "Other Special Charges": 1600000.0,
        "Write Off": -13000.0,
        "Gain On Sale Of Security": -119000.0,
        "Selling General And Administration": 6857000.0,
        "Selling And Marketing Expense": 592000.0,
        "General And Administrative Expense": 6265000.0,
        "Other Gand A": NaN,
        "Insurance And Claims": 148000.0,
        "Salaries And Wages": 8937000.0,
        "Total Revenue": 24412000.0,
        "Operating Revenue": 24412000.0
    },
    "2022-09-30": {
        "Tax Effect Of Unusual Items": 0.0,
        "Tax Rate For Calcs": 0.223,
        "Total Unusual Items": -156000.0,
        "Total Unusual Items Excluding Goodwill": -156000.0,
        "Net Income From Continuing Operation Net Minority Interest": 7154000.0,
        "Reconciled Depreciation": 799000.0,
        "Net Interest Income": 20351000.0,
        "Interest Expense": 2322000.0,
        "Interest Income": 22673000.0,
        "Normalized Income": 7154000.0,
        "Net Income From Continuing And Discontinued Operation": 7154000.0,
        "Diluted Average Shares": 9568000.0,
        "Basic Average Shares": 9545000.0,
        "Diluted EPS": 0.75,
        "Basic EPS": 0.75,
        "Diluted NI Availto Com Stockholders": 7154000.0,
        "Net Income Common Stockholders": 7154000.0,
        "Net Income": 7154000.0,
        "Net Income Including Noncontrolling Interests": 7154000.0,
        "Net Income Continuous Operations": 7154000.0,
        "Tax Provision": 2053000.0,
        "Pretax Income": 9207000.0,
        "Special Income Charges": -156000.0,
        "Other Special Charges": 56000.0,
        "Write Off": 100000.0,
        "Gain On Sale Of Security": 0.0,
        "Selling General And Administration": 10921000.0,
        "Selling And Marketing Expense": 507000.0,
        "General And Administrative Expense": 10414000.0,
        "Other Gand A": 981000.0,
        "Insurance And Claims": 190000.0,
        "Salaries And Wages": 9243000.0,
        "Total Revenue": 23962000.0,
        "Operating Revenue": 23962000.0
    },
    "2022-06-30": {
        "Tax Effect Of Unusual Items": 0.0,
        "Tax Rate For Calcs": 0.204,
        "Total Unusual Items": -885000.0,
        "Total Unusual Items Excluding Goodwill": -885000.0,
        "Net Income From Continuing Operation Net Minority Interest": 1953000.0,
        "Reconciled Depreciation": 815000.0,
        "Net Interest Income": 17739000.0,
        "Interest Expense": 1544000.0,
        "Interest Income": 19283000.0,
        "Normalized Income": 1953000.0,
        "Net Income From Continuing And Discontinued Operation": 1953000.0,
        "Diluted Average Shares": 9565000.0,
        "Basic Average Shares": 9532000.0,
        "Diluted EPS": 0.2,
        "Basic EPS": 0.2,
        "Diluted NI Availto Com Stockholders": 1953000.0,
        "Net Income Common Stockholders": 1953000.0,
        "Net Income": 1953000.0,
        "Net Income Including Noncontrolling Interests": 1953000.0,
        "Net Income Continuous Operations": 1953000.0,
        "Tax Provision": 500000.0,
        "Pretax Income": 2453000.0,
        "Special Income Charges": -885000.0,
        "Other Special Charges": 885000.0,
        "Write Off": 0.0,
        "Gain On Sale Of Security": 0.0,
        "Selling General And Administration": 10130000.0,
        "Selling And Marketing Expense": 433000.0,
        "General And Administrative Expense": 9697000.0,
        "Other Gand A": 1018000.0,
        "Insurance And Claims": 188000.0,
        "Salaries And Wages": 8491000.0,
        "Total Revenue": 21650000.0,
        "Operating Revenue": 21650000.0
    },
    "2022-03-31": {
        "Diluted EPS": 0.32,
        "Total Revenue": 21,
        "Gross Profit": 20,
        "Operating Income": 4,
        "EBIT": NaN,
        "Net Income": 3
    },
    "2021-12-31": {
        "Diluted EPS": 0.28,
        "Total Revenue": 22,
        "Gross Profit": 20,
        "Operating Income": 3,
        "EBIT": NaN,
        "Net Income": 3
    },
    "2021-09-30": {
        "Diluted EPS": 0.49,
        "Total Revenue": 22,
        "Gross Profit": 20,
        "Operating Income": 6,
        "EBIT": NaN,
        "Net Income": 5
    },
    "2021-06-30": {
        "Diluted EPS": 0.33,
        "Total Revenue": 21,
        "Gross Profit": 18,
        "Operating Income": 4,
        "EBIT": NaN,
        "Net Income": 3
    },
    "2021-03-31": {
        "Diluted EPS": 0.4,
        "Total Revenue": 23,
        "Gross Profit": 20,
        "Operating Income": 5,
        "EBIT": NaN,
        "Net Income": 4
    },
    "2020-12-31": {
        "Diluted EPS": 0.49,
        "Total Revenue": 23,
        "Gross Profit": 20,
        "Operating Income": 6,
        "EBIT": NaN,
        "Net Income": 5
    },
    "2020-09-30": {
        "Diluted EPS": 0.37,
        "Total Revenue": 23,
        "Gross Profit": 19,
        "Operating Income": 5,
        "EBIT": NaN,
        "Net Income": 4
    },
    "2020-06-30": {
        "Diluted EPS": 0.31,
        "Total Revenue": 22,
        "Gross Profit": 18,
        "Operating Income": 4,
        "EBIT": NaN,
        "Net Income": 3
    },
    "2020-03-31": {
        "Diluted EPS": -0.31,
        "Total Revenue": 24,
        "Gross Profit": 19,
        "Operating Income": -4,
        "EBIT": NaN,
        "Net Income": -3
    },
    "2019-12-31": {
        "Diluted EPS": 0.46,
        "Total Revenue": 25,
        "Gross Profit": 20,
        "Operating Income": 6,
        "EBIT": NaN,
        "Net Income": 4
    },
    "2019-09-30": {
        "Diluted EPS": 0.52,
        "Total Revenue": 25,
        "Gross Profit": 19,
        "Operating Income": 7,
        "EBIT": NaN,
        "Net Income": 5
    },
    "2019-06-30": {
        "Diluted EPS": 0.49,
        "Total Revenue": 25,
        "Gross Profit": 20,
        "Operating Income": 6,
        "EBIT": NaN,
        "Net Income": 5
    },
    "2019-03-31": {
        "Diluted EPS": 0.41,
        "Total Revenue": 24,
        "Gross Profit": 19,
        "Operating Income": 5,
        "EBIT": NaN,
        "Net Income": 4
    },
    "2018-12-31": {
        "Diluted EPS": 0.43,
        "Total Revenue": 24,
        "Gross Profit": 19,
        "Operating Income": 5,
        "EBIT": NaN,
        "Net Income": 4
    },
    "2018-09-30": {
        "Diluted EPS": 0.51,
        "Total Revenue": 24,
        "Gross Profit": 20,
        "Operating Income": 6,
        "EBIT": NaN,
        "Net Income": 5
    },
    "2018-06-30": {
        "Diluted EPS": 0.61,
        "Total Revenue": 23,
        "Gross Profit": 20,
        "Operating Income": 8,
        "EBIT": NaN,
        "Net Income": 6
    },
    "2018-03-31": {
        "Diluted EPS": 0.41,
        "Total Revenue": 22,
        "Gross Profit": 19,
        "Operating Income": 5,
        "EBIT": NaN,
        "Net Income": 4
    },
    "2017-12-31": {
        "Diluted EPS": 0.15,
        "Total Revenue": 22,
        "Gross Profit": 19,
        "Operating Income": 6,
        "EBIT": NaN,
        "Net Income": 1
    },
    "2017-09-30": {
        "Diluted EPS": 0.34,
        "Total Revenue": 21,
        "Gross Profit": 18,
        "Operating Income": 5,
        "EBIT": NaN,
        "Net Income": 3
    },
    "2017-06-30": {
        "Diluted EPS": 0.37,
        "Total Revenue": 20,
        "Gross Profit": 17,
        "Operating Income": 5,
        "EBIT": NaN,
        "Net Income": 4
    },
    "2017-03-31": {
        "Diluted EPS": 0.35,
        "Total Revenue": 19,
        "Gross Profit": 17,
        "Operating Income": 5,
        "EBIT": NaN,
        "Net Income": 3
    },
    "2016-12-31": {
        "Diluted EPS": 0.4,
        "Total Revenue": 19,
        "Gross Profit": 17,
        "Operating Income": 6,
        "EBIT": NaN,
        "Net Income": 4
    },
    "2016-09-30": {
        "Diluted EPS": 0.35,
        "Total Revenue": 18,
        "Gross Profit": 16,
        "Operating Income": 5,
        "EBIT": NaN,
        "Net Income": 3
    },
    "2016-06-30": {
        "Diluted EPS": 0.31,
        "Total Revenue": 18,
        "Gross Profit": 16,
        "Operating Income": 4,
        "EBIT": NaN,
        "Net Income": 3
    },
    "2016-03-31": {
        "Diluted EPS": 0.29,
        "Total Revenue": 17,
        "Gross Profit": 15,
        "Operating Income": 4,
        "EBIT": NaN,
        "Net Income": 3
    },
    "2015-12-31": {
        "Diluted EPS": 0.35,
        "Total Revenue": 17,
        "Gross Profit": 15,
        "Operating Income": 4,
        "EBIT": NaN,
        "Net Income": 3
    },
    "2015-09-30": {
        "Diluted EPS": 0.39,
        "Total Revenue": 16,
        "Gross Profit": 14,
        "Operating Income": 4,
        "EBIT": NaN,
        "Net Income": 3
    },
    "2015-06-30": {
        "Diluted EPS": 0.38,
        "Total Revenue": 16,
        "Gross Profit": 14,
        "Operating Income": 4,
        "EBIT": NaN,
        "Net Income": 3
    },
    "2015-03-31": {
        "Diluted EPS": 0.32,
        "Total Revenue": 16,
        "Gross Profit": 14,
        "Operating Income": 4,
        "EBIT": NaN,
        "Net Income": 2
    },
    "2014-12-31": {
        "Diluted EPS": 0.36,
        "Total Revenue": 15,
        "Gross Profit": 13,
        "Operating Income": 4,
        "EBIT": NaN,
        "Net Income": 3
    },
    "2014-09-30": {
        "Diluted EPS": 0.42,
        "Total Revenue": 15,
        "Gross Profit": 13,
        "Operating Income": 5,
        "EBIT": NaN,
        "Net Income": 3
    },
    "2014-06-30": {
        "Diluted EPS": 0.37,
        "Total Revenue": 14,
        "Gross Profit": 12,
        "Operating Income": 4,
        "EBIT": NaN,
        "Net Income": 3
    },
    "2014-03-31": {
        "Diluted EPS": 0.44,
        "Total Revenue": 14,
        "Gross Profit": 12,
        "Operating Income": 4,
        "EBIT": NaN,
        "Net Income": 3
    },
    "2013-12-31": {
        "Diluted EPS": 0.38,
        "Total Revenue": 14,
        "Gross Profit": 12,
        "Operating Income": 4,
        "EBIT": NaN,
        "Net Income": 3
    },
    "2013-09-30": {
        "Diluted EPS": 0.4,
        "Total Revenue": 14,
        "Gross Profit": 12,
        "Operating Income": 4,
        "EBIT": NaN,
        "Net Income": 3
    },
    "2013-06-30": {
        "Diluted EPS": 0.4,
        "Total Revenue": 14,
        "Gross Profit": 11,
        "Operating Income": 4,
        "EBIT": NaN,
        "Net Income": 3
    },
    "2013-03-31": {
        "Diluted EPS": 0.4,
        "Total Revenue": 13,
        "Gross Profit": 11,
        "Operating Income": 4,
        "EBIT": NaN,
        "Net Income": 3
    },
    "2012-12-31": {
        "Diluted EPS": 0.38,
        "Total Revenue": 14,
        "Gross Profit": 11,
        "Operating Income": 3,
        "EBIT": NaN,
        "Net Income": 2
    },
    "2012-09-30": {
        "Diluted EPS": 0.28,
        "Total Revenue": 14,
        "Gross Profit": 11,
        "Operating Income": 2,
        "EBIT": NaN,
        "Net Income": 2
    },
    "2012-06-30": {
        "Diluted EPS": 0.43,
        "Total Revenue": 14,
        "Gross Profit": 11,
        "Operating Income": 4,
        "EBIT": NaN,
        "Net Income": 3
    },
    "2012-03-31": {
        "Diluted EPS": 0.33,
        "Total Revenue": 13,
        "Gross Profit": 11,
        "Operating Income": 3,
        "EBIT": NaN,
        "Net Income": 2
    },
    "2011-12-31": {
        "Diluted EPS": 0.39,
        "Total Revenue": 14,
        "Gross Profit": 11,
        "Operating Income": 4,
        "EBIT": NaN,
        "Net Income": 2
    },
    "2011-09-30": {
        "Diluted EPS": 0.0,
        "Total Revenue": 14,
        "Gross Profit": 10,
        "Operating Income": 1,
        "EBIT": NaN,
        "Net Income": 0
    },
    "2011-06-30": {
        "Diluted EPS": 0.26,
        "Total Revenue": 13,
        "Gross Profit": 10,
        "Operating Income": 2,
        "EBIT": NaN,
        "Net Income": 2
    },
    "2011-03-31": {
        "Diluted EPS": 0.2,
        "Total Revenue": 13,
        "Gross Profit": 10,
        "Operating Income": 2,
        "EBIT": NaN,
        "Net Income": 1
    },
    "2010-12-31": {
        "Diluted EPS": 0.14,
        "Total Revenue": 13,
        "Gross Profit": 10,
        "Operating Income": 1,
        "EBIT": NaN,
        "Net Income": 1
    },
    "2010-09-30": {
        "Diluted EPS": 0.25,
        "Total Revenue": 13,
        "Gross Profit": 10,
        "Operating Income": 2,
        "EBIT": NaN,
        "Net Income": 2
    },
    "2010-06-30": {
        "Diluted EPS": 0.23,
        "Total Revenue": 13,
        "Gross Profit": 10,
        "Operating Income": 2,
        "EBIT": NaN,
        "Net Income": 1
    },
    "2010-03-31": {
        "Diluted EPS": 0.24,
        "Total Revenue": 12,
        "Gross Profit": 9,
        "Operating Income": 2,
        "EBIT": NaN,
        "Net Income": 1
    },
    "2009-12-31": {
        "Diluted EPS": 0.14,
        "Total Revenue": 13,
        "Gross Profit": 9,
        "Operating Income": 1,
        "EBIT": NaN,
        "Net Income": 1
    },
    "2009-09-30": {
        "Diluted EPS": 0.14,
        "Total Revenue": 12,
        "Gross Profit": 8,
        "Operating Income": 1,
        "EBIT": NaN,
        "Net Income": 1
    },
    "2009-06-30": {
        "Diluted EPS": 0.01,
        "Total Revenue": 12,
        "Gross Profit": 8,
        "Operating Income": 0,
        "EBIT": NaN,
        "Net Income": 0
    },
    "2009-03-31": {
        "Diluted EPS": 0.12,
        "Total Revenue": 11,
        "Gross Profit": 7,
        "Operating Income": 1,
        "EBIT": NaN,
        "Net Income": 1
    },
    "2023-09-30": {
        "Tax Effect Of Unusual Items": 0.0,
        "Tax Rate For Calcs": 0.202,
        "Total Unusual Items": 0.0,
        "Total Unusual Items Excluding Goodwill": 0.0,
        "Net Income From Continuing Operation Net Minority Interest": 5917000.0,
        "Reconciled Depreciation": 414000.0,
        "Net Interest Income": 19328000.0,
        "Interest Expense": 9701000.0,
        "Interest Income": 29029000.0,
        "Normalized Income": 5917000.0,
        "Net Income From Continuing And Discontinued Operation": 5917000.0,
        "Diluted Average Shares": 9631000.0,
        "Basic Average Shares": 9616000.0,
        "Diluted EPS": 0.61,
        "Basic EPS": 0.62,
        "Diluted NI Availto Com Stockholders": 5917000.0,
        "Net Income Common Stockholders": 5917000.0,
        "Net Income": 5917000.0,
        "Net Income Including Noncontrolling Interests": 5917000.0,
        "Net Income Continuous Operations": 5917000.0,
        "Tax Provision": 1501000.0,
        "Pretax Income": 7418000.0,
        "Special Income Charges": NaN,
        "Restructuring And Mergern Acquisition": NaN,
        "Gain On Sale Of Security": 0.0,
        "Selling General And Administration": 10978000.0,
        "Selling And Marketing Expense": 347000.0,
        "General And Administrative Expense": 10631000.0,
        "Other Gand A": 974000.0,
        "Insurance And Claims": 245000.0,
        "Salaries And Wages": 9412000.0,
        "Total Revenue": 23019000.0,
        "Operating Revenue": 23019000.0
    },
    "2023-12-31": {
        "Tax Effect Of Unusual Items": -210416.666667,
        "Tax Rate For Calcs": 0.208333,
        "Total Unusual Items": -1010000.0,
        "Total Unusual Items Excluding Goodwill": -1010000.0,
        "Net Income From Continuing Operation Net Minority Interest": 5453000.0,
        "Reconciled Depreciation": 458000.0,
        "Net Interest Income": 19256000.0,
        "Interest Expense": 10776000.0,
        "Interest Income": 30032000.0,
        "Normalized Income": 6252583.333333,
        "Net Income From Continuing And Discontinued Operation": 5453000.0,
        "Diluted Average Shares": 9644000.0,
        "Basic Average Shares": 9629000.0,
        "Diluted EPS": 0.57,
        "Basic EPS": 0.57,
        "Diluted NI Availto Com Stockholders": 5453000.0,
        "Net Income Common Stockholders": 5453000.0,
        "Net Income": 5453000.0,
        "Net Income Including Noncontrolling Interests": 5453000.0,
        "Net Income Continuous Operations": 5453000.0,
        "Tax Provision": 1435000.0,
        "Pretax Income": 6888000.0,
        "Special Income Charges": NaN,
        "Restructuring And Mergern Acquisition": NaN,
        "Gain On Sale Of Security": 0.0,
        "Selling General And Administration": 7552000.0,
        "Selling And Marketing Expense": 304000.0,
        "General And Administrative Expense": 7248000.0,
        "Other Gand A": NaN,
        "Insurance And Claims": 244000.0,
        "Salaries And Wages": 10031000.0,
        "Total Revenue": 22886000.0,
        "Operating Revenue": 22886000.0
    },
    "2024-03-31": {
        "Tax Effect Of Unusual Items": -25724.0,
        "Tax Rate For Calcs": 0.218,
        "Total Unusual Items": -118000.0,
        "Total Unusual Items Excluding Goodwill": -118000.0,
        "Net Income From Continuing Operation Net Minority Interest": 4255000.0,
        "Reconciled Depreciation": 451000.0,
        "Net Interest Income": 17568000.0,
        "Interest Expense": 12202000.0,
        "Interest Income": 29770000.0,
        "Normalized Income": 4347276.0,
        "Net Income From Continuing And Discontinued Operation": 4255000.0,
        "Diluted Average Shares": 9670000.0,
        "Basic Average Shares": 9649000.0,
        "Diluted EPS": 0.44,
        "Basic EPS": 0.44,
        "Diluted NI Availto Com Stockholders": 4255000.0,
        "Net Income Common Stockholders": 4255000.0,
        "Net Income": 4255000.0,
        "Net Income Including Noncontrolling Interests": 4255000.0,
        "Net Income Continuous Operations": 4255000.0,
        "Tax Provision": 1186000.0,
        "Pretax Income": 5441000.0,
        "Special Income Charges": -118000.0,
        "Restructuring And Mergern Acquisition": 118000.0,
        "Gain On Sale Of Security": 0.0,
        "Selling General And Administration": 10757000.0,
        "Selling And Marketing Expense": 312000.0,
        "General And Administrative Expense": 10445000.0,
        "Other Gand A": NaN,
        "Insurance And Claims": 246000.0,
        "Salaries And Wages": 10199000.0,
        "Total Revenue": 21348000.0,
        "Operating Revenue": 21348000.0
    }
}