{
    "2023-12-31": {
        "Tax Effect Of Unusual Items": 0.0,
        "Tax Rate For Calcs": 0.0,
        "Normalized EBITDA": -5507195.0,
        "Net Income From Continuing Operation Net Minority Interest": -6709524.0,
        "Reconciled Depreciation": 1004633.0,
        "EBITDA": -5507195.0,
        "EBIT": -6511828.0,
        "Net Interest Income": -197696.0,
        "Interest Expense": 197696.0,
        "Normalized Income": -6709524.0,
        "Net Income From Continuing And Discontinued Operation": -6709524.0,
        "Total Expenses": 6485887.0,
        "Total Operating Income As Reported": -6485887.0,
        "Diluted Average Shares": 48470600.0,
        "Basic Average Shares": 48470600.0,
        "Diluted EPS": -0.14,
        "Basic EPS": -0.14,
        "Diluted NI Availto Com Stockholders": -6709524.0,
        "Net Income Common Stockholders": -6709524.0,
        "Otherunder Preferred Stock Dividend": 0.0,
        "Net Income": -6709524.0,
        "Net Income Including Noncontrolling Interests": -6709524.0,
        "Net Income Continuous Operations": -6709524.0,
        "Pretax Income": -6709524.0,
        "Other Income Expense": -25941.0,
        "Other Non Operating Income Expenses": -25941.0,
        "Net Non Operating Interest Income Expense": -197696.0,
        "Interest Expense Non Operating": 197696.0,
        "Operating Income": -6485887.0,
        "Operating Expense": 6485887.0,
        "Research And Development": 4352509.0,
        "Selling General And Administration": 2133378.0,
        "General And Administrative Expense": 2133378.0,
        "Other Gand A": 2133378.0,
        "Total Revenue": 0.0,
        "Operating Revenue": 0.0
    },
    "2023-09-30": {
        "Tax Effect Of Unusual Items": 0.0,
        "Tax Rate For Calcs": 0.0,
        "Normalized EBITDA": -6450157.0,
        "Net Income From Continuing Operation Net Minority Interest": -7630704.0,
        "Reconciled Depreciation": 998653.0,
        "EBITDA": -6450157.0,
        "EBIT": -7448810.0,
        "Net Interest Income": -181894.0,
        "Interest Expense": 181894.0,
        "Normalized Income": -7630704.0,
        "Net Income From Continuing And Discontinued Operation": -7630704.0,
        "Total Expenses": 7467522.0,
        "Total Operating Income As Reported": -7467522.0,
        "Diluted Average Shares": NaN,
        "Basic Average Shares": NaN,
        "Diluted EPS": NaN,
        "Basic EPS": NaN,
        "Diluted NI Availto Com Stockholders": -7630704.0,
        "Net Income Common Stockholders": -7630704.0,
        "Otherunder Preferred Stock Dividend": 0.0,
        "Net Income": -7630704.0,
        "Net Income Including Noncontrolling Interests": -7630704.0,
        "Net Income Continuous Operations": -7630704.0,
        "Pretax Income": -7630704.0,
        "Other Income Expense": 18712.0,
        "Other Non Operating Income Expenses": 18712.0,
        "Net Non Operating Interest Income Expense": -181894.0,
        "Interest Expense Non Operating": 181894.0,
        "Operating Income": -7467522.0,
        "Operating Expense": 7467522.0,
        "Research And Development": 5267673.0,
        "Selling General And Administration": 2199849.0,
        "General And Administrative Expense": 2199849.0,
        "Other Gand A": 2199849.0,
        "Total Revenue": 0.0,
        "Operating Revenue": 0.0
    },
    "2023-06-30": {
        "Tax Effect Of Unusual Items": NaN,
        "Tax Rate For Calcs": NaN,
        "Normalized EBITDA": NaN,
        "Net Income From Continuing Operation Net Minority Interest": NaN,
        "Reconciled Depreciation": NaN,
        "EBITDA": NaN,
        "EBIT": NaN,
        "Net Interest Income": NaN,
        "Interest Expense": NaN,
        "Normalized Income": NaN,
        "Net Income From Continuing And Discontinued Operation": NaN,
        "Total Expenses": NaN,
        "Total Operating Income As Reported": NaN,
        "Diluted Average Shares": 44254363.0,
        "Basic Average Shares": 44254363.0,
        "Diluted EPS": -0.19,
        "Basic EPS": -0.19,
        "Diluted NI Availto Com Stockholders": NaN,
        "Net Income Common Stockholders": NaN,
        "Otherunder Preferred Stock Dividend": 0.0,
        "Net Income": NaN,
        "Net Income Including Noncontrolling Interests": NaN,
        "Net Income Continuous Operations": NaN,
        "Pretax Income": NaN,
        "Other Income Expense": NaN,
        "Other Non Operating Income Expenses": NaN,
        "Net Non Operating Interest Income Expense": NaN,
        "Interest Expense Non Operating": NaN,
        "Operating Income": NaN,
        "Operating Expense": NaN,
        "Research And Development": NaN,
        "Selling General And Administration": NaN,
        "General And Administrative Expense": NaN,
        "Other Gand A": NaN,
        "Total Revenue": NaN,
        "Operating Revenue": NaN
    },
    "2023-03-31": {
        "Tax Effect Of Unusual Items": NaN,
        "Tax Rate For Calcs": NaN,
        "Normalized EBITDA": NaN,
        "Net Income From Continuing Operation Net Minority Interest": NaN,
        "Reconciled Depreciation": NaN,
        "EBITDA": NaN,
        "EBIT": NaN,
        "Net Interest Income": NaN,
        "Interest Expense": NaN,
        "Normalized Income": NaN,
        "Net Income From Continuing And Discontinued Operation": NaN,
        "Total Expenses": NaN,
        "Total Operating Income As Reported": NaN,
        "Diluted Average Shares": 43588381.0,
        "Basic Average Shares": 43588381.0,
        "Diluted EPS": -0.19,
        "Basic EPS": -0.19,
        "Diluted NI Availto Com Stockholders": NaN,
        "Net Income Common Stockholders": NaN,
        "Otherunder Preferred Stock Dividend": NaN,
        "Net Income": NaN,
        "Net Income Including Noncontrolling Interests": NaN,
        "Net Income Continuous Operations": NaN,
        "Pretax Income": NaN,
        "Other Income Expense": NaN,
        "Other Non Operating Income Expenses": NaN,
        "Net Non Operating Interest Income Expense": NaN,
        "Interest Expense Non Operating": NaN,
        "Operating Income": NaN,
        "Operating Expense": NaN,
        "Research And Development": NaN,
        "Selling General And Administration": NaN,
        "General And Administrative Expense": NaN,
        "Other Gand A": NaN,
        "Total Revenue": NaN,
        "Operating Revenue": NaN
    },
    "2024-03-31": {
        "Tax Effect Of Unusual Items": 0.0,
        "Tax Rate For Calcs": 0.0,
        "Normalized EBITDA": -6073428.0,
        "Net Income From Continuing Operation Net Minority Interest": -7244891.0,
        "Reconciled Depreciation": 988762.0,
        "EBITDA": -6073428.0,
        "EBIT": -7062190.0,
        "Net Interest Income": -182701.0,
        "Interest Expense": 182701.0,
        "Normalized Income": -7244891.0,
        "Net Income From Continuing And Discontinued Operation": -7244891.0,
        "Total Expenses": 7075948.0,
        "Total Operating Income As Reported": -7075948.0,
        "Diluted Average Shares": 52006442.0,
        "Basic Average Shares": 52006442.0,
        "Diluted EPS": -0.14,
        "Basic EPS": -0.14,
        "Diluted NI Availto Com Stockholders": -7244891.0,
        "Net Income Common Stockholders": -7244891.0,
        "Otherunder Preferred Stock Dividend": NaN,
        "Net Income": -7244891.0,
        "Net Income Including Noncontrolling Interests": -7244891.0,
        "Net Income Continuous Operations": -7244891.0,
        "Pretax Income": -7244891.0,
        "Other Income Expense": 13758.0,
        "Other Non Operating Income Expenses": 13758.0,
        "Net Non Operating Interest Income Expense": -182701.0,
        "Interest Expense Non Operating": 182701.0,
        "Operating Income": -7075948.0,
        "Operating Expense": 7075948.0,
        "Research And Development": 4628535.0,
        "Selling General And Administration": 2447413.0,
        "General And Administrative Expense": 2447413.0,
        "Other Gand A": 2447413.0,
        "Total Revenue": 0.0,
        "Operating Revenue": 0.0
    },
    "2022-12-31": {
        "Tax Effect Of Unusual Items": NaN,
        "Tax Rate For Calcs": NaN,
        "Normalized EBITDA": NaN,
        "Total Unusual Items": -171552.0,
        "Total Unusual Items Excluding Goodwill": -171552.0,
        "Net Income From Continuing Operation Net Minority Interest": NaN,
        "Reconciled Depreciation": NaN,
        "EBITDA": NaN,
        "EBIT": NaN,
        "Net Interest Income": NaN,
        "Interest Expense": NaN,
        "Normalized Income": NaN,
        "Net Income From Continuing And Discontinued Operation": NaN,
        "Total Expenses": NaN,
        "Total Operating Income As Reported": NaN,
        "Diluted Average Shares": NaN,
        "Basic Average Shares": NaN,
        "Diluted EPS": NaN,
        "Basic EPS": NaN,
        "Diluted NI Availto Com Stockholders": NaN,
        "Average Dilution Earnings": 0.0,
        "Net Income Common Stockholders": NaN,
        "Otherunder Preferred Stock Dividend": 171552.0,
        "Net Income": NaN,
        "Net Income Including Noncontrolling Interests": NaN,
        "Net Income Continuous Operations": NaN,
        "Pretax Income": NaN,
        "Other Income Expense": NaN,
        "Other Non Operating Income Expenses": NaN,
        "Gain On Sale Of Security": -171552.0,
        "Net Non Operating Interest Income Expense": NaN,
        "Interest Expense Non Operating": NaN,
        "Operating Income": NaN,
        "Operating Expense": NaN,
        "Research And Development": NaN,
        "Selling General And Administration": NaN,
        "General And Administrative Expense": NaN,
        "Other Gand A": NaN,
        "Total Revenue": NaN,
        "Operating Revenue": NaN
    },
    "2022-09-30": {
        "Tax Effect Of Unusual Items": NaN,
        "Tax Rate For Calcs": NaN,
        "Normalized EBITDA": NaN,
        "Total Unusual Items": 0.0,
        "Total Unusual Items Excluding Goodwill": 0.0,
        "Net Income From Continuing Operation Net Minority Interest": NaN,
        "Reconciled Depreciation": NaN,
        "EBITDA": NaN,
        "EBIT": NaN,
        "Net Interest Income": NaN,
        "Interest Expense": NaN,
        "Normalized Income": NaN,
        "Net Income From Continuing And Discontinued Operation": NaN,
        "Total Expenses": NaN,
        "Total Operating Income As Reported": NaN,
        "Diluted Average Shares": NaN,
        "Basic Average Shares": NaN,
        "Diluted EPS": NaN,
        "Basic EPS": NaN,
        "Diluted NI Availto Com Stockholders": NaN,
        "Average Dilution Earnings": 0.0,
        "Net Income Common Stockholders": NaN,
        "Otherunder Preferred Stock Dividend": 634713.0,
        "Net Income": NaN,
        "Net Income Including Noncontrolling Interests": NaN,
        "Net Income Continuous Operations": NaN,
        "Pretax Income": NaN,
        "Other Income Expense": NaN,
        "Other Non Operating Income Expenses": NaN,
        "Gain On Sale Of Security": 0.0,
        "Net Non Operating Interest Income Expense": NaN,
        "Interest Expense Non Operating": NaN,
        "Operating Income": NaN,
        "Operating Expense": NaN,
        "Research And Development": NaN,
        "Selling General And Administration": NaN,
        "General And Administrative Expense": NaN,
        "Other Gand A": NaN,
        "Total Revenue": NaN,
        "Operating Revenue": NaN
    },
    "2024-06-30": {
        "Tax Effect Of Unusual Items": 0.0,
        "Tax Rate For Calcs": 0.0,
        "Normalized EBITDA": -5681645.0,
        "Net Income From Continuing Operation Net Minority Interest": -6856558.0,
        "Reconciled Depreciation": 984208.0,
        "EBITDA": -5681645.0,
        "EBIT": -6665853.0,
        "Net Interest Income": -190705.0,
        "Interest Expense": 190705.0,
        "Normalized Income": -6856558.0,
        "Net Income From Continuing And Discontinued Operation": -6856558.0,
        "Total Expenses": 6670235.0,
        "Total Operating Income As Reported": -6670235.0,
        "Diluted Average Shares": 53994384.0,
        "Basic Average Shares": 53994384.0,
        "Diluted EPS": -0.14,
        "Basic EPS": -0.14,
        "Diluted NI Availto Com Stockholders": -7516014.0,
        "Net Income Common Stockholders": -7516014.0,
        "Otherunder Preferred Stock Dividend": 659456.0,
        "Net Income": -6856558.0,
        "Net Income Including Noncontrolling Interests": -6856558.0,
        "Net Income Continuous Operations": -6856558.0,
        "Pretax Income": -6856558.0,
        "Other Income Expense": 4382.0,
        "Other Non Operating Income Expenses": 4382.0,
        "Net Non Operating Interest Income Expense": -190705.0,
        "Interest Expense Non Operating": 190705.0,
        "Operating Income": -6670235.0,
        "Operating Expense": 6670235.0,
        "Research And Development": 4703160.0,
        "Selling General And Administration": 1967075.0,
        "General And Administrative Expense": 1967075.0,
        "Other Gand A": 1967075.0,
        "Total Revenue": 0.0,
        "Operating Revenue": 0.0
    },
    "2024-09-30": {
        "Tax Effect Of Unusual Items": 0.0,
        "Tax Rate For Calcs": 0.0,
        "Normalized EBITDA": -4943341.0,
        "Net Income From Continuing Operation Net Minority Interest": -6109492.0,
        "Reconciled Depreciation": 991580.0,
        "EBITDA": -4943341.0,
        "EBIT": -5934921.0,
        "Net Interest Income": -174571.0,
        "Interest Expense": 174571.0,
        "Normalized Income": -6109492.0,
        "Net Income From Continuing And Discontinued Operation": -6109492.0,
        "Total Expenses": 6120404.0,
        "Total Operating Income As Reported": -6120404.0,
        "Diluted Average Shares": NaN,
        "Basic Average Shares": NaN,
        "Diluted EPS": NaN,
        "Basic EPS": NaN,
        "Diluted NI Availto Com Stockholders": -6109492.0,
        "Net Income Common Stockholders": -6109492.0,
        "Otherunder Preferred Stock Dividend": 0.0,
        "Net Income": -6109492.0,
        "Net Income Including Noncontrolling Interests": -6109492.0,
        "Net Income Continuous Operations": -6109492.0,
        "Pretax Income": -6109492.0,
        "Other Income Expense": 185483.0,
        "Other Non Operating Income Expenses": 185483.0,
        "Net Non Operating Interest Income Expense": -174571.0,
        "Interest Expense Non Operating": 174571.0,
        "Operating Income": -6120404.0,
        "Operating Expense": 6120404.0,
        "Research And Development": 4477247.0,
        "Selling General And Administration": 1643157.0,
        "General And Administrative Expense": 1643157.0,
        "Other Gand A": 1643157.0,
        "Total Revenue": 0.0,
        "Operating Revenue": 0.0
    }
}