{
    "2023-06-30": {
        "Tax Effect Of Unusual Items": 0.0,
        "Tax Rate For Calcs": 0.0,
        "Normalized EBITDA": 140000000.0,
        "Total Unusual Items": NaN,
        "Total Unusual Items Excluding Goodwill": NaN,
        "Net Income From Continuing Operation Net Minority Interest": -58000000.0,
        "Reconciled Depreciation": 90000000.0,
        "Reconciled Cost Of Revenue": 2469000000.0,
        "EBITDA": 140000000.0,
        "EBIT": 50000000.0,
        "Net Interest Income": -155000000.0,
        "Interest Expense": 155000000.0,
        "Normalized Income": -58000000.0,
        "Net Income From Continuing And Discontinued Operation": -58000000.0,
        "Total Expenses": 2921000000.0,
        "Rent Expense Supplemental": 18000000.0,
        "Diluted Average Shares": 106222000.0,
        "Basic Average Shares": 106222000.0,
        "Diluted EPS": -0.55,
        "Basic EPS": -0.55,
        "Diluted NI Availto Com Stockholders": -58000000.0,
        "Net Income Common Stockholders": -58000000.0,
        "Net Income": -58000000.0,
        "Minority Interests": 47000000.0,
        "Net Income Including Noncontrolling Interests": -105000000.0,
        "Net Income Continuous Operations": -105000000.0,
        "Tax Provision": 0.0,
        "Pretax Income": -105000000.0,
        "Other Income Expense": 3000000.0,
        "Other Non Operating Income Expenses": 3000000.0,
        "Special Income Charges": NaN,
        "Other Special Charges": NaN,
        "Net Non Operating Interest Income Expense": -155000000.0,
        "Interest Expense Non Operating": 155000000.0,
        "Operating Income": 47000000.0,
        "Operating Expense": 452000000.0,
        "Selling General And Administration": 452000000.0,
        "Selling And Marketing Expense": 57000000.0,
        "General And Administrative Expense": 395000000.0,
        "Other Gand A": 214000000.0,
        "Rent And Landing Fees": 18000000.0,
        "Salaries And Wages": 163000000.0,
        "Gross Profit": 499000000.0,
        "Cost Of Revenue": 2469000000.0,
        "Total Revenue": 2968000000.0,
        "Operating Revenue": 2738000000.0
    },
    "2023-03-31": {
        "Tax Effect Of Unusual Items": 0.0,
        "Tax Rate For Calcs": 0.007,
        "Normalized EBITDA": -36000000.0,
        "Total Unusual Items": NaN,
        "Total Unusual Items Excluding Goodwill": NaN,
        "Net Income From Continuing Operation Net Minority Interest": -160000000.0,
        "Reconciled Depreciation": 93000000.0,
        "Reconciled Cost Of Revenue": 2265000000.0,
        "EBITDA": -36000000.0,
        "EBIT": -129000000.0,
        "Net Interest Income": -159000000.0,
        "Interest Expense": 159000000.0,
        "Normalized Income": -160000000.0,
        "Net Income From Continuing And Discontinued Operation": -160000000.0,
        "Total Expenses": 2737000000.0,
        "Rent Expense Supplemental": 21000000.0,
        "Diluted Average Shares": 106011000.0,
        "Basic Average Shares": 106011000.0,
        "Diluted EPS": -1.51,
        "Basic EPS": -1.51,
        "Diluted NI Availto Com Stockholders": -160000000.0,
        "Net Income Common Stockholders": -160000000.0,
        "Net Income": -160000000.0,
        "Minority Interests": 126000000.0,
        "Net Income Including Noncontrolling Interests": -286000000.0,
        "Net Income Continuous Operations": -286000000.0,
        "Tax Provision": -2000000.0,
        "Pretax Income": -288000000.0,
        "Other Income Expense": 2000000.0,
        "Other Non Operating Income Expenses": 2000000.0,
        "Special Income Charges": NaN,
        "Other Special Charges": NaN,
        "Net Non Operating Interest Income Expense": -159000000.0,
        "Interest Expense Non Operating": 159000000.0,
        "Operating Income": -131000000.0,
        "Operating Expense": 472000000.0,
        "Selling General And Administration": 472000000.0,
        "Selling And Marketing Expense": 56000000.0,
        "General And Administrative Expense": 416000000.0,
        "Other Gand A": 219000000.0,
        "Rent And Landing Fees": 21000000.0,
        "Salaries And Wages": 176000000.0,
        "Gross Profit": 341000000.0,
        "Cost Of Revenue": 2265000000.0,
        "Total Revenue": 2606000000.0,
        "Operating Revenue": 2445000000.0
    },
    "2022-12-31": {
        "Tax Effect Of Unusual Items": 0.0,
        "Tax Rate For Calcs": 0.0,
        "Normalized EBITDA": -1206000000.0,
        "Total Unusual Items": NaN,
        "Total Unusual Items Excluding Goodwill": NaN,
        "Net Income From Continuing Operation Net Minority Interest": -806000000.0,
        "Reconciled Depreciation": 82000000.0,
        "Reconciled Cost Of Revenue": 2644000000.0,
        "EBITDA": -1206000000.0,
        "EBIT": -1288000000.0,
        "Net Interest Income": -153000000.0,
        "Interest Expense": 153000000.0,
        "Normalized Income": -806000000.0,
        "Net Income From Continuing And Discontinued Operation": -806000000.0,
        "Total Expenses": 3276000000.0,
        "Rent Expense Supplemental": 23000000.0,
        "Diluted Average Shares": 105909000.0,
        "Basic Average Shares": 105909000.0,
        "Diluted EPS": -7.61,
        "Basic EPS": -7.61,
        "Diluted NI Availto Com Stockholders": -806000000.0,
        "Net Income Common Stockholders": -806000000.0,
        "Net Income": -806000000.0,
        "Minority Interests": 635000000.0,
        "Net Income Including Noncontrolling Interests": -1441000000.0,
        "Net Income Continuous Operations": -1441000000.0,
        "Tax Provision": 0.0,
        "Pretax Income": -1441000000.0,
        "Other Income Expense": -849000000.0,
        "Other Non Operating Income Expenses": -2000000.0,
        "Special Income Charges": NaN,
        "Other Special Charges": NaN,
        "Net Non Operating Interest Income Expense": -153000000.0,
        "Interest Expense Non Operating": 153000000.0,
        "Operating Income": -439000000.0,
        "Operating Expense": 632000000.0,
        "Selling General And Administration": 632000000.0,
        "Selling And Marketing Expense": 87000000.0,
        "General And Administrative Expense": 545000000.0,
        "Other Gand A": 310000000.0,
        "Rent And Landing Fees": 23000000.0,
        "Salaries And Wages": 212000000.0,
        "Gross Profit": 193000000.0,
        "Cost Of Revenue": 2644000000.0,
        "Total Revenue": 2837000000.0,
        "Operating Revenue": 2701000000.0
    },
    "2022-09-30": {
        "Tax Effect Of Unusual Items": 0.0,
        "Tax Rate For Calcs": 0.001,
        "Normalized EBITDA": -277000000.0,
        "Total Unusual Items": NaN,
        "Total Unusual Items Excluding Goodwill": NaN,
        "Net Income From Continuing Operation Net Minority Interest": -283000000.0,
        "Reconciled Depreciation": 78000000.0,
        "Reconciled Cost Of Revenue": 3027000000.0,
        "EBITDA": -277000000.0,
        "EBIT": -355000000.0,
        "Net Interest Income": -153000000.0,
        "Interest Expense": 153000000.0,
        "Normalized Income": -283000000.0,
        "Net Income From Continuing And Discontinued Operation": -283000000.0,
        "Total Expenses": 3683000000.0,
        "Rent Expense Supplemental": 23000000.0,
        "Diluted Average Shares": 105857000.0,
        "Basic Average Shares": 105857000.0,
        "Diluted EPS": -2.67,
        "Basic EPS": -2.67,
        "Diluted NI Availto Com Stockholders": -283000000.0,
        "Net Income Common Stockholders": -283000000.0,
        "Net Income": -283000000.0,
        "Minority Interests": 225000000.0,
        "Net Income Including Noncontrolling Interests": -508000000.0,
        "Net Income Continuous Operations": -508000000.0,
        "Tax Provision": 0.0,
        "Pretax Income": -508000000.0,
        "Other Income Expense": -58000000.0,
        "Other Non Operating Income Expenses": -58000000.0,
        "Special Income Charges": NaN,
        "Other Special Charges": NaN,
        "Impairment Of Capital Assets": NaN,
        "Net Non Operating Interest Income Expense": -153000000.0,
        "Interest Expense Non Operating": 153000000.0,
        "Operating Income": -297000000.0,
        "Operating Expense": 656000000.0,
        "Selling General And Administration": 656000000.0,
        "Selling And Marketing Expense": 117000000.0,
        "General And Administrative Expense": 539000000.0,
        "Other Gand A": 293000000.0,
        "Rent And Landing Fees": 23000000.0,
        "Salaries And Wages": 223000000.0,
        "Gross Profit": 359000000.0,
        "Cost Of Revenue": 3027000000.0,
        "Total Revenue": 3386000000.0,
        "Operating Revenue": 3189000000.0
    },
    "2022-06-30": {
        "Tax Effect Of Unusual Items": 0.0,
        "Tax Rate For Calcs": 0.4,
        "Normalized EBITDA": -258000000.0,
        "Total Unusual Items": NaN,
        "Total Unusual Items Excluding Goodwill": NaN,
        "Net Income From Continuing Operation Net Minority Interest": -238000000.0,
        "Reconciled Depreciation": 64000000.0,
        "Reconciled Cost Of Revenue": 3488000000.0,
        "EBITDA": -258000000.0,
        "EBIT": -322000000.0,
        "Net Interest Income": -116000000.0,
        "Interest Expense": 116000000.0,
        "Normalized Income": -238000000.0,
        "Net Income From Continuing And Discontinued Operation": -238000000.0,
        "Total Expenses": 4209000000.0,
        "Rent Expense Supplemental": 24000000.0,
        "Diluted Average Shares": 101450000.0,
        "Basic Average Shares": 101450000.0,
        "Diluted EPS": -2.35,
        "Basic EPS": -2.35,
        "Diluted NI Availto Com Stockholders": -238000000.0,
        "Average Dilution Earnings": 0.0,
        "Net Income Common Stockholders": -238000000.0,
        "Net Income": -238000000.0,
        "Minority Interests": 201000000.0,
        "Net Income Including Noncontrolling Interests": -439000000.0,
        "Net Income Continuous Operations": -439000000.0,
        "Tax Provision": 1000000.0,
        "Pretax Income": -438000000.0,
        "Other Income Expense": 3000000.0,
        "Other Non Operating Income Expenses": 3000000.0,
        "Special Income Charges": NaN,
        "Impairment Of Capital Assets": NaN,
        "Net Non Operating Interest Income Expense": -116000000.0,
        "Interest Expense Non Operating": 116000000.0,
        "Operating Income": -325000000.0,
        "Operating Expense": 721000000.0,
        "Selling General And Administration": 721000000.0,
        "Selling And Marketing Expense": 131000000.0,
        "General And Administrative Expense": 590000000.0,
        "Other Gand A": 314000000.0,
        "Rent And Landing Fees": 24000000.0,
        "Salaries And Wages": 252000000.0,
        "Gross Profit": 396000000.0,
        "Cost Of Revenue": 3488000000.0,
        "Total Revenue": 3884000000.0,
        "Operating Revenue": 3666000000.0
    },
    "2022-03-31": {
        "Diluted EPS": -2.89,
        "Total Revenue": NaN,
        "Gross Profit": 298,
        "Operating Income": -429,
        "EBIT": -386,
        "Net Income": -260
    },
    "2021-12-31": {
        "Diluted EPS": -1.05,
        "Total Revenue": NaN,
        "Gross Profit": 516,
        "Operating Income": -104,
        "EBIT": -68,
        "Net Income": -89
    },
    "2021-09-30": {
        "Diluted EPS": -0.38,
        "Total Revenue": NaN,
        "Gross Profit": 523,
        "Operating Income": -23,
        "EBIT": 6,
        "Net Income": -32
    },
    "2021-06-30": {
        "Diluted EPS": 0.26,
        "Total Revenue": NaN,
        "Gross Profit": 552,
        "Operating Income": 82,
        "EBIT": 109,
        "Net Income": 22
    },
    "2021-03-31": {
        "Diluted EPS": -0.46,
        "Total Revenue": NaN,
        "Gross Profit": 338,
        "Operating Income": -59,
        "EBIT": -35,
        "Net Income": -36
    },
    "2020-12-31": {
        "Diluted EPS": -0.72,
        "Total Revenue": NaN,
        "Gross Profit": 244,
        "Operating Income": -98,
        "EBIT": -74,
        "Net Income": -63
    },
    "2020-09-30": {
        "Diluted EPS": -0.1,
        "Total Revenue": NaN,
        "Gross Profit": 262,
        "Operating Income": -7,
        "EBIT": 14,
        "Net Income": -7
    },
    "2020-06-30": {
        "Diluted EPS": -0.62,
        "Total Revenue": NaN,
        "Gross Profit": 150,
        "Operating Income": -89,
        "EBIT": -70,
        "Net Income": -41
    },
    "2020-03-31": {
        "Diluted EPS": -1.19,
        "Total Revenue": NaN,
        "Gross Profit": 138,
        "Operating Income": -138,
        "EBIT": -120,
        "Net Income": -60
    },
    "2019-12-31": {
        "Diluted EPS": -0.85,
        "Total Revenue": NaN,
        "Gross Profit": 143,
        "Operating Income": -99,
        "EBIT": -83,
        "Net Income": -41
    },
    "2019-09-30": {
        "Diluted EPS": -0.6,
        "Total Revenue": NaN,
        "Gross Profit": 138,
        "Operating Income": -70,
        "EBIT": -58,
        "Net Income": -30
    },
    "2019-06-30": {
        "Diluted EPS": -0.44,
        "Total Revenue": 986,
        "Gross Profit": 138,
        "Operating Income": -44,
        "EBIT": -34,
        "Net Income": -20
    },
    "2019-03-31": {
        "Diluted EPS": -0.56,
        "Total Revenue": 755,
        "Gross Profit": 89,
        "Operating Income": -67,
        "EBIT": -58,
        "Net Income": -23
    },
    "2018-12-31": {
        "Diluted EPS": -0.59,
        "Total Revenue": 585,
        "Gross Profit": 56,
        "Operating Income": -75,
        "EBIT": -66,
        "Net Income": -23
    },
    "2018-09-30": {
        "Diluted EPS": -0.5,
        "Total Revenue": 535,
        "Gross Profit": 57,
        "Operating Income": -58,
        "EBIT": -52,
        "Net Income": -17
    },
    "2018-06-30": {
        "Diluted EPS": -0.41,
        "Total Revenue": 475,
        "Gross Profit": 49,
        "Operating Income": -47,
        "EBIT": -41,
        "Net Income": -11
    },
    "2018-03-31": {
        "Diluted EPS": -0.53,
        "Total Revenue": 360,
        "Gross Profit": 34,
        "Operating Income": -49,
        "EBIT": -44,
        "Net Income": -10
    },
    "2017-12-31": {
        "Diluted EPS": -0.46,
        "Total Revenue": 265,
        "Gross Profit": 22,
        "Operating Income": -45,
        "EBIT": -41,
        "Net Income": -7
    },
    "2017-09-30": {
        "Diluted EPS": -0.29,
        "Total Revenue": 225,
        "Gross Profit": 20,
        "Operating Income": -38,
        "EBIT": -35,
        "Net Income": -4
    },
    "2017-06-30": {
        "Diluted EPS": -0.28,
        "Total Revenue": 209,
        "Gross Profit": 16,
        "Operating Income": -36,
        "EBIT": -32,
        "Net Income": -15
    },
    "2017-03-31": {
        "Diluted EPS": -0.28,
        "Total Revenue": 159,
        "Gross Profit": 10,
        "Operating Income": -36,
        "EBIT": -34,
        "Net Income": -38
    },
    "2016-12-31": {
        "Diluted EPS": -0.2,
        "Total Revenue": 107,
        "Gross Profit": 2,
        "Operating Income": -34,
        "EBIT": -33,
        "Net Income": -36
    },
    "2016-09-30": {
        "Diluted EPS": -0.16,
        "Total Revenue": 99,
        "Gross Profit": 7,
        "Operating Income": -21,
        "EBIT": -20,
        "Net Income": -22
    },
    "2016-06-30": {
        "Diluted EPS": -0.13,
        "Total Revenue": 87,
        "Gross Profit": 6,
        "Operating Income": -17,
        "EBIT": -16,
        "Net Income": -18
    },
    "2016-03-31": {
        "Diluted EPS": -0.19,
        "Total Revenue": 73,
        "Gross Profit": 4,
        "Operating Income": -17,
        "EBIT": -16,
        "Net Income": -19
    },
    "2015-12-31": {
        "Diluted EPS": 0.0,
        "Total Revenue": NaN,
        "Gross Profit": NaN,
        "Operating Income": NaN,
        "EBIT": NaN,
        "Net Income": NaN
    },
    "2014-12-31": {
        "Diluted EPS": 0.0,
        "Total Revenue": NaN,
        "Gross Profit": NaN,
        "Operating Income": NaN,
        "EBIT": NaN,
        "Net Income": NaN
    },
    "2023-09-30": {
        "Tax Effect Of Unusual Items": 71996000.0,
        "Tax Rate For Calcs": 0.082,
        "Normalized EBITDA": 132000000.0,
        "Total Unusual Items": 878000000.0,
        "Total Unusual Items Excluding Goodwill": 878000000.0,
        "Net Income From Continuing Operation Net Minority Interest": 782000000.0,
        "Reconciled Depreciation": 87000000.0,
        "Reconciled Cost Of Revenue": 2291000000.0,
        "EBITDA": 1010000000.0,
        "EBIT": 923000000.0,
        "Net Interest Income": -153000000.0,
        "Interest Expense": 153000000.0,
        "Normalized Income": -24004000.0,
        "Net Income From Continuing And Discontinued Operation": 782000000.0,
        "Total Expenses": 2724000000.0,
        "Rent Expense Supplemental": 16000000.0,
        "Diluted Average Shares": 205958000.0,
        "Basic Average Shares": 110844000.0,
        "Diluted EPS": 3.6,
        "Basic EPS": 7.05,
        "Diluted NI Availto Com Stockholders": 782000000.0,
        "Net Income Common Stockholders": 782000000.0,
        "Net Income": 782000000.0,
        "Minority Interests": 41000000.0,
        "Net Income Including Noncontrolling Interests": 741000000.0,
        "Net Income Continuous Operations": 741000000.0,
        "Tax Provision": 29000000.0,
        "Pretax Income": 770000000.0,
        "Other Income Expense": 874000000.0,
        "Other Non Operating Income Expenses": -4000000.0,
        "Special Income Charges": 878000000.0,
        "Other Special Charges": -878000000.0,
        "Net Non Operating Interest Income Expense": -153000000.0,
        "Interest Expense Non Operating": 153000000.0,
        "Operating Income": 49000000.0,
        "Operating Expense": 433000000.0,
        "Selling General And Administration": 433000000.0,
        "Selling And Marketing Expense": 56000000.0,
        "General And Administrative Expense": 377000000.0,
        "Other Gand A": 201000000.0,
        "Rent And Landing Fees": 16000000.0,
        "Salaries And Wages": 160000000.0,
        "Gross Profit": 482000000.0,
        "Cost Of Revenue": 2291000000.0,
        "Total Revenue": 2773000000.0,
        "Operating Revenue": 2559000000.0
    },
    "2023-12-31": {
        "Tax Effect Of Unusual Items": 0.0,
        "Tax Rate For Calcs": 0.009901,
        "Normalized EBITDA": 45000000.0,
        "Total Unusual Items": 0.0,
        "Total Unusual Items Excluding Goodwill": 0.0,
        "Net Income From Continuing Operation Net Minority Interest": -114000000.0,
        "Reconciled Depreciation": 82000000.0,
        "Reconciled Cost Of Revenue": 2022000000.0,
        "EBITDA": 45000000.0,
        "EBIT": -37000000.0,
        "Net Interest Income": -165000000.0,
        "Interest Expense": 165000000.0,
        "Normalized Income": -114000000.0,
        "Net Income From Continuing And Discontinued Operation": -114000000.0,
        "Total Expenses": 2461000000.0,
        "Rent Expense Supplemental": 16000000.0,
        "Diluted Average Shares": NaN,
        "Basic Average Shares": NaN,
        "Diluted EPS": NaN,
        "Basic EPS": NaN,
        "Diluted NI Availto Com Stockholders": -114000000.0,
        "Net Income Common Stockholders": -114000000.0,
        "Net Income": -114000000.0,
        "Minority Interests": 86000000.0,
        "Net Income Including Noncontrolling Interests": -200000000.0,
        "Net Income Continuous Operations": -200000000.0,
        "Tax Provision": -2000000.0,
        "Pretax Income": -202000000.0,
        "Other Income Expense": 0.0,
        "Other Non Operating Income Expenses": 0.0,
        "Special Income Charges": 0.0,
        "Other Special Charges": 0.0,
        "Net Non Operating Interest Income Expense": -165000000.0,
        "Interest Expense Non Operating": 165000000.0,
        "Operating Income": -37000000.0,
        "Operating Expense": 439000000.0,
        "Selling General And Administration": 439000000.0,
        "Selling And Marketing Expense": 59000000.0,
        "General And Administrative Expense": 380000000.0,
        "Other Gand A": 202000000.0,
        "Rent And Landing Fees": 16000000.0,
        "Salaries And Wages": 162000000.0,
        "Gross Profit": 402000000.0,
        "Cost Of Revenue": 2022000000.0,
        "Total Revenue": 2424000000.0,
        "Operating Revenue": 2276000000.0
    }
}