{
    "2023-03-31": {
        "Tax Effect Of Unusual Items": NaN,
        "Tax Rate For Calcs": NaN,
        "Normalized EBITDA": NaN,
        "Total Unusual Items": NaN,
        "Total Unusual Items Excluding Goodwill": NaN,
        "Net Income From Continuing Operation Net Minority Interest": NaN,
        "Reconciled Depreciation": NaN,
        "Reconciled Cost Of Revenue": NaN,
        "EBITDA": NaN,
        "EBIT": NaN,
        "Net Interest Income": NaN,
        "Interest Income": 1356000.0,
        "Normalized Income": NaN,
        "Net Income From Continuing And Discontinued Operation": NaN,
        "Total Expenses": NaN,
        "Total Operating Income As Reported": NaN,
        "Diluted Average Shares": NaN,
        "Basic Average Shares": NaN,
        "Diluted EPS": NaN,
        "Basic EPS": NaN,
        "Diluted NI Availto Com Stockholders": NaN,
        "Average Dilution Earnings": 0.0,
        "Net Income Common Stockholders": NaN,
        "Net Income": NaN,
        "Minority Interests": NaN,
        "Net Income Including Noncontrolling Interests": NaN,
        "Net Income Continuous Operations": NaN,
        "Tax Provision": NaN,
        "Pretax Income": NaN,
        "Other Income Expense": NaN,
        "Other Non Operating Income Expenses": NaN,
        "Special Income Charges": NaN,
        "Net Non Operating Interest Income Expense": NaN,
        "Total Other Finance Cost": -1356000.0,
        "Interest Income Non Operating": 1356000.0,
        "Operating Income": NaN,
        "Operating Expense": NaN,
        "Research And Development": NaN,
        "Selling General And Administration": NaN,
        "Selling And Marketing Expense": NaN,
        "General And Administrative Expense": NaN,
        "Other Gand A": NaN,
        "Salaries And Wages": 16302000.0,
        "Gross Profit": NaN,
        "Cost Of Revenue": NaN,
        "Total Revenue": NaN,
        "Operating Revenue": NaN
    },
    "2022-12-31": {
        "Tax Effect Of Unusual Items": NaN,
        "Tax Rate For Calcs": NaN,
        "Normalized EBITDA": NaN,
        "Total Unusual Items": 0.0,
        "Total Unusual Items Excluding Goodwill": 0.0,
        "Net Income From Continuing Operation Net Minority Interest": NaN,
        "Reconciled Depreciation": NaN,
        "Reconciled Cost Of Revenue": NaN,
        "EBITDA": NaN,
        "EBIT": NaN,
        "Net Interest Income": NaN,
        "Interest Income": NaN,
        "Normalized Income": NaN,
        "Net Income From Continuing And Discontinued Operation": NaN,
        "Total Expenses": NaN,
        "Total Operating Income As Reported": NaN,
        "Diluted Average Shares": NaN,
        "Basic Average Shares": NaN,
        "Diluted EPS": NaN,
        "Basic EPS": NaN,
        "Diluted NI Availto Com Stockholders": NaN,
        "Average Dilution Earnings": NaN,
        "Net Income Common Stockholders": NaN,
        "Net Income": NaN,
        "Minority Interests": NaN,
        "Net Income Including Noncontrolling Interests": NaN,
        "Net Income Continuous Operations": NaN,
        "Tax Provision": NaN,
        "Pretax Income": NaN,
        "Other Income Expense": NaN,
        "Other Non Operating Income Expenses": NaN,
        "Special Income Charges": 0.0,
        "Net Non Operating Interest Income Expense": NaN,
        "Total Other Finance Cost": -1276000.0,
        "Interest Income Non Operating": NaN,
        "Operating Income": NaN,
        "Operating Expense": NaN,
        "Research And Development": NaN,
        "Selling General And Administration": NaN,
        "Selling And Marketing Expense": NaN,
        "General And Administrative Expense": NaN,
        "Other Gand A": NaN,
        "Salaries And Wages": 11214000.0,
        "Gross Profit": NaN,
        "Cost Of Revenue": NaN,
        "Total Revenue": NaN,
        "Operating Revenue": NaN
    },
    "2022-09-30": {
        "Tax Effect Of Unusual Items": NaN,
        "Tax Rate For Calcs": NaN,
        "Normalized EBITDA": NaN,
        "Total Unusual Items": 0.0,
        "Total Unusual Items Excluding Goodwill": 0.0,
        "Net Income From Continuing Operation Net Minority Interest": NaN,
        "Reconciled Depreciation": NaN,
        "Reconciled Cost Of Revenue": NaN,
        "EBITDA": NaN,
        "EBIT": NaN,
        "Net Interest Income": NaN,
        "Interest Income": NaN,
        "Normalized Income": NaN,
        "Net Income From Continuing And Discontinued Operation": NaN,
        "Total Expenses": NaN,
        "Total Operating Income As Reported": NaN,
        "Diluted Average Shares": NaN,
        "Basic Average Shares": NaN,
        "Diluted EPS": NaN,
        "Basic EPS": NaN,
        "Diluted NI Availto Com Stockholders": NaN,
        "Average Dilution Earnings": -52000.0,
        "Net Income Common Stockholders": NaN,
        "Net Income": NaN,
        "Minority Interests": NaN,
        "Net Income Including Noncontrolling Interests": NaN,
        "Net Income Continuous Operations": NaN,
        "Tax Provision": NaN,
        "Pretax Income": NaN,
        "Other Income Expense": NaN,
        "Other Non Operating Income Expenses": NaN,
        "Special Income Charges": 0.0,
        "Net Non Operating Interest Income Expense": NaN,
        "Total Other Finance Cost": NaN,
        "Interest Income Non Operating": NaN,
        "Operating Income": NaN,
        "Operating Expense": NaN,
        "Research And Development": NaN,
        "Selling General And Administration": NaN,
        "Selling And Marketing Expense": NaN,
        "General And Administrative Expense": NaN,
        "Other Gand A": NaN,
        "Salaries And Wages": 8974000.0,
        "Gross Profit": NaN,
        "Cost Of Revenue": NaN,
        "Total Revenue": NaN,
        "Operating Revenue": NaN
    },
    "2022-06-30": {
        "Tax Effect Of Unusual Items": 0.0,
        "Tax Rate For Calcs": 0.4,
        "Normalized EBITDA": 2286000.0,
        "Total Unusual Items": NaN,
        "Total Unusual Items Excluding Goodwill": NaN,
        "Net Income From Continuing Operation Net Minority Interest": -2428000.0,
        "Reconciled Depreciation": 1159000.0,
        "Reconciled Cost Of Revenue": 20919000.0,
        "EBITDA": 2286000.0,
        "EBIT": 1127000.0,
        "Net Interest Income": -403000.0,
        "Interest Expense": 403000.0,
        "Normalized Income": -2428000.0,
        "Net Income From Continuing And Discontinued Operation": -2428000.0,
        "Total Expenses": 72282000.0,
        "Total Operating Income As Reported": 1127000.0,
        "Diluted Average Shares": 185781262.0,
        "Basic Average Shares": 185781262.0,
        "Diluted EPS": -0.01,
        "Basic EPS": -0.01,
        "Diluted NI Availto Com Stockholders": -2428000.0,
        "Average Dilution Earnings": NaN,
        "Net Income Common Stockholders": -2428000.0,
        "Net Income": -2428000.0,
        "Minority Interests": -198000.0,
        "Net Income Including Noncontrolling Interests": -2230000.0,
        "Net Income Continuous Operations": -2230000.0,
        "Tax Provision": 298000.0,
        "Pretax Income": -1932000.0,
        "Other Income Expense": -2656000.0,
        "Other Non Operating Income Expenses": -2656000.0,
        "Special Income Charges": NaN,
        "Net Non Operating Interest Income Expense": -403000.0,
        "Total Other Finance Cost": 403000.0,
        "Interest Expense Non Operating": 403000.0,
        "Operating Income": 1127000.0,
        "Operating Expense": 51363000.0,
        "Research And Development": 22836000.0,
        "Selling General And Administration": 28527000.0,
        "Selling And Marketing Expense": 9859000.0,
        "General And Administrative Expense": 18668000.0,
        "Other Gand A": 9418000.0,
        "Salaries And Wages": 9250000.0,
        "Gross Profit": 52490000.0,
        "Cost Of Revenue": 20919000.0,
        "Total Revenue": 73409000.0,
        "Operating Revenue": 73409000.0
    },
    "2023-06-30": {
        "Tax Effect Of Unusual Items": 0.0,
        "Tax Rate For Calcs": 0.014,
        "Normalized EBITDA": -4714000.0,
        "Total Unusual Items": NaN,
        "Total Unusual Items Excluding Goodwill": NaN,
        "Net Income From Continuing Operation Net Minority Interest": -10921000.0,
        "Reconciled Depreciation": 2411000.0,
        "Reconciled Cost Of Revenue": 26954000.0,
        "EBITDA": -4714000.0,
        "EBIT": -7125000.0,
        "Net Interest Income": 1333000.0,
        "Interest Income": NaN,
        "Normalized Income": -10921000.0,
        "Net Income From Continuing And Discontinued Operation": -10921000.0,
        "Total Expenses": 97004000.0,
        "Total Operating Income As Reported": -7125000.0,
        "Diluted Average Shares": 252249228.0,
        "Basic Average Shares": 198046275.0,
        "Diluted EPS": -0.06,
        "Basic EPS": -0.06,
        "Diluted NI Availto Com Stockholders": -10921000.0,
        "Average Dilution Earnings": NaN,
        "Net Income Common Stockholders": -10921000.0,
        "Net Income": -10921000.0,
        "Minority Interests": 955000.0,
        "Net Income Including Noncontrolling Interests": -11876000.0,
        "Net Income Continuous Operations": -11876000.0,
        "Tax Provision": -174000.0,
        "Pretax Income": -12050000.0,
        "Other Income Expense": -6258000.0,
        "Other Non Operating Income Expenses": -6258000.0,
        "Special Income Charges": NaN,
        "Net Non Operating Interest Income Expense": 1333000.0,
        "Total Other Finance Cost": -1333000.0,
        "Interest Income Non Operating": NaN,
        "Operating Income": -7125000.0,
        "Operating Expense": 70050000.0,
        "Research And Development": 29848000.0,
        "Selling General And Administration": 40202000.0,
        "Selling And Marketing Expense": 14331000.0,
        "General And Administrative Expense": 25871000.0,
        "Other Gand A": 25871000.0,
        "Salaries And Wages": 19351000.0,
        "Gross Profit": 62925000.0,
        "Cost Of Revenue": 26954000.0,
        "Total Revenue": 89879000.0,
        "Operating Revenue": 89879000.0
    },
    "2022-03-31": {
        "Diluted EPS": 0.0,
        "Total Revenue": 71,
        "Gross Profit": 50,
        "Operating Income": 1,
        "EBIT": 3,
        "Net Income": 0
    },
    "2021-12-31": {
        "Diluted EPS": 0.0,
        "Total Revenue": 70,
        "Gross Profit": 50,
        "Operating Income": 1,
        "EBIT": 3,
        "Net Income": -3
    },
    "2021-09-30": {
        "Diluted EPS": -0.05,
        "Total Revenue": 64,
        "Gross Profit": 47,
        "Operating Income": 7,
        "EBIT": 9,
        "Net Income": -8
    },
    "2021-06-30": {
        "Diluted EPS": 0.0,
        "Total Revenue": 61,
        "Gross Profit": 45,
        "Operating Income": 9,
        "EBIT": 11,
        "Net Income": 0
    },
    "2021-03-31": {
        "Diluted EPS": 0.0,
        "Total Revenue": 57,
        "Gross Profit": 43,
        "Operating Income": 12,
        "EBIT": 14,
        "Net Income": 3
    },
    "2020-12-31": {
        "Diluted EPS": 0.0,
        "Total Revenue": NaN,
        "Gross Profit": NaN,
        "Operating Income": NaN,
        "EBIT": NaN,
        "Net Income": NaN
    },
    "2020-09-30": {
        "Diluted EPS": 0.0,
        "Total Revenue": 53,
        "Gross Profit": 41,
        "Operating Income": 17,
        "EBIT": 17,
        "Net Income": 11
    },
    "2019-12-31": {
        "Diluted EPS": 0.0,
        "Total Revenue": NaN,
        "Gross Profit": NaN,
        "Operating Income": NaN,
        "EBIT": NaN,
        "Net Income": NaN
    },
    "2023-09-30": {
        "Tax Effect Of Unusual Items": 0.0,
        "Tax Rate For Calcs": 0.105,
        "Normalized EBITDA": -3411000.0,
        "Total Unusual Items": NaN,
        "Total Unusual Items Excluding Goodwill": NaN,
        "Net Income From Continuing Operation Net Minority Interest": -1889000.0,
        "Reconciled Depreciation": 2476000.0,
        "Reconciled Cost Of Revenue": 27013000.0,
        "EBITDA": -3411000.0,
        "EBIT": -5887000.0,
        "Net Interest Income": 1733000.0,
        "Interest Income": NaN,
        "Normalized Income": -1889000.0,
        "Net Income From Continuing And Discontinued Operation": -1889000.0,
        "Total Expenses": 100551000.0,
        "Total Operating Income As Reported": -5887000.0,
        "Diluted Average Shares": 201582951.0,
        "Basic Average Shares": 201582951.0,
        "Diluted EPS": -0.01,
        "Basic EPS": -0.01,
        "Diluted NI Availto Com Stockholders": -2343000.0,
        "Average Dilution Earnings": -454000.0,
        "Net Income Common Stockholders": -1889000.0,
        "Net Income": -1889000.0,
        "Minority Interests": 454000.0,
        "Net Income Including Noncontrolling Interests": -2343000.0,
        "Net Income Continuous Operations": -2343000.0,
        "Tax Provision": -274000.0,
        "Pretax Income": -2617000.0,
        "Other Income Expense": 1537000.0,
        "Other Non Operating Income Expenses": 1537000.0,
        "Special Income Charges": NaN,
        "Net Non Operating Interest Income Expense": 1733000.0,
        "Total Other Finance Cost": -1733000.0,
        "Interest Income Non Operating": NaN,
        "Operating Income": -5887000.0,
        "Operating Expense": 73538000.0,
        "Research And Development": 32250000.0,
        "Selling General And Administration": 41288000.0,
        "Selling And Marketing Expense": 15020000.0,
        "General And Administrative Expense": 26268000.0,
        "Other Gand A": 26268000.0,
        "Salaries And Wages": NaN,
        "Gross Profit": 67651000.0,
        "Cost Of Revenue": 27013000.0,
        "Total Revenue": 94664000.0,
        "Operating Revenue": 94664000.0
    },
    "2023-12-31": {
        "Tax Effect Of Unusual Items": 0.0,
        "Tax Rate For Calcs": 0.21,
        "Normalized EBITDA": 5183000.0,
        "Total Unusual Items": NaN,
        "Total Unusual Items Excluding Goodwill": NaN,
        "Net Income From Continuing Operation Net Minority Interest": -4433000.0,
        "Reconciled Depreciation": 2593000.0,
        "Reconciled Cost Of Revenue": 28335000.0,
        "EBITDA": 5183000.0,
        "EBIT": 2590000.0,
        "Net Interest Income": 1979000.0,
        "Interest Income": NaN,
        "Normalized Income": -4433000.0,
        "Net Income From Continuing And Discontinued Operation": -4433000.0,
        "Total Expenses": 96429000.0,
        "Total Operating Income As Reported": 2590000.0,
        "Diluted Average Shares": 206193802.0,
        "Basic Average Shares": 206193802.0,
        "Diluted EPS": -0.02,
        "Basic EPS": -0.02,
        "Diluted NI Availto Com Stockholders": -1991000.0,
        "Average Dilution Earnings": NaN,
        "Net Income Common Stockholders": -4433000.0,
        "Net Income": -4433000.0,
        "Minority Interests": -986000.0,
        "Net Income Including Noncontrolling Interests": -3447000.0,
        "Net Income Continuous Operations": -3447000.0,
        "Tax Provision": 401000.0,
        "Pretax Income": -3046000.0,
        "Other Income Expense": -7615000.0,
        "Other Non Operating Income Expenses": -7615000.0,
        "Special Income Charges": NaN,
        "Net Non Operating Interest Income Expense": 1979000.0,
        "Total Other Finance Cost": -1979000.0,
        "Interest Income Non Operating": NaN,
        "Operating Income": 2590000.0,
        "Operating Expense": 68094000.0,
        "Research And Development": 33727000.0,
        "Selling General And Administration": 34367000.0,
        "Selling And Marketing Expense": 16316000.0,
        "General And Administrative Expense": 18051000.0,
        "Other Gand A": 18051000.0,
        "Salaries And Wages": NaN,
        "Gross Profit": 70684000.0,
        "Cost Of Revenue": 28335000.0,
        "Total Revenue": 99019000.0,
        "Operating Revenue": 99019000.0
    },
    "2024-03-31": {
        "Tax Effect Of Unusual Items": 0.0,
        "Tax Rate For Calcs": 0.21,
        "Normalized EBITDA": 2384000.0,
        "Total Unusual Items": NaN,
        "Total Unusual Items Excluding Goodwill": NaN,
        "Net Income From Continuing Operation Net Minority Interest": 1898000.0,
        "Reconciled Depreciation": 2550000.0,
        "Reconciled Cost Of Revenue": 28178000.0,
        "EBITDA": 2384000.0,
        "EBIT": -166000.0,
        "Net Interest Income": 2060000.0,
        "Interest Income": 2060000.0,
        "Normalized Income": 1898000.0,
        "Net Income From Continuing And Discontinued Operation": 1898000.0,
        "Total Expenses": 102885000.0,
        "Total Operating Income As Reported": -166000.0,
        "Diluted Average Shares": 255458196.0,
        "Basic Average Shares": 213259463.0,
        "Diluted EPS": 0.01,
        "Basic EPS": 0.01,
        "Diluted NI Availto Com Stockholders": 3079000.0,
        "Average Dilution Earnings": 1181000.0,
        "Net Income Common Stockholders": 1898000.0,
        "Net Income": 1898000.0,
        "Minority Interests": -338000.0,
        "Net Income Including Noncontrolling Interests": 2236000.0,
        "Net Income Continuous Operations": 2236000.0,
        "Tax Provision": -98000.0,
        "Pretax Income": 2138000.0,
        "Other Income Expense": 244000.0,
        "Other Non Operating Income Expenses": 244000.0,
        "Special Income Charges": NaN,
        "Net Non Operating Interest Income Expense": 2060000.0,
        "Total Other Finance Cost": NaN,
        "Interest Income Non Operating": 2060000.0,
        "Operating Income": -166000.0,
        "Operating Expense": 74707000.0,
        "Research And Development": 37676000.0,
        "Selling General And Administration": 37031000.0,
        "Selling And Marketing Expense": 12490000.0,
        "General And Administrative Expense": 24541000.0,
        "Other Gand A": 12373000.0,
        "Salaries And Wages": 12168000.0,
        "Gross Profit": 74541000.0,
        "Cost Of Revenue": 28178000.0,
        "Total Revenue": 102719000.0,
        "Operating Revenue": 102719000.0
    },
    "2024-06-30": {
        "Tax Effect Of Unusual Items": 0.0,
        "Tax Rate For Calcs": 0.222535,
        "Normalized EBITDA": 6785000.0,
        "Total Unusual Items": NaN,
        "Total Unusual Items Excluding Goodwill": NaN,
        "Net Income From Continuing Operation Net Minority Interest": -430000.0,
        "Reconciled Depreciation": 2941000.0,
        "Reconciled Cost Of Revenue": 29890000.0,
        "EBITDA": 6785000.0,
        "EBIT": 3844000.0,
        "Net Interest Income": 1841000.0,
        "Interest Income": 1841000.0,
        "Normalized Income": -430000.0,
        "Net Income From Continuing And Discontinued Operation": -430000.0,
        "Total Expenses": 102947000.0,
        "Total Operating Income As Reported": 3844000.0,
        "Diluted Average Shares": 218349567.0,
        "Basic Average Shares": 218349567.0,
        "Diluted EPS": -0.001969,
        "Basic EPS": -0.001969,
        "Diluted NI Availto Com Stockholders": -430000.0,
        "Average Dilution Earnings": NaN,
        "Net Income Common Stockholders": -430000.0,
        "Net Income": -430000.0,
        "Minority Interests": -706000.0,
        "Net Income Including Noncontrolling Interests": 276000.0,
        "Net Income Continuous Operations": 276000.0,
        "Tax Provision": 79000.0,
        "Pretax Income": 355000.0,
        "Other Income Expense": -5330000.0,
        "Other Non Operating Income Expenses": -5330000.0,
        "Special Income Charges": NaN,
        "Net Non Operating Interest Income Expense": 1841000.0,
        "Total Other Finance Cost": NaN,
        "Interest Income Non Operating": 1841000.0,
        "Operating Income": 3844000.0,
        "Operating Expense": 73057000.0,
        "Research And Development": 35360000.0,
        "Selling General And Administration": 37697000.0,
        "Selling And Marketing Expense": 15169000.0,
        "General And Administrative Expense": 22528000.0,
        "Other Gand A": 22528000.0,
        "Salaries And Wages": NaN,
        "Gross Profit": 76901000.0,
        "Cost Of Revenue": 29890000.0,
        "Total Revenue": 106791000.0,
        "Operating Revenue": 106791000.0
    }
}