{
    "2023-06-30": {
        "Tax Effect Of Unusual Items": -43630.5,
        "Tax Rate For Calcs": 0.2465,
        "Total Unusual Items": -177000.0,
        "Total Unusual Items Excluding Goodwill": -177000.0,
        "Net Income From Continuing Operation Net Minority Interest": 6282000.0,
        "Reconciled Depreciation": 2409000.0,
        "Net Interest Income": 20205000.0,
        "Interest Expense": 5782000.0,
        "Interest Income": 25987000.0,
        "Normalized Income": 6415369.5,
        "Net Income From Continuing And Discontinued Operation": 6282000.0,
        "Diluted Average Shares": 11740390.0,
        "Basic Average Shares": 11723127.0,
        "Diluted EPS": 0.54,
        "Basic EPS": 0.54,
        "Diluted NI Availto Com Stockholders": 6282000.0,
        "Net Income Common Stockholders": 6282000.0,
        "Net Income": 6282000.0,
        "Net Income Including Noncontrolling Interests": 6282000.0,
        "Net Income Continuous Operations": 6282000.0,
        "Tax Provision": 2055000.0,
        "Pretax Income": 8337000.0,
        "Special Income Charges": -177000.0,
        "Other Special Charges": NaN,
        "Restructuring And Mergern Acquisition": 177000.0,
        "Gain On Sale Of Security": -39000.0,
        "Depreciation Amortization Depletion Income Statement": 34000.0,
        "Depreciation And Amortization In Income Statement": 34000.0,
        "Amortization": 34000.0,
        "Amortization Of Intangibles Income Statement": 34000.0,
        "Selling General And Administration": 8314000.0,
        "Selling And Marketing Expense": 124000.0,
        "General And Administrative Expense": 8190000.0,
        "Insurance And Claims": NaN,
        "Salaries And Wages": 8190000.0,
        "Total Revenue": 21555000.0,
        "Operating Revenue": 21555000.0,
        "Occupancy And Equipment": 1264000.0,
        "Professional Expense And Contract Services Expense": 706000.0,
        "Other Non Interest Expense": 3066000.0
    },
    "2023-03-31": {
        "Tax Effect Of Unusual Items": NaN,
        "Tax Rate For Calcs": NaN,
        "Total Unusual Items": 0.0,
        "Total Unusual Items Excluding Goodwill": 0.0,
        "Net Income From Continuing Operation Net Minority Interest": NaN,
        "Reconciled Depreciation": NaN,
        "Net Interest Income": NaN,
        "Interest Expense": NaN,
        "Interest Income": NaN,
        "Normalized Income": NaN,
        "Net Income From Continuing And Discontinued Operation": NaN,
        "Diluted Average Shares": NaN,
        "Basic Average Shares": NaN,
        "Diluted EPS": NaN,
        "Basic EPS": NaN,
        "Diluted NI Availto Com Stockholders": NaN,
        "Net Income Common Stockholders": NaN,
        "Net Income": NaN,
        "Net Income Including Noncontrolling Interests": NaN,
        "Net Income Continuous Operations": NaN,
        "Tax Provision": NaN,
        "Pretax Income": NaN,
        "Special Income Charges": 0.0,
        "Other Special Charges": 80000.0,
        "Restructuring And Mergern Acquisition": 0.0,
        "Gain On Sale Of Security": NaN,
        "Depreciation Amortization Depletion Income Statement": 51000.0,
        "Depreciation And Amortization In Income Statement": 51000.0,
        "Amortization": 51000.0,
        "Amortization Of Intangibles Income Statement": 51000.0,
        "Selling General And Administration": NaN,
        "Selling And Marketing Expense": NaN,
        "General And Administrative Expense": NaN,
        "Insurance And Claims": 66000.0,
        "Salaries And Wages": NaN,
        "Total Revenue": NaN,
        "Operating Revenue": NaN,
        "Occupancy And Equipment": NaN,
        "Professional Expense And Contract Services Expense": NaN,
        "Other Non Interest Expense": NaN
    },
    "2022-12-31": {
        "Tax Effect Of Unusual Items": NaN,
        "Tax Rate For Calcs": NaN,
        "Total Unusual Items": -54000.0,
        "Total Unusual Items Excluding Goodwill": -54000.0,
        "Net Income From Continuing Operation Net Minority Interest": NaN,
        "Reconciled Depreciation": NaN,
        "Net Interest Income": NaN,
        "Interest Expense": NaN,
        "Interest Income": NaN,
        "Normalized Income": NaN,
        "Net Income From Continuing And Discontinued Operation": NaN,
        "Diluted Average Shares": NaN,
        "Basic Average Shares": NaN,
        "Diluted EPS": NaN,
        "Basic EPS": NaN,
        "Diluted NI Availto Com Stockholders": NaN,
        "Net Income Common Stockholders": NaN,
        "Net Income": NaN,
        "Net Income Including Noncontrolling Interests": NaN,
        "Net Income Continuous Operations": NaN,
        "Tax Provision": NaN,
        "Pretax Income": NaN,
        "Special Income Charges": -54000.0,
        "Other Special Charges": 54000.0,
        "Restructuring And Mergern Acquisition": NaN,
        "Gain On Sale Of Security": NaN,
        "Depreciation Amortization Depletion Income Statement": NaN,
        "Depreciation And Amortization In Income Statement": NaN,
        "Amortization": NaN,
        "Amortization Of Intangibles Income Statement": NaN,
        "Selling General And Administration": NaN,
        "Selling And Marketing Expense": NaN,
        "General And Administrative Expense": NaN,
        "Insurance And Claims": 66000.0,
        "Salaries And Wages": NaN,
        "Total Revenue": NaN,
        "Operating Revenue": NaN,
        "Occupancy And Equipment": NaN,
        "Professional Expense And Contract Services Expense": NaN,
        "Other Non Interest Expense": NaN
    },
    "2022-09-30": {
        "Tax Effect Of Unusual Items": NaN,
        "Tax Rate For Calcs": NaN,
        "Total Unusual Items": NaN,
        "Total Unusual Items Excluding Goodwill": NaN,
        "Net Income From Continuing Operation Net Minority Interest": NaN,
        "Reconciled Depreciation": NaN,
        "Net Interest Income": NaN,
        "Interest Expense": NaN,
        "Interest Income": NaN,
        "Normalized Income": NaN,
        "Net Income From Continuing And Discontinued Operation": NaN,
        "Diluted Average Shares": NaN,
        "Basic Average Shares": NaN,
        "Diluted EPS": NaN,
        "Basic EPS": NaN,
        "Diluted NI Availto Com Stockholders": NaN,
        "Net Income Common Stockholders": NaN,
        "Net Income": NaN,
        "Net Income Including Noncontrolling Interests": NaN,
        "Net Income Continuous Operations": NaN,
        "Tax Provision": NaN,
        "Pretax Income": NaN,
        "Special Income Charges": NaN,
        "Other Special Charges": NaN,
        "Restructuring And Mergern Acquisition": NaN,
        "Gain On Sale Of Security": NaN,
        "Depreciation Amortization Depletion Income Statement": NaN,
        "Depreciation And Amortization In Income Statement": NaN,
        "Amortization": NaN,
        "Amortization Of Intangibles Income Statement": NaN,
        "Selling General And Administration": NaN,
        "Selling And Marketing Expense": NaN,
        "General And Administrative Expense": NaN,
        "Other Gand A": 1663000.0,
        "Insurance And Claims": NaN,
        "Salaries And Wages": NaN,
        "Total Revenue": NaN,
        "Operating Revenue": NaN
    },
    "2022-06-30": {
        "Tax Effect Of Unusual Items": 0.0,
        "Tax Rate For Calcs": 0.28726,
        "Net Income From Continuing Operation Net Minority Interest": 2635000.0,
        "Reconciled Depreciation": 179000.0,
        "Net Interest Income": 11010000.0,
        "Interest Expense": 696000.0,
        "Interest Income": 11706000.0,
        "Normalized Income": 2635000.0,
        "Net Income From Continuing And Discontinued Operation": 2635000.0,
        "Diluted Average Shares": 8885000.0,
        "Basic Average Shares": 8715000.0,
        "Diluted EPS": 0.3,
        "Basic EPS": 0.3,
        "Diluted NI Availto Com Stockholders": 2635000.0,
        "Net Income Common Stockholders": 2635000.0,
        "Net Income": 2635000.0,
        "Net Income Including Noncontrolling Interests": 2635000.0,
        "Net Income Continuous Operations": 2635000.0,
        "Tax Provision": 1062000.0,
        "Pretax Income": 3697000.0,
        "Depreciation Amortization Depletion Income Statement": 179000.0,
        "Depreciation And Amortization In Income Statement": 179000.0,
        "Depreciation Income Statement": 179000.0,
        "Selling General And Administration": 5708000.0,
        "Selling And Marketing Expense": 233000.0,
        "General And Administrative Expense": 5475000.0,
        "Other Gand A": 307000.0,
        "Insurance And Claims": 164000.0,
        "Salaries And Wages": 5004000.0,
        "Total Revenue": 12061000.0,
        "Operating Revenue": 12061000.0
    },
    "2022-03-31": {
        "Diluted EPS": 0.45,
        "Total Revenue": 13,
        "Gross Profit": 12,
        "Operating Income": 5,
        "EBIT": NaN,
        "Net Income": 4
    },
    "2021-12-31": {
        "Diluted EPS": 0.33,
        "Total Revenue": 12,
        "Gross Profit": 12,
        "Operating Income": 4,
        "EBIT": NaN,
        "Net Income": 3
    },
    "2021-09-30": {
        "Diluted EPS": 0.41,
        "Total Revenue": 13,
        "Gross Profit": 12,
        "Operating Income": 5,
        "EBIT": NaN,
        "Net Income": 4
    },
    "2021-06-30": {
        "Diluted EPS": 0.41,
        "Total Revenue": 13,
        "Gross Profit": 12,
        "Operating Income": 5,
        "EBIT": NaN,
        "Net Income": 4
    },
    "2021-03-31": {
        "Diluted EPS": 0.35,
        "Total Revenue": 12,
        "Gross Profit": 11,
        "Operating Income": 4,
        "EBIT": NaN,
        "Net Income": 3
    },
    "2020-12-31": {
        "Diluted EPS": 0.31,
        "Total Revenue": 12,
        "Gross Profit": 11,
        "Operating Income": 4,
        "EBIT": NaN,
        "Net Income": 3
    },
    "2020-09-30": {
        "Diluted EPS": 0.33,
        "Total Revenue": 12,
        "Gross Profit": 11,
        "Operating Income": 4,
        "EBIT": NaN,
        "Net Income": 3
    },
    "2020-06-30": {
        "Diluted EPS": 0.14,
        "Total Revenue": 11,
        "Gross Profit": 9,
        "Operating Income": 2,
        "EBIT": NaN,
        "Net Income": 1
    },
    "2020-03-31": {
        "Diluted EPS": 0.19,
        "Total Revenue": 12,
        "Gross Profit": 9,
        "Operating Income": 2,
        "EBIT": NaN,
        "Net Income": 2
    },
    "2019-12-31": {
        "Diluted EPS": 0.32,
        "Total Revenue": 13,
        "Gross Profit": 11,
        "Operating Income": 4,
        "EBIT": NaN,
        "Net Income": 3
    },
    "2019-09-30": {
        "Diluted EPS": 0.25,
        "Total Revenue": 12,
        "Gross Profit": 9,
        "Operating Income": 3,
        "EBIT": NaN,
        "Net Income": 2
    },
    "2019-06-30": {
        "Diluted EPS": 0.18,
        "Total Revenue": 12,
        "Gross Profit": 9,
        "Operating Income": 2,
        "EBIT": NaN,
        "Net Income": 2
    },
    "2019-03-31": {
        "Diluted EPS": 0.18,
        "Total Revenue": 12,
        "Gross Profit": 9,
        "Operating Income": 2,
        "EBIT": NaN,
        "Net Income": 2
    },
    "2018-12-31": {
        "Diluted EPS": 0.19,
        "Total Revenue": 12,
        "Gross Profit": 9,
        "Operating Income": 2,
        "EBIT": NaN,
        "Net Income": 1
    },
    "2018-09-30": {
        "Diluted EPS": 0.27,
        "Total Revenue": 12,
        "Gross Profit": 9,
        "Operating Income": 3,
        "EBIT": NaN,
        "Net Income": 2
    },
    "2018-06-30": {
        "Diluted EPS": 0.21,
        "Total Revenue": 11,
        "Gross Profit": 9,
        "Operating Income": 3,
        "EBIT": NaN,
        "Net Income": 2
    },
    "2018-03-31": {
        "Diluted EPS": 0.21,
        "Total Revenue": 11,
        "Gross Profit": 9,
        "Operating Income": 3,
        "EBIT": NaN,
        "Net Income": 2
    },
    "2017-12-31": {
        "Diluted EPS": 0.05,
        "Total Revenue": 11,
        "Gross Profit": 9,
        "Operating Income": 3,
        "EBIT": NaN,
        "Net Income": 0
    },
    "2017-09-30": {
        "Diluted EPS": 0.18,
        "Total Revenue": 10,
        "Gross Profit": 9,
        "Operating Income": 3,
        "EBIT": NaN,
        "Net Income": 2
    },
    "2017-06-30": {
        "Diluted EPS": 0.18,
        "Total Revenue": 10,
        "Gross Profit": 9,
        "Operating Income": 3,
        "EBIT": NaN,
        "Net Income": 2
    },
    "2017-03-31": {
        "Diluted EPS": 0.16,
        "Total Revenue": 9,
        "Gross Profit": 8,
        "Operating Income": 2,
        "EBIT": NaN,
        "Net Income": 1
    },
    "2016-12-31": {
        "Diluted EPS": 0.16,
        "Total Revenue": 9,
        "Gross Profit": 8,
        "Operating Income": 2,
        "EBIT": NaN,
        "Net Income": 1
    },
    "2016-09-30": {
        "Diluted EPS": 0.18,
        "Total Revenue": 9,
        "Gross Profit": 8,
        "Operating Income": 2,
        "EBIT": NaN,
        "Net Income": 1
    },
    "2016-06-30": {
        "Diluted EPS": 0.13,
        "Total Revenue": 8,
        "Gross Profit": 7,
        "Operating Income": 2,
        "EBIT": NaN,
        "Net Income": 1
    },
    "2016-03-31": {
        "Diluted EPS": 0.15,
        "Total Revenue": 8,
        "Gross Profit": 7,
        "Operating Income": 2,
        "EBIT": NaN,
        "Net Income": 1
    },
    "2015-12-31": {
        "Diluted EPS": 0.23,
        "Total Revenue": 9,
        "Gross Profit": 8,
        "Operating Income": 3,
        "EBIT": NaN,
        "Net Income": 2
    },
    "2015-09-30": {
        "Diluted EPS": 0.17,
        "Total Revenue": 8,
        "Gross Profit": 7,
        "Operating Income": 3,
        "EBIT": NaN,
        "Net Income": 1
    },
    "2015-06-30": {
        "Diluted EPS": -0.29,
        "Total Revenue": 8,
        "Gross Profit": 8,
        "Operating Income": -4,
        "EBIT": NaN,
        "Net Income": -2
    },
    "2015-03-31": {
        "Diluted EPS": 0.19,
        "Total Revenue": 7,
        "Gross Profit": 7,
        "Operating Income": 3,
        "EBIT": NaN,
        "Net Income": 2
    },
    "2014-12-31": {
        "Diluted EPS": 0.24,
        "Total Revenue": 7,
        "Gross Profit": 7,
        "Operating Income": 4,
        "EBIT": NaN,
        "Net Income": 2
    },
    "2014-09-30": {
        "Diluted EPS": 0.18,
        "Total Revenue": 7,
        "Gross Profit": 7,
        "Operating Income": 3,
        "EBIT": NaN,
        "Net Income": 2
    },
    "2014-06-30": {
        "Diluted EPS": 0.18,
        "Total Revenue": 8,
        "Gross Profit": 7,
        "Operating Income": 3,
        "EBIT": NaN,
        "Net Income": 2
    },
    "2014-03-31": {
        "Diluted EPS": 0.15,
        "Total Revenue": 7,
        "Gross Profit": 7,
        "Operating Income": 2,
        "EBIT": NaN,
        "Net Income": 1
    },
    "2013-12-31": {
        "Diluted EPS": 0.35,
        "Total Revenue": 7,
        "Gross Profit": 6,
        "Operating Income": 0,
        "EBIT": NaN,
        "Net Income": 3
    },
    "2013-09-30": {
        "Diluted EPS": 0.29,
        "Total Revenue": 8,
        "Gross Profit": 7,
        "Operating Income": 3,
        "EBIT": NaN,
        "Net Income": 2
    },
    "2013-06-30": {
        "Diluted EPS": 0.23,
        "Total Revenue": 8,
        "Gross Profit": 7,
        "Operating Income": 2,
        "EBIT": NaN,
        "Net Income": 2
    },
    "2013-03-31": {
        "Diluted EPS": 0.11,
        "Total Revenue": 8,
        "Gross Profit": 7,
        "Operating Income": 1,
        "EBIT": NaN,
        "Net Income": 1
    },
    "2012-12-31": {
        "Diluted EPS": 0.31,
        "Total Revenue": 8,
        "Gross Profit": 7,
        "Operating Income": 2,
        "EBIT": NaN,
        "Net Income": 2
    },
    "2012-09-30": {
        "Diluted EPS": 0.06,
        "Total Revenue": 9,
        "Gross Profit": 7,
        "Operating Income": 1,
        "EBIT": NaN,
        "Net Income": 0
    },
    "2012-06-30": {
        "Diluted EPS": -0.14,
        "Total Revenue": 9,
        "Gross Profit": 7,
        "Operating Income": -1,
        "EBIT": NaN,
        "Net Income": -1
    },
    "2012-03-31": {
        "Diluted EPS": 0.08,
        "Total Revenue": 10,
        "Gross Profit": 8,
        "Operating Income": 1,
        "EBIT": NaN,
        "Net Income": 1
    },
    "2011-12-31": {
        "Diluted EPS": -1.47,
        "Total Revenue": 10,
        "Gross Profit": 8,
        "Operating Income": -3,
        "EBIT": NaN,
        "Net Income": -9
    },
    "2011-09-30": {
        "Diluted EPS": -0.43,
        "Total Revenue": 10,
        "Gross Profit": 8,
        "Operating Income": -4,
        "EBIT": NaN,
        "Net Income": -3
    },
    "2011-06-30": {
        "Diluted EPS": -0.08,
        "Total Revenue": 10,
        "Gross Profit": 8,
        "Operating Income": 0,
        "EBIT": NaN,
        "Net Income": 0
    },
    "2011-03-31": {
        "Diluted EPS": 0.05,
        "Total Revenue": 10,
        "Gross Profit": 8,
        "Operating Income": 1,
        "EBIT": NaN,
        "Net Income": 0
    },
    "2010-12-31": {
        "Diluted EPS": 0.15,
        "Total Revenue": 11,
        "Gross Profit": 9,
        "Operating Income": 2,
        "EBIT": NaN,
        "Net Income": 1
    },
    "2010-09-30": {
        "Diluted EPS": 0.12,
        "Total Revenue": 11,
        "Gross Profit": 8,
        "Operating Income": 2,
        "EBIT": NaN,
        "Net Income": 1
    },
    "2010-06-30": {
        "Diluted EPS": -0.05,
        "Total Revenue": 11,
        "Gross Profit": 8,
        "Operating Income": 0,
        "EBIT": NaN,
        "Net Income": 0
    },
    "2010-03-31": {
        "Diluted EPS": -0.04,
        "Total Revenue": 11,
        "Gross Profit": 8,
        "Operating Income": 0,
        "EBIT": NaN,
        "Net Income": 0
    },
    "2009-12-31": {
        "Diluted EPS": -0.03,
        "Total Revenue": 11,
        "Gross Profit": 8,
        "Operating Income": 0,
        "EBIT": NaN,
        "Net Income": 0
    },
    "2009-09-30": {
        "Diluted EPS": -0.03,
        "Total Revenue": 11,
        "Gross Profit": 8,
        "Operating Income": 0,
        "EBIT": NaN,
        "Net Income": 0
    },
    "2009-06-30": {
        "Diluted EPS": 0.09,
        "Total Revenue": 11,
        "Gross Profit": 7,
        "Operating Income": 1,
        "EBIT": NaN,
        "Net Income": 1
    },
    "2009-03-31": {
        "Diluted EPS": -1.18,
        "Total Revenue": 11,
        "Gross Profit": 7,
        "Operating Income": -11,
        "EBIT": NaN,
        "Net Income": -7
    },
    "2023-09-30": {
        "Tax Effect Of Unusual Items": 0.0,
        "Tax Rate For Calcs": 0.2472,
        "Total Unusual Items": NaN,
        "Total Unusual Items Excluding Goodwill": NaN,
        "Net Income From Continuing Operation Net Minority Interest": 6390000.0,
        "Reconciled Depreciation": 2397000.0,
        "Net Interest Income": 20527000.0,
        "Interest Expense": 5939000.0,
        "Interest Income": 26466000.0,
        "Normalized Income": 6390000.0,
        "Net Income From Continuing And Discontinued Operation": 6390000.0,
        "Diluted Average Shares": 11755758.0,
        "Basic Average Shares": 11742334.0,
        "Diluted EPS": 0.54,
        "Basic EPS": 0.54,
        "Diluted NI Availto Com Stockholders": 6390000.0,
        "Net Income Common Stockholders": 6390000.0,
        "Net Income": 6390000.0,
        "Net Income Including Noncontrolling Interests": 6390000.0,
        "Net Income Continuous Operations": 6390000.0,
        "Tax Provision": 2098000.0,
        "Pretax Income": 8488000.0,
        "Special Income Charges": NaN,
        "Other Special Charges": NaN,
        "Restructuring And Mergern Acquisition": NaN,
        "Gain On Sale Of Security": -39000.0,
        "Depreciation Amortization Depletion Income Statement": 0.0,
        "Depreciation And Amortization In Income Statement": 0.0,
        "Amortization": 0.0,
        "Amortization Of Intangibles Income Statement": 0.0,
        "Selling General And Administration": 7808000.0,
        "Selling And Marketing Expense": 133000.0,
        "General And Administrative Expense": 7675000.0,
        "Insurance And Claims": NaN,
        "Salaries And Wages": 7675000.0,
        "Total Revenue": 21812000.0,
        "Operating Revenue": 21812000.0,
        "Occupancy And Equipment": 1490000.0,
        "Professional Expense And Contract Services Expense": 842000.0,
        "Other Non Interest Expense": 2998000.0
    },
    "2023-12-31": {
        "Tax Effect Of Unusual Items": 0.0,
        "Tax Rate For Calcs": 0.234247,
        "Total Unusual Items": NaN,
        "Total Unusual Items Excluding Goodwill": NaN,
        "Net Income From Continuing Operation Net Minority Interest": 5894000.0,
        "Reconciled Depreciation": 2626000.0,
        "Net Interest Income": 20116000.0,
        "Interest Expense": 5706000.0,
        "Interest Income": 25822000.0,
        "Normalized Income": 5894000.0,
        "Net Income From Continuing And Discontinued Operation": 5894000.0,
        "Diluted Average Shares": 11774085.0,
        "Basic Average Shares": 11745548.0,
        "Diluted EPS": 0.5,
        "Basic EPS": 0.5,
        "Diluted NI Availto Com Stockholders": 5894000.0,
        "Net Income Common Stockholders": 5894000.0,
        "Net Income": 5894000.0,
        "Net Income Including Noncontrolling Interests": 5894000.0,
        "Net Income Continuous Operations": 5894000.0,
        "Tax Provision": 1803000.0,
        "Pretax Income": 7697000.0,
        "Special Income Charges": NaN,
        "Other Special Charges": NaN,
        "Restructuring And Mergern Acquisition": NaN,
        "Gain On Sale Of Security": -611000.0,
        "Depreciation Amortization Depletion Income Statement": 0.0,
        "Depreciation And Amortization In Income Statement": 0.0,
        "Amortization": 0.0,
        "Amortization Of Intangibles Income Statement": 0.0,
        "Selling General And Administration": 8480000.0,
        "Selling And Marketing Expense": 160000.0,
        "General And Administrative Expense": 8320000.0,
        "Insurance And Claims": NaN,
        "Salaries And Wages": 8065000.0,
        "Total Revenue": 22010000.0,
        "Operating Revenue": 22010000.0,
        "Occupancy And Equipment": 1714000.0,
        "Professional Expense And Contract Services Expense": 1349000.0,
        "Other Non Interest Expense": 2611000.0
    },
    "2024-03-31": {
        "Tax Effect Of Unusual Items": -89736.9,
        "Tax Rate For Calcs": 0.2343,
        "Total Unusual Items": -383000.0,
        "Total Unusual Items Excluding Goodwill": -383000.0,
        "Net Income From Continuing Operation Net Minority Interest": 3676000.0,
        "Reconciled Depreciation": 1683000.0,
        "Net Interest Income": 19073000.0,
        "Interest Expense": 6554000.0,
        "Interest Income": 25627000.0,
        "Normalized Income": 3969263.1,
        "Net Income From Continuing And Discontinued Operation": 3676000.0,
        "Diluted Average Shares": 11790231.0,
        "Basic Average Shares": 11750528.0,
        "Diluted EPS": 0.31,
        "Basic EPS": 0.31,
        "Diluted NI Availto Com Stockholders": 3676000.0,
        "Net Income Common Stockholders": 3676000.0,
        "Net Income": 3676000.0,
        "Net Income Including Noncontrolling Interests": 3676000.0,
        "Net Income Continuous Operations": 3676000.0,
        "Tax Provision": 1125000.0,
        "Pretax Income": 4801000.0,
        "Special Income Charges": -383000.0,
        "Other Special Charges": NaN,
        "Restructuring And Mergern Acquisition": 383000.0,
        "Gain On Sale Of Security": -373000.0,
        "Depreciation Amortization Depletion Income Statement": NaN,
        "Depreciation And Amortization In Income Statement": NaN,
        "Amortization": NaN,
        "Amortization Of Intangibles Income Statement": NaN,
        "Selling General And Administration": 9089000.0,
        "Selling And Marketing Expense": 151000.0,
        "General And Administrative Expense": 8938000.0,
        "Insurance And Claims": NaN,
        "Salaries And Wages": 8938000.0,
        "Total Revenue": 20403000.0,
        "Operating Revenue": 20403000.0,
        "Occupancy And Equipment": 1543000.0,
        "Professional Expense And Contract Services Expense": 625000.0,
        "Other Non Interest Expense": 3387000.0
    },
    "2024-06-30": {
        "Tax Effect Of Unusual Items": -1119534.0,
        "Tax Rate For Calcs": 0.2015,
        "Total Unusual Items": -5556000.0,
        "Total Unusual Items Excluding Goodwill": -5556000.0,
        "Net Income From Continuing Operation Net Minority Interest": -6290000.0,
        "Reconciled Depreciation": 1408000.0,
        "Net Interest Income": 29057000.0,
        "Interest Expense": 14940000.0,
        "Interest Income": 43997000.0,
        "Normalized Income": -1853534.0,
        "Net Income From Continuing And Discontinued Operation": -6290000.0,
        "Diluted Average Shares": 18937036.0,
        "Basic Average Shares": 18814020.0,
        "Diluted EPS": -0.33,
        "Basic EPS": -0.33,
        "Diluted NI Availto Com Stockholders": -6290000.0,
        "Net Income Common Stockholders": -6290000.0,
        "Net Income": -6290000.0,
        "Net Income Including Noncontrolling Interests": -6290000.0,
        "Net Income Continuous Operations": -6290000.0,
        "Tax Provision": -1587000.0,
        "Pretax Income": -7877000.0,
        "Special Income Charges": -5556000.0,
        "Other Special Charges": NaN,
        "Restructuring And Mergern Acquisition": 5556000.0,
        "Gain On Sale Of Security": -1974000.0,
        "Depreciation Amortization Depletion Income Statement": 250000.0,
        "Depreciation And Amortization In Income Statement": 250000.0,
        "Amortization": 250000.0,
        "Amortization Of Intangibles Income Statement": 250000.0,
        "Selling General And Administration": 13979000.0,
        "Selling And Marketing Expense": 289000.0,
        "General And Administrative Expense": 13690000.0,
        "Insurance And Claims": NaN,
        "Salaries And Wages": 13690000.0,
        "Total Revenue": 29905000.0,
        "Operating Revenue": 29905000.0,
        "Occupancy And Equipment": 2423000.0,
        "Professional Expense And Contract Services Expense": 701000.0,
        "Other Non Interest Expense": 5042000.0
    }
}