{
    "2023-03-31": {
        "Tax Effect Of Unusual Items": NaN,
        "Tax Rate For Calcs": NaN,
        "Normalized EBITDA": NaN,
        "Total Unusual Items": NaN,
        "Total Unusual Items Excluding Goodwill": NaN,
        "Net Income From Continuing Operation Net Minority Interest": NaN,
        "Reconciled Depreciation": 1594078.0,
        "Reconciled Cost Of Revenue": NaN,
        "EBITDA": NaN,
        "EBIT": NaN,
        "Net Interest Income": NaN,
        "Interest Expense": NaN,
        "Interest Income": NaN,
        "Normalized Income": NaN,
        "Net Income From Continuing And Discontinued Operation": NaN,
        "Total Expenses": NaN,
        "Total Operating Income As Reported": NaN,
        "Diluted Average Shares": 15888028.0,
        "Basic Average Shares": 15723595.0,
        "Diluted EPS": 0.24,
        "Basic EPS": 0.24,
        "Diluted NI Availto Com Stockholders": NaN,
        "Net Income Common Stockholders": NaN,
        "Preferred Stock Dividends": 2923.0,
        "Net Income": NaN,
        "Minority Interests": NaN,
        "Net Income Including Noncontrolling Interests": NaN,
        "Net Income Discontinuous Operations": NaN,
        "Net Income Continuous Operations": NaN,
        "Tax Provision": NaN,
        "Pretax Income": NaN,
        "Other Income Expense": NaN,
        "Other Non Operating Income Expenses": NaN,
        "Special Income Charges": NaN,
        "Gain On Sale Of Ppe": NaN,
        "Earnings From Equity Interest": NaN,
        "Gain On Sale Of Security": NaN,
        "Net Non Operating Interest Income Expense": NaN,
        "Interest Expense Non Operating": NaN,
        "Interest Income Non Operating": NaN,
        "Operating Income": NaN,
        "Operating Expense": NaN,
        "Selling General And Administration": NaN,
        "General And Administrative Expense": NaN,
        "Other Gand A": NaN,
        "Gross Profit": NaN,
        "Cost Of Revenue": NaN,
        "Total Revenue": NaN,
        "Operating Revenue": NaN
    },
    "2022-12-31": {
        "Tax Effect Of Unusual Items": NaN,
        "Tax Rate For Calcs": NaN,
        "Normalized EBITDA": NaN,
        "Total Unusual Items": NaN,
        "Total Unusual Items Excluding Goodwill": NaN,
        "Net Income From Continuing Operation Net Minority Interest": NaN,
        "Reconciled Depreciation": NaN,
        "Reconciled Cost Of Revenue": NaN,
        "EBITDA": NaN,
        "EBIT": NaN,
        "Net Interest Income": NaN,
        "Interest Expense": NaN,
        "Interest Income": NaN,
        "Normalized Income": NaN,
        "Net Income From Continuing And Discontinued Operation": NaN,
        "Total Expenses": NaN,
        "Total Operating Income As Reported": NaN,
        "Diluted Average Shares": NaN,
        "Basic Average Shares": NaN,
        "Diluted EPS": NaN,
        "Basic EPS": NaN,
        "Diluted NI Availto Com Stockholders": NaN,
        "Net Income Common Stockholders": NaN,
        "Preferred Stock Dividends": NaN,
        "Net Income": NaN,
        "Minority Interests": NaN,
        "Net Income Including Noncontrolling Interests": NaN,
        "Net Income Discontinuous Operations": NaN,
        "Net Income Continuous Operations": NaN,
        "Tax Provision": NaN,
        "Pretax Income": NaN,
        "Other Income Expense": NaN,
        "Other Non Operating Income Expenses": NaN,
        "Special Income Charges": NaN,
        "Gain On Sale Of Ppe": NaN,
        "Earnings From Equity Interest": NaN,
        "Gain On Sale Of Security": -157000.0,
        "Net Non Operating Interest Income Expense": NaN,
        "Interest Expense Non Operating": NaN,
        "Interest Income Non Operating": NaN,
        "Operating Income": NaN,
        "Operating Expense": NaN,
        "Selling General And Administration": NaN,
        "General And Administrative Expense": NaN,
        "Other Gand A": NaN,
        "Gross Profit": NaN,
        "Cost Of Revenue": NaN,
        "Total Revenue": NaN,
        "Operating Revenue": NaN
    },
    "2022-09-30": {
        "Tax Effect Of Unusual Items": NaN,
        "Tax Rate For Calcs": NaN,
        "Normalized EBITDA": NaN,
        "Total Unusual Items": NaN,
        "Total Unusual Items Excluding Goodwill": NaN,
        "Net Income From Continuing Operation Net Minority Interest": NaN,
        "Reconciled Depreciation": NaN,
        "Reconciled Cost Of Revenue": NaN,
        "EBITDA": NaN,
        "EBIT": NaN,
        "Net Interest Income": NaN,
        "Interest Expense": NaN,
        "Interest Income": NaN,
        "Normalized Income": NaN,
        "Net Income From Continuing And Discontinued Operation": NaN,
        "Total Expenses": NaN,
        "Total Operating Income As Reported": NaN,
        "Diluted Average Shares": 15450276.0,
        "Basic Average Shares": 15290597.0,
        "Diluted EPS": 0.02,
        "Basic EPS": 0.02,
        "Diluted NI Availto Com Stockholders": NaN,
        "Net Income Common Stockholders": NaN,
        "Preferred Stock Dividends": NaN,
        "Net Income": NaN,
        "Minority Interests": NaN,
        "Net Income Including Noncontrolling Interests": NaN,
        "Net Income Discontinuous Operations": NaN,
        "Net Income Continuous Operations": NaN,
        "Tax Provision": NaN,
        "Pretax Income": NaN,
        "Other Income Expense": NaN,
        "Other Non Operating Income Expenses": NaN,
        "Special Income Charges": NaN,
        "Gain On Sale Of Ppe": NaN,
        "Earnings From Equity Interest": NaN,
        "Gain On Sale Of Security": -247000.0,
        "Net Non Operating Interest Income Expense": NaN,
        "Interest Expense Non Operating": NaN,
        "Interest Income Non Operating": NaN,
        "Operating Income": NaN,
        "Operating Expense": NaN,
        "Selling General And Administration": NaN,
        "General And Administrative Expense": NaN,
        "Other Gand A": NaN,
        "Gross Profit": NaN,
        "Cost Of Revenue": NaN,
        "Total Revenue": NaN,
        "Operating Revenue": NaN
    },
    "2022-06-30": {
        "Tax Effect Of Unusual Items": 709.38561,
        "Tax Rate For Calcs": 0.003439,
        "Normalized EBITDA": 2748512.0,
        "Total Unusual Items": 206280.0,
        "Total Unusual Items Excluding Goodwill": 206280.0,
        "Net Income From Continuing Operation Net Minority Interest": 2709719.0,
        "Reconciled Cost Of Revenue": 13591630.0,
        "EBITDA": 2954792.0,
        "EBIT": 2954792.0,
        "Net Interest Income": 108192.0,
        "Interest Expense": 2724.0,
        "Interest Income": 110916.0,
        "Normalized Income": 2504148.38561,
        "Net Income From Continuing And Discontinued Operation": 2289886.0,
        "Total Expenses": 18518321.0,
        "Total Operating Income As Reported": 2554086.0,
        "Diluted Average Shares": 15436421.0,
        "Basic Average Shares": 15285523.0,
        "Diluted EPS": 0.15,
        "Basic EPS": 0.15,
        "Diluted NI Availto Com Stockholders": 2289886.0,
        "Net Income Common Stockholders": 2289886.0,
        "Preferred Stock Dividends": 3250.0,
        "Net Income": 2289886.0,
        "Minority Interests": -232197.0,
        "Net Income Including Noncontrolling Interests": 2522083.0,
        "Net Income Discontinuous Operations": -419833.0,
        "Net Income Continuous Operations": 2941916.0,
        "Tax Provision": 10152.0,
        "Pretax Income": 2952068.0,
        "Other Income Expense": 295070.0,
        "Other Non Operating Income Expenses": 61139.0,
        "Special Income Charges": 5280.0,
        "Gain On Sale Of Ppe": 5280.0,
        "Earnings From Equity Interest": 27651.0,
        "Gain On Sale Of Security": 201000.0,
        "Net Non Operating Interest Income Expense": 108192.0,
        "Interest Expense Non Operating": 2724.0,
        "Interest Income Non Operating": 110916.0,
        "Operating Income": 2548806.0,
        "Operating Expense": 4926691.0,
        "Selling General And Administration": 4926691.0,
        "General And Administrative Expense": 4926691.0,
        "Other Gand A": 4926691.0,
        "Gross Profit": 7475497.0,
        "Cost Of Revenue": 13591630.0,
        "Total Revenue": 21067127.0,
        "Operating Revenue": 21067127.0
    },
    "2022-03-31": {
        "Diluted EPS": 0.11,
        "Total Revenue": 20,
        "Gross Profit": 7,
        "Operating Income": 2,
        "EBIT": 2,
        "Net Income": 2
    },
    "2021-12-31": {
        "Diluted EPS": 0.09,
        "Total Revenue": 17,
        "Gross Profit": 6,
        "Operating Income": 1,
        "EBIT": 1,
        "Net Income": 1
    },
    "2021-09-30": {
        "Diluted EPS": 0.02,
        "Total Revenue": 16,
        "Gross Profit": 6,
        "Operating Income": 1,
        "EBIT": 1,
        "Net Income": 0
    },
    "2021-06-30": {
        "Diluted EPS": -0.11,
        "Total Revenue": 17,
        "Gross Profit": 6,
        "Operating Income": -2,
        "EBIT": -2,
        "Net Income": -2
    },
    "2021-03-31": {
        "Diluted EPS": 0.06,
        "Total Revenue": 17,
        "Gross Profit": 6,
        "Operating Income": 1,
        "EBIT": 1,
        "Net Income": 1
    },
    "2020-12-31": {
        "Diluted EPS": 0.03,
        "Total Revenue": 15,
        "Gross Profit": 5,
        "Operating Income": 0,
        "EBIT": 0,
        "Net Income": 1
    },
    "2020-09-30": {
        "Diluted EPS": 0.09,
        "Total Revenue": 18,
        "Gross Profit": 6,
        "Operating Income": 1,
        "EBIT": 1,
        "Net Income": 1
    },
    "2020-06-30": {
        "Diluted EPS": -0.07,
        "Total Revenue": 19,
        "Gross Profit": 7,
        "Operating Income": 3,
        "EBIT": 3,
        "Net Income": -1
    },
    "2020-03-31": {
        "Diluted EPS": 0.19,
        "Total Revenue": 21,
        "Gross Profit": 8,
        "Operating Income": 4,
        "EBIT": 4,
        "Net Income": 3
    },
    "2019-12-31": {
        "Diluted EPS": 0.12,
        "Total Revenue": 18,
        "Gross Profit": 7,
        "Operating Income": 4,
        "EBIT": 4,
        "Net Income": 2
    },
    "2019-09-30": {
        "Diluted EPS": 0.11,
        "Total Revenue": 16,
        "Gross Profit": 7,
        "Operating Income": 2,
        "EBIT": 2,
        "Net Income": 2
    },
    "2019-06-30": {
        "Diluted EPS": 0.16,
        "Total Revenue": 18,
        "Gross Profit": 8,
        "Operating Income": 3,
        "EBIT": 3,
        "Net Income": 2
    },
    "2019-03-31": {
        "Diluted EPS": 0.41,
        "Total Revenue": 17,
        "Gross Profit": 7,
        "Operating Income": 3,
        "EBIT": 3,
        "Net Income": 6
    },
    "2018-12-31": {
        "Diluted EPS": 0.17,
        "Total Revenue": 18,
        "Gross Profit": 7,
        "Operating Income": 2,
        "EBIT": 2,
        "Net Income": 2
    },
    "2018-09-30": {
        "Diluted EPS": 0.3,
        "Total Revenue": 18,
        "Gross Profit": 7,
        "Operating Income": 2,
        "EBIT": 2,
        "Net Income": 5
    },
    "2018-06-30": {
        "Diluted EPS": 0.14,
        "Total Revenue": 15,
        "Gross Profit": 6,
        "Operating Income": 2,
        "EBIT": 2,
        "Net Income": 2
    },
    "2018-03-31": {
        "Diluted EPS": 0.14,
        "Total Revenue": 15,
        "Gross Profit": 6,
        "Operating Income": 2,
        "EBIT": 2,
        "Net Income": 2
    },
    "2017-12-31": {
        "Diluted EPS": 0.11,
        "Total Revenue": 12,
        "Gross Profit": 4,
        "Operating Income": -1,
        "EBIT": -1,
        "Net Income": 2
    },
    "2017-09-30": {
        "Diluted EPS": 0.08,
        "Total Revenue": 17,
        "Gross Profit": 6,
        "Operating Income": 1,
        "EBIT": 1,
        "Net Income": 1
    },
    "2017-06-30": {
        "Diluted EPS": 0.04,
        "Total Revenue": 15,
        "Gross Profit": 6,
        "Operating Income": 0,
        "EBIT": 0,
        "Net Income": 1
    },
    "2017-03-31": {
        "Diluted EPS": 0.18,
        "Total Revenue": 16,
        "Gross Profit": 7,
        "Operating Income": 2,
        "EBIT": 2,
        "Net Income": 3
    },
    "2016-12-31": {
        "Diluted EPS": 0.11,
        "Total Revenue": 14,
        "Gross Profit": 5,
        "Operating Income": 1,
        "EBIT": 1,
        "Net Income": 2
    },
    "2016-09-30": {
        "Diluted EPS": -0.13,
        "Total Revenue": 14,
        "Gross Profit": 6,
        "Operating Income": -2,
        "EBIT": -2,
        "Net Income": -2
    },
    "2016-06-30": {
        "Diluted EPS": 0.15,
        "Total Revenue": 15,
        "Gross Profit": 7,
        "Operating Income": 2,
        "EBIT": 2,
        "Net Income": 2
    },
    "2016-03-31": {
        "Diluted EPS": 0.14,
        "Total Revenue": 14,
        "Gross Profit": 6,
        "Operating Income": 2,
        "EBIT": 2,
        "Net Income": 2
    },
    "2015-12-31": {
        "Diluted EPS": 0.11,
        "Total Revenue": 13,
        "Gross Profit": 6,
        "Operating Income": 2,
        "EBIT": 2,
        "Net Income": 2
    },
    "2015-09-30": {
        "Diluted EPS": 0.12,
        "Total Revenue": 15,
        "Gross Profit": 6,
        "Operating Income": 2,
        "EBIT": 2,
        "Net Income": 2
    },
    "2015-06-30": {
        "Diluted EPS": 0.15,
        "Total Revenue": 14,
        "Gross Profit": 6,
        "Operating Income": 2,
        "EBIT": 2,
        "Net Income": 2
    },
    "2015-03-31": {
        "Diluted EPS": 0.13,
        "Total Revenue": 15,
        "Gross Profit": 6,
        "Operating Income": 2,
        "EBIT": 2,
        "Net Income": 2
    },
    "2014-12-31": {
        "Diluted EPS": 0.06,
        "Total Revenue": 15,
        "Gross Profit": 5,
        "Operating Income": 2,
        "EBIT": 2,
        "Net Income": 1
    },
    "2014-09-30": {
        "Diluted EPS": 0.13,
        "Total Revenue": 17,
        "Gross Profit": 6,
        "Operating Income": 2,
        "EBIT": 2,
        "Net Income": 2
    },
    "2014-06-30": {
        "Diluted EPS": 0.19,
        "Total Revenue": 17,
        "Gross Profit": 6,
        "Operating Income": 3,
        "EBIT": 3,
        "Net Income": 3
    },
    "2014-03-31": {
        "Diluted EPS": 0.04,
        "Total Revenue": 16,
        "Gross Profit": 6,
        "Operating Income": 1,
        "EBIT": 1,
        "Net Income": 1
    },
    "2013-12-31": {
        "Diluted EPS": 0.07,
        "Total Revenue": 15,
        "Gross Profit": 6,
        "Operating Income": 1,
        "EBIT": 1,
        "Net Income": 1
    },
    "2013-09-30": {
        "Diluted EPS": 0.06,
        "Total Revenue": 15,
        "Gross Profit": 5,
        "Operating Income": 1,
        "EBIT": 1,
        "Net Income": 1
    },
    "2013-06-30": {
        "Diluted EPS": 0.19,
        "Total Revenue": 17,
        "Gross Profit": 6,
        "Operating Income": 3,
        "EBIT": 3,
        "Net Income": 3
    },
    "2013-03-31": {
        "Diluted EPS": 0.26,
        "Total Revenue": 17,
        "Gross Profit": 6,
        "Operating Income": 3,
        "EBIT": 3,
        "Net Income": 4
    },
    "2012-12-31": {
        "Diluted EPS": 0.26,
        "Total Revenue": 17,
        "Gross Profit": 5,
        "Operating Income": 1,
        "EBIT": 1,
        "Net Income": 4
    },
    "2012-09-30": {
        "Diluted EPS": 0.09,
        "Total Revenue": 16,
        "Gross Profit": 5,
        "Operating Income": 1,
        "EBIT": 1,
        "Net Income": 1
    },
    "2012-06-30": {
        "Diluted EPS": 0.13,
        "Total Revenue": 16,
        "Gross Profit": 5,
        "Operating Income": 2,
        "EBIT": 2,
        "Net Income": 2
    },
    "2012-03-31": {
        "Diluted EPS": 0.16,
        "Total Revenue": 17,
        "Gross Profit": 6,
        "Operating Income": 2,
        "EBIT": 2,
        "Net Income": 2
    },
    "2011-12-31": {
        "Diluted EPS": 0.06,
        "Total Revenue": 14,
        "Gross Profit": 5,
        "Operating Income": 1,
        "EBIT": 1,
        "Net Income": 1
    },
    "2011-09-30": {
        "Diluted EPS": 0.09,
        "Total Revenue": 13,
        "Gross Profit": 4,
        "Operating Income": 1,
        "EBIT": 1,
        "Net Income": 1
    },
    "2011-06-30": {
        "Diluted EPS": 0.13,
        "Total Revenue": 15,
        "Gross Profit": 5,
        "Operating Income": 2,
        "EBIT": 2,
        "Net Income": 2
    },
    "2011-03-31": {
        "Diluted EPS": 0.14,
        "Total Revenue": 14,
        "Gross Profit": 5,
        "Operating Income": 1,
        "EBIT": 1,
        "Net Income": 2
    },
    "2010-12-31": {
        "Diluted EPS": 0.06,
        "Total Revenue": 12,
        "Gross Profit": 3,
        "Operating Income": 1,
        "EBIT": 1,
        "Net Income": 1
    },
    "2010-09-30": {
        "Diluted EPS": 0.09,
        "Total Revenue": 12,
        "Gross Profit": 4,
        "Operating Income": 0,
        "EBIT": 0,
        "Net Income": 1
    },
    "2010-06-30": {
        "Diluted EPS": 0.07,
        "Total Revenue": 13,
        "Gross Profit": 4,
        "Operating Income": 1,
        "EBIT": 1,
        "Net Income": 1
    },
    "2010-03-31": {
        "Diluted EPS": 0.21,
        "Total Revenue": 15,
        "Gross Profit": 5,
        "Operating Income": 3,
        "EBIT": 3,
        "Net Income": 3
    },
    "2009-12-31": {
        "Diluted EPS": -0.07,
        "Total Revenue": 13,
        "Gross Profit": 4,
        "Operating Income": 2,
        "EBIT": 2,
        "Net Income": -1
    },
    "2009-09-30": {
        "Diluted EPS": 0.05,
        "Total Revenue": 14,
        "Gross Profit": 5,
        "Operating Income": 2,
        "EBIT": 2,
        "Net Income": 1
    },
    "2009-06-30": {
        "Diluted EPS": 0.26,
        "Total Revenue": 15,
        "Gross Profit": 8,
        "Operating Income": 5,
        "EBIT": 5,
        "Net Income": 4
    },
    "2009-03-31": {
        "Diluted EPS": 0.18,
        "Total Revenue": 16,
        "Gross Profit": 6,
        "Operating Income": 3,
        "EBIT": 3,
        "Net Income": 3
    },
    "2023-06-30": {
        "Tax Effect Of Unusual Items": 201.905968,
        "Tax Rate For Calcs": 0.201906,
        "Normalized EBITDA": 11319793.0,
        "Total Unusual Items": 1000.0,
        "Total Unusual Items Excluding Goodwill": 1000.0,
        "Net Income From Continuing Operation Net Minority Interest": 7531472.0,
        "Reconciled Depreciation": 1675781.0,
        "Reconciled Cost Of Revenue": 28773714.0,
        "EBITDA": 11320793.0,
        "EBIT": 9645012.0,
        "Net Interest Income": 49890.0,
        "Interest Expense": 36247.0,
        "Interest Income": 86137.0,
        "Normalized Income": 7530673.905968,
        "Net Income From Continuing And Discontinued Operation": 7323771.0,
        "Total Expenses": 34758629.0,
        "Total Operating Income As Reported": 9479634.0,
        "Diluted Average Shares": 15907440.0,
        "Basic Average Shares": 15736041.0,
        "Diluted EPS": 0.46,
        "Basic EPS": 0.47,
        "Diluted NI Availto Com Stockholders": 7319684.0,
        "Net Income Common Stockholders": 7319684.0,
        "Preferred Stock Dividends": 4087.0,
        "Net Income": 7323771.0,
        "Minority Interests": -137226.0,
        "Net Income Including Noncontrolling Interests": 7460997.0,
        "Net Income Discontinuous Operations": -207701.0,
        "Net Income Continuous Operations": 7668698.0,
        "Tax Provision": 1940067.0,
        "Pretax Income": 9608765.0,
        "Other Income Expense": 80241.0,
        "Other Non Operating Income Expenses": 31819.0,
        "Special Income Charges": 1000.0,
        "Gain On Sale Of Ppe": 1000.0,
        "Earnings From Equity Interest": 47422.0,
        "Gain On Sale Of Security": NaN,
        "Net Non Operating Interest Income Expense": 49890.0,
        "Interest Expense Non Operating": 36247.0,
        "Interest Income Non Operating": 86137.0,
        "Operating Income": 9478634.0,
        "Operating Expense": 5984915.0,
        "Selling General And Administration": 5984915.0,
        "General And Administrative Expense": 5984915.0,
        "Other Gand A": 5984915.0,
        "Gross Profit": 15463549.0,
        "Cost Of Revenue": 28773714.0,
        "Total Revenue": 44237263.0,
        "Operating Revenue": 44237263.0
    },
    "2023-09-30": {
        "Tax Effect Of Unusual Items": 0.0,
        "Tax Rate For Calcs": 0.180038,
        "Normalized EBITDA": 11012024.0,
        "Total Unusual Items": 0.0,
        "Total Unusual Items Excluding Goodwill": 0.0,
        "Net Income From Continuing Operation Net Minority Interest": 8838123.0,
        "Reconciled Depreciation": NaN,
        "Reconciled Cost Of Revenue": 33239647.0,
        "EBITDA": 11012024.0,
        "EBIT": 11012024.0,
        "Net Interest Income": 162547.0,
        "Interest Expense": 34020.0,
        "Interest Income": 196567.0,
        "Normalized Income": 8838123.0,
        "Net Income From Continuing And Discontinued Operation": 8605129.0,
        "Total Expenses": 39112137.0,
        "Total Operating Income As Reported": 10741938.0,
        "Diluted Average Shares": 15928604.0,
        "Basic Average Shares": 15742854.0,
        "Diluted EPS": 0.54,
        "Basic EPS": 0.55,
        "Diluted NI Availto Com Stockholders": 8605129.0,
        "Net Income Common Stockholders": 8605129.0,
        "Preferred Stock Dividends": NaN,
        "Net Income": 8605129.0,
        "Minority Interests": -163428.0,
        "Net Income Including Noncontrolling Interests": 8768557.0,
        "Net Income Discontinuous Operations": -232994.0,
        "Net Income Continuous Operations": 9001551.0,
        "Tax Provision": 1976453.0,
        "Pretax Income": 10978004.0,
        "Other Income Expense": 73519.0,
        "Other Non Operating Income Expenses": 24187.0,
        "Special Income Charges": 0.0,
        "Gain On Sale Of Ppe": 0.0,
        "Earnings From Equity Interest": 49332.0,
        "Gain On Sale Of Security": NaN,
        "Net Non Operating Interest Income Expense": 162547.0,
        "Interest Expense Non Operating": 34020.0,
        "Interest Income Non Operating": 196567.0,
        "Operating Income": 10741938.0,
        "Operating Expense": 5872490.0,
        "Selling General And Administration": 5872490.0,
        "General And Administrative Expense": 5872490.0,
        "Other Gand A": 5872490.0,
        "Gross Profit": 16614428.0,
        "Cost Of Revenue": 33239647.0,
        "Total Revenue": 49854075.0,
        "Operating Revenue": 49854075.0
    },
    "2023-12-31": {
        "Tax Effect Of Unusual Items": -2628.376848,
        "Tax Rate For Calcs": 0.187366,
        "Normalized EBITDA": 12774977.0,
        "Total Unusual Items": -14028.0,
        "Total Unusual Items Excluding Goodwill": -14028.0,
        "Net Income From Continuing Operation Net Minority Interest": 10229751.0,
        "Reconciled Depreciation": NaN,
        "Reconciled Cost Of Revenue": 33960859.0,
        "EBITDA": 12760949.0,
        "EBIT": 12760949.0,
        "Net Interest Income": -78376.0,
        "Interest Expense": 37173.0,
        "Interest Income": 300060.0,
        "Normalized Income": 10241150.623152,
        "Net Income From Continuing And Discontinued Operation": 9842865.0,
        "Total Expenses": 40477895.0,
        "Total Operating Income As Reported": 12417719.0,
        "Diluted Average Shares": NaN,
        "Basic Average Shares": NaN,
        "Diluted EPS": NaN,
        "Basic EPS": NaN,
        "Diluted NI Availto Com Stockholders": 9827352.0,
        "Net Income Common Stockholders": 9827352.0,
        "Preferred Stock Dividends": NaN,
        "Net Income": 9842865.0,
        "Minority Interests": -110016.0,
        "Net Income Including Noncontrolling Interests": 9952881.0,
        "Net Income Discontinuous Operations": -386886.0,
        "Net Income Continuous Operations": 10339767.0,
        "Tax Provision": 2384009.0,
        "Pretax Income": 12723776.0,
        "Other Income Expense": 29142.0,
        "Other Non Operating Income Expenses": 19929.0,
        "Special Income Charges": -14028.0,
        "Gain On Sale Of Ppe": -14028.0,
        "Earnings From Equity Interest": 23241.0,
        "Gain On Sale Of Security": NaN,
        "Net Non Operating Interest Income Expense": -78376.0,
        "Interest Expense Non Operating": 37173.0,
        "Interest Income Non Operating": 300060.0,
        "Operating Income": 12773010.0,
        "Operating Expense": 6517036.0,
        "Selling General And Administration": 4766358.0,
        "General And Administrative Expense": 4766358.0,
        "Other Gand A": -12691095.0,
        "Gross Profit": 19290046.0,
        "Cost Of Revenue": 33960859.0,
        "Total Revenue": 53250905.0,
        "Operating Revenue": 53250905.0
    },
    "2024-03-31": {
        "Tax Effect Of Unusual Items": 0.0,
        "Tax Rate For Calcs": 0.080404,
        "Normalized EBITDA": 9440378.0,
        "Total Unusual Items": 0.0,
        "Total Unusual Items Excluding Goodwill": 0.0,
        "Net Income From Continuing Operation Net Minority Interest": 6941414.0,
        "Reconciled Depreciation": 1674699.0,
        "Reconciled Cost Of Revenue": 25811367.0,
        "EBITDA": 9440378.0,
        "EBIT": 7765679.0,
        "Net Interest Income": 300641.0,
        "Interest Expense": 33501.0,
        "Interest Income": 334142.0,
        "Normalized Income": 6941414.0,
        "Net Income From Continuing And Discontinued Operation": 6474348.0,
        "Total Expenses": 32375396.0,
        "Total Operating Income As Reported": 7313994.0,
        "Diluted Average Shares": 15984548.0,
        "Basic Average Shares": 15828929.0,
        "Diluted EPS": 0.4,
        "Basic EPS": 0.41,
        "Diluted NI Availto Com Stockholders": 6474348.0,
        "Net Income Common Stockholders": 6474348.0,
        "Preferred Stock Dividends": NaN,
        "Net Income": 6474348.0,
        "Minority Interests": -169068.0,
        "Net Income Including Noncontrolling Interests": 6643416.0,
        "Net Income Discontinuous Operations": -467066.0,
        "Net Income Continuous Operations": 7110482.0,
        "Tax Provision": 621696.0,
        "Pretax Income": 7732178.0,
        "Other Income Expense": 117543.0,
        "Other Non Operating Income Expenses": 39977.0,
        "Special Income Charges": 0.0,
        "Gain On Sale Of Ppe": 0.0,
        "Earnings From Equity Interest": 77566.0,
        "Gain On Sale Of Security": NaN,
        "Net Non Operating Interest Income Expense": 300641.0,
        "Interest Expense Non Operating": 33501.0,
        "Interest Income Non Operating": 334142.0,
        "Operating Income": 7313994.0,
        "Operating Expense": 6564029.0,
        "Selling General And Administration": 6564029.0,
        "General And Administrative Expense": 6564029.0,
        "Other Gand A": 6564029.0,
        "Gross Profit": 13878023.0,
        "Cost Of Revenue": 25811367.0,
        "Total Revenue": 39689390.0,
        "Operating Revenue": 39689390.0
    },
    "2024-06-30": {
        "Tax Effect Of Unusual Items": -613.36854,
        "Tax Rate For Calcs": 0.195964,
        "Normalized EBITDA": 7133422.0,
        "Total Unusual Items": -3130.0,
        "Total Unusual Items Excluding Goodwill": -3130.0,
        "Net Income From Continuing Operation Net Minority Interest": 4242411.0,
        "Reconciled Depreciation": 1667638.0,
        "Reconciled Cost Of Revenue": 20858944.0,
        "EBITDA": 7130292.0,
        "EBIT": 5462654.0,
        "Net Interest Income": 347416.0,
        "Interest Expense": 33438.0,
        "Interest Income": 380854.0,
        "Normalized Income": 4244927.63146,
        "Net Income From Continuing And Discontinued Operation": 15850257.0,
        "Total Expenses": 27465238.0,
        "Total Operating Income As Reported": 5010790.0,
        "Diluted Average Shares": 15983671.0,
        "Basic Average Shares": 15829120.0,
        "Diluted EPS": 0.99,
        "Basic EPS": 1.0,
        "Diluted NI Availto Com Stockholders": 15845597.0,
        "Net Income Common Stockholders": 15845597.0,
        "Preferred Stock Dividends": 4660.0,
        "Net Income": 15850257.0,
        "Minority Interests": -122872.0,
        "Net Income Including Noncontrolling Interests": 15973129.0,
        "Net Income Discontinuous Operations": 11607846.0,
        "Net Income Continuous Operations": 4365283.0,
        "Tax Provision": 1063933.0,
        "Pretax Income": 5429216.0,
        "Other Income Expense": 67880.0,
        "Other Non Operating Income Expenses": 22213.0,
        "Special Income Charges": -3130.0,
        "Gain On Sale Of Ppe": -3130.0,
        "Earnings From Equity Interest": 48797.0,
        "Gain On Sale Of Security": NaN,
        "Net Non Operating Interest Income Expense": 347416.0,
        "Interest Expense Non Operating": 33438.0,
        "Interest Income Non Operating": 380854.0,
        "Operating Income": 5013920.0,
        "Operating Expense": 6606294.0,
        "Selling General And Administration": 6606294.0,
        "General And Administrative Expense": 6606294.0,
        "Other Gand A": 6606294.0,
        "Gross Profit": 11620214.0,
        "Cost Of Revenue": 20858944.0,
        "Total Revenue": 32479158.0,
        "Operating Revenue": 32479158.0
    }
}