{
    "2023-06-30": {
        "Tax Effect Of Unusual Items": -4817404.118748,
        "Tax Rate For Calcs": 0.265846,
        "Normalized EBITDA": 69524000.0,
        "Total Unusual Items": -18121000.0,
        "Total Unusual Items Excluding Goodwill": -18121000.0,
        "Net Income From Continuing Operation Net Minority Interest": 5490000.0,
        "Reconciled Depreciation": 34924000.0,
        "Reconciled Cost Of Revenue": 186319000.0,
        "EBITDA": 51403000.0,
        "EBIT": 16479000.0,
        "Net Interest Income": -7390000.0,
        "Interest Expense": 9001000.0,
        "Interest Income": 1611000.0,
        "Normalized Income": 18793595.881252,
        "Net Income From Continuing And Discontinued Operation": 5490000.0,
        "Total Expenses": 257108000.0,
        "Total Operating Income As Reported": 22614000.0,
        "Diluted Average Shares": 52980000.0,
        "Basic Average Shares": 52885000.0,
        "Diluted EPS": 0.1,
        "Basic EPS": 0.1,
        "Diluted NI Availto Com Stockholders": 5490000.0,
        "Net Income Common Stockholders": 5490000.0,
        "Net Income": 5490000.0,
        "Net Income Including Noncontrolling Interests": 5490000.0,
        "Net Income Continuous Operations": 5490000.0,
        "Tax Provision": 1988000.0,
        "Pretax Income": 7478000.0,
        "Other Income Expense": -17669000.0,
        "Other Non Operating Income Expenses": 452000.0,
        "Special Income Charges": -18121000.0,
        "Other Special Charges": 14348000.0,
        "Restructuring And Mergern Acquisition": 3773000.0,
        "Net Non Operating Interest Income Expense": -7390000.0,
        "Total Other Finance Cost": NaN,
        "Interest Expense Non Operating": 9001000.0,
        "Interest Income Non Operating": 1611000.0,
        "Operating Income": 32537000.0,
        "Operating Expense": 70789000.0,
        "Other Operating Expenses": NaN,
        "Provision For Doubtful Accounts": NaN,
        "Depreciation Amortization Depletion Income Statement": 34924000.0,
        "Depreciation And Amortization In Income Statement": 34924000.0,
        "Amortization": NaN,
        "Amortization Of Intangibles Income Statement": NaN,
        "Depreciation Income Statement": NaN,
        "Selling General And Administration": 35865000.0,
        "General And Administrative Expense": 35865000.0,
        "Other Gand A": 35865000.0,
        "Salaries And Wages": NaN,
        "Gross Profit": 103326000.0,
        "Cost Of Revenue": 186319000.0,
        "Total Revenue": 289645000.0,
        "Operating Revenue": 289645000.0
    },
    "2023-03-31": {
        "Tax Effect Of Unusual Items": -541086.0,
        "Tax Rate For Calcs": 0.182,
        "Normalized EBITDA": 47706000.0,
        "Total Unusual Items": -2973000.0,
        "Total Unusual Items Excluding Goodwill": -2973000.0,
        "Net Income From Continuing Operation Net Minority Interest": 3548000.0,
        "Reconciled Depreciation": 33435000.0,
        "Reconciled Cost Of Revenue": 180200000.0,
        "EBITDA": 44733000.0,
        "EBIT": 11298000.0,
        "Net Interest Income": -6275000.0,
        "Interest Expense": 6959000.0,
        "Interest Income": 684000.0,
        "Normalized Income": 5979914.0,
        "Net Income From Continuing And Discontinued Operation": 3548000.0,
        "Total Expenses": 249335000.0,
        "Total Operating Income As Reported": 10265000.0,
        "Diluted Average Shares": 51869000.0,
        "Basic Average Shares": 51770000.0,
        "Diluted EPS": 0.07,
        "Basic EPS": 0.07,
        "Diluted NI Availto Com Stockholders": 3548000.0,
        "Net Income Common Stockholders": 3548000.0,
        "Net Income": 3548000.0,
        "Net Income Including Noncontrolling Interests": 3548000.0,
        "Net Income Continuous Operations": 3548000.0,
        "Tax Provision": 791000.0,
        "Pretax Income": 4339000.0,
        "Other Income Expense": -2624000.0,
        "Other Non Operating Income Expenses": 349000.0,
        "Special Income Charges": -2973000.0,
        "Other Special Charges": NaN,
        "Restructuring And Mergern Acquisition": 2973000.0,
        "Net Non Operating Interest Income Expense": -6275000.0,
        "Total Other Finance Cost": NaN,
        "Interest Expense Non Operating": 6959000.0,
        "Interest Income Non Operating": 684000.0,
        "Operating Income": 13260000.0,
        "Operating Expense": 69135000.0,
        "Other Operating Expenses": NaN,
        "Provision For Doubtful Accounts": 1000000.0,
        "Depreciation Amortization Depletion Income Statement": 33435000.0,
        "Depreciation And Amortization In Income Statement": 33435000.0,
        "Amortization": 12900000.0,
        "Amortization Of Intangibles Income Statement": 12900000.0,
        "Depreciation Income Statement": 20500000.0,
        "Selling General And Administration": 34700000.0,
        "General And Administrative Expense": 34700000.0,
        "Other Gand A": 11400000.0,
        "Salaries And Wages": 23300000.0,
        "Gross Profit": 82395000.0,
        "Cost Of Revenue": 180200000.0,
        "Total Revenue": 262595000.0,
        "Operating Revenue": 262595000.0
    },
    "2022-12-31": {
        "Tax Effect Of Unusual Items": NaN,
        "Tax Rate For Calcs": NaN,
        "Normalized EBITDA": NaN,
        "Total Unusual Items": NaN,
        "Total Unusual Items Excluding Goodwill": NaN,
        "Net Income From Continuing Operation Net Minority Interest": NaN,
        "Reconciled Depreciation": NaN,
        "Reconciled Cost Of Revenue": NaN,
        "EBITDA": NaN,
        "EBIT": NaN,
        "Net Interest Income": NaN,
        "Interest Expense": NaN,
        "Interest Income": NaN,
        "Normalized Income": NaN,
        "Net Income From Continuing And Discontinued Operation": NaN,
        "Total Expenses": NaN,
        "Total Operating Income As Reported": NaN,
        "Diluted Average Shares": NaN,
        "Basic Average Shares": NaN,
        "Diluted EPS": NaN,
        "Basic EPS": NaN,
        "Diluted NI Availto Com Stockholders": NaN,
        "Net Income Common Stockholders": NaN,
        "Net Income": NaN,
        "Net Income Including Noncontrolling Interests": NaN,
        "Net Income Continuous Operations": NaN,
        "Tax Provision": NaN,
        "Pretax Income": NaN,
        "Other Income Expense": NaN,
        "Other Non Operating Income Expenses": NaN,
        "Special Income Charges": NaN,
        "Other Special Charges": NaN,
        "Restructuring And Mergern Acquisition": NaN,
        "Net Non Operating Interest Income Expense": NaN,
        "Total Other Finance Cost": NaN,
        "Interest Expense Non Operating": NaN,
        "Interest Income Non Operating": NaN,
        "Operating Income": NaN,
        "Operating Expense": NaN,
        "Other Operating Expenses": 0.0,
        "Provision For Doubtful Accounts": NaN,
        "Depreciation Amortization Depletion Income Statement": NaN,
        "Depreciation And Amortization In Income Statement": NaN,
        "Amortization": 13312000.0,
        "Amortization Of Intangibles Income Statement": 13312000.0,
        "Depreciation Income Statement": 19939000.0,
        "Selling General And Administration": NaN,
        "General And Administrative Expense": NaN,
        "Other Gand A": NaN,
        "Salaries And Wages": NaN,
        "Gross Profit": NaN,
        "Cost Of Revenue": NaN,
        "Total Revenue": NaN,
        "Operating Revenue": NaN
    },
    "2022-09-30": {
        "Tax Effect Of Unusual Items": NaN,
        "Tax Rate For Calcs": NaN,
        "Normalized EBITDA": NaN,
        "Total Unusual Items": NaN,
        "Total Unusual Items Excluding Goodwill": NaN,
        "Net Income From Continuing Operation Net Minority Interest": NaN,
        "Reconciled Depreciation": NaN,
        "Reconciled Cost Of Revenue": NaN,
        "EBITDA": NaN,
        "EBIT": NaN,
        "Net Interest Income": NaN,
        "Interest Expense": NaN,
        "Interest Income": NaN,
        "Normalized Income": NaN,
        "Net Income From Continuing And Discontinued Operation": NaN,
        "Total Expenses": NaN,
        "Total Operating Income As Reported": NaN,
        "Diluted Average Shares": NaN,
        "Basic Average Shares": NaN,
        "Diluted EPS": NaN,
        "Basic EPS": NaN,
        "Diluted NI Availto Com Stockholders": NaN,
        "Net Income Common Stockholders": NaN,
        "Net Income": NaN,
        "Net Income Including Noncontrolling Interests": NaN,
        "Net Income Continuous Operations": NaN,
        "Tax Provision": NaN,
        "Pretax Income": NaN,
        "Other Income Expense": NaN,
        "Other Non Operating Income Expenses": NaN,
        "Special Income Charges": NaN,
        "Other Special Charges": NaN,
        "Restructuring And Mergern Acquisition": NaN,
        "Net Non Operating Interest Income Expense": NaN,
        "Total Other Finance Cost": 489000.0,
        "Interest Expense Non Operating": NaN,
        "Interest Income Non Operating": NaN,
        "Operating Income": NaN,
        "Operating Expense": NaN,
        "Other Operating Expenses": 759000.0,
        "Provision For Doubtful Accounts": 800000.0,
        "Depreciation Amortization Depletion Income Statement": NaN,
        "Depreciation And Amortization In Income Statement": NaN,
        "Amortization": NaN,
        "Amortization Of Intangibles Income Statement": NaN,
        "Depreciation Income Statement": NaN,
        "Selling General And Administration": NaN,
        "General And Administrative Expense": NaN,
        "Other Gand A": NaN,
        "Salaries And Wages": 23500000.0,
        "Gross Profit": NaN,
        "Cost Of Revenue": NaN,
        "Total Revenue": NaN,
        "Operating Revenue": NaN
    },
    "2022-06-30": {
        "Tax Effect Of Unusual Items": -389348.36019,
        "Tax Rate For Calcs": 0.32527,
        "Normalized EBITDA": 64421000.0,
        "Total Unusual Items": -1197000.0,
        "Total Unusual Items Excluding Goodwill": -1197000.0,
        "Net Income From Continuing Operation Net Minority Interest": 17796000.0,
        "Reconciled Depreciation": 31151000.0,
        "Reconciled Cost Of Revenue": 186037000.0,
        "EBITDA": 63224000.0,
        "EBIT": 32073000.0,
        "Net Interest Income": -5656000.0,
        "Interest Expense": 5698000.0,
        "Interest Income": 42000.0,
        "Normalized Income": 18603651.63981,
        "Net Income From Continuing And Discontinued Operation": 17796000.0,
        "Total Expenses": 250750000.0,
        "Total Operating Income As Reported": 31719000.0,
        "Diluted Average Shares": 51781000.0,
        "Basic Average Shares": 51642000.0,
        "Diluted EPS": 0.34,
        "Basic EPS": 0.34,
        "Diluted NI Availto Com Stockholders": 17796000.0,
        "Net Income Common Stockholders": 17796000.0,
        "Net Income": 17796000.0,
        "Net Income Including Noncontrolling Interests": 17796000.0,
        "Net Income Continuous Operations": 17796000.0,
        "Tax Provision": 8579000.0,
        "Pretax Income": 26375000.0,
        "Other Income Expense": -885000.0,
        "Other Non Operating Income Expenses": 312000.0,
        "Special Income Charges": -1197000.0,
        "Other Special Charges": NaN,
        "Restructuring And Mergern Acquisition": 1197000.0,
        "Net Non Operating Interest Income Expense": -5656000.0,
        "Interest Expense Non Operating": 5698000.0,
        "Interest Income Non Operating": 42000.0,
        "Operating Income": 32916000.0,
        "Operating Expense": 64712000.0,
        "Other Operating Expenses": NaN,
        "Provision For Doubtful Accounts": NaN,
        "Depreciation Amortization Depletion Income Statement": 31150000.0,
        "Depreciation And Amortization In Income Statement": 31150000.0,
        "Amortization": NaN,
        "Amortization Of Intangibles Income Statement": NaN,
        "Depreciation Income Statement": NaN,
        "Selling General And Administration": 33562000.0,
        "General And Administrative Expense": 33562000.0,
        "Other Gand A": 33562000.0,
        "Salaries And Wages": NaN,
        "Gross Profit": 97628000.0,
        "Cost Of Revenue": 186038000.0,
        "Total Revenue": 283666000.0,
        "Operating Revenue": 283666000.0
    },
    "2022-03-31": {
        "Diluted EPS": 0.08,
        "Total Revenue": 234,
        "Gross Profit": 72,
        "Operating Income": 10,
        "EBIT": 40,
        "Net Income": 4
    },
    "2021-12-31": {
        "Diluted EPS": 0.18,
        "Total Revenue": 242,
        "Gross Profit": 79,
        "Operating Income": 16,
        "EBIT": 46,
        "Net Income": 9
    },
    "2021-09-30": {
        "Diluted EPS": 0.31,
        "Total Revenue": 242,
        "Gross Profit": 88,
        "Operating Income": 27,
        "EBIT": 55,
        "Net Income": 16
    },
    "2021-06-30": {
        "Diluted EPS": 0.23,
        "Total Revenue": 216,
        "Gross Profit": 77,
        "Operating Income": 22,
        "EBIT": 47,
        "Net Income": 12
    },
    "2021-03-31": {
        "Diluted EPS": 0.08,
        "Total Revenue": 190,
        "Gross Profit": 62,
        "Operating Income": 12,
        "EBIT": 35,
        "Net Income": 4
    },
    "2020-12-31": {
        "Diluted EPS": 1.28,
        "Total Revenue": 200,
        "Gross Profit": 67,
        "Operating Income": 14,
        "EBIT": 38,
        "Net Income": 63
    },
    "2020-09-30": {
        "Diluted EPS": 0.31,
        "Total Revenue": 203,
        "Gross Profit": 72,
        "Operating Income": 21,
        "EBIT": 42,
        "Net Income": 15
    },
    "2020-06-30": {
        "Diluted EPS": 0.25,
        "Total Revenue": 189,
        "Gross Profit": 65,
        "Operating Income": 17,
        "EBIT": 42,
        "Net Income": 12
    },
    "2020-03-31": {
        "Diluted EPS": 0.02,
        "Total Revenue": 183,
        "Gross Profit": 54,
        "Operating Income": 7,
        "EBIT": 31,
        "Net Income": 1
    },
    "2019-12-31": {
        "Diluted EPS": 0.19,
        "Total Revenue": 194,
        "Gross Profit": 63,
        "Operating Income": 15,
        "EBIT": 31,
        "Net Income": 9
    },
    "2019-09-30": {
        "Diluted EPS": 0.26,
        "Total Revenue": 199,
        "Gross Profit": 67,
        "Operating Income": 18,
        "EBIT": 42,
        "Net Income": 12
    },
    "2019-06-30": {
        "Diluted EPS": 0.25,
        "Total Revenue": 187,
        "Gross Profit": 59,
        "Operating Income": 16,
        "EBIT": 38,
        "Net Income": 12
    },
    "2019-03-31": {
        "Diluted EPS": -0.04,
        "Total Revenue": 164,
        "Gross Profit": 46,
        "Operating Income": 4,
        "EBIT": 24,
        "Net Income": -2
    },
    "2018-12-31": {
        "Diluted EPS": -0.3,
        "Total Revenue": 175,
        "Gross Profit": 53,
        "Operating Income": -5,
        "EBIT": 16,
        "Net Income": -14
    },
    "2018-09-30": {
        "Diluted EPS": 0.5,
        "Total Revenue": 173,
        "Gross Profit": 59,
        "Operating Income": 29,
        "EBIT": 51,
        "Net Income": 22
    },
    "2018-06-30": {
        "Diluted EPS": 0.04,
        "Total Revenue": 166,
        "Gross Profit": 54,
        "Operating Income": 15,
        "EBIT": 36,
        "Net Income": 2
    },
    "2018-03-31": {
        "Diluted EPS": -0.09,
        "Total Revenue": 147,
        "Gross Profit": 42,
        "Operating Income": 1,
        "EBIT": 20,
        "Net Income": -4
    },
    "2017-12-31": {
        "Diluted EPS": 0.49,
        "Total Revenue": 151,
        "Gross Profit": 47,
        "Operating Income": 10,
        "EBIT": 29,
        "Net Income": 20
    },
    "2017-09-30": {
        "Diluted EPS": 0.28,
        "Total Revenue": 160,
        "Gross Profit": 56,
        "Operating Income": 18,
        "EBIT": 38,
        "Net Income": 12
    },
    "2017-06-30": {
        "Diluted EPS": -1.28,
        "Total Revenue": 154,
        "Gross Profit": 51,
        "Operating Income": -47,
        "EBIT": -28,
        "Net Income": -54
    },
    "2017-03-31": {
        "Diluted EPS": -0.01,
        "Total Revenue": 134,
        "Gross Profit": 39,
        "Operating Income": 7,
        "EBIT": 23,
        "Net Income": 0
    },
    "2016-12-31": {
        "Diluted EPS": -0.28,
        "Total Revenue": 144,
        "Gross Profit": 46,
        "Operating Income": 10,
        "EBIT": 28,
        "Net Income": -12
    },
    "2016-09-30": {
        "Diluted EPS": 0.18,
        "Total Revenue": 151,
        "Gross Profit": 52,
        "Operating Income": 17,
        "EBIT": 37,
        "Net Income": 8
    },
    "2016-06-30": {
        "Diluted EPS": 0.12,
        "Total Revenue": 145,
        "Gross Profit": 49,
        "Operating Income": 16,
        "EBIT": 35,
        "Net Income": 5
    },
    "2016-03-31": {
        "Diluted EPS": -0.19,
        "Total Revenue": 125,
        "Gross Profit": 35,
        "Operating Income": 2,
        "EBIT": 19,
        "Net Income": -8
    },
    "2015-12-31": {
        "Diluted EPS": -0.18,
        "Total Revenue": 140,
        "Gross Profit": 44,
        "Operating Income": 5,
        "EBIT": 24,
        "Net Income": -7
    },
    "2015-09-30": {
        "Diluted EPS": 0.06,
        "Total Revenue": 146,
        "Gross Profit": 47,
        "Operating Income": 13,
        "EBIT": 33,
        "Net Income": 2
    },
    "2015-06-30": {
        "Diluted EPS": 0.03,
        "Total Revenue": 144,
        "Gross Profit": 45,
        "Operating Income": 11,
        "EBIT": 31,
        "Net Income": 1
    },
    "2015-03-31": {
        "Diluted EPS": -0.23,
        "Total Revenue": 117,
        "Gross Profit": 29,
        "Operating Income": 3,
        "EBIT": 20,
        "Net Income": -9
    },
    "2014-12-31": {
        "Diluted EPS": 0.0,
        "Total Revenue": NaN,
        "Gross Profit": NaN,
        "Operating Income": NaN,
        "EBIT": NaN,
        "Net Income": NaN
    },
    "2014-10-31": {
        "Diluted EPS": 0.01,
        "Total Revenue": 141,
        "Gross Profit": 43,
        "Operating Income": 10,
        "EBIT": 49,
        "Net Income": 0
    },
    "2014-09-30": {
        "Diluted EPS": 0.03,
        "Total Revenue": 142,
        "Gross Profit": 44,
        "Operating Income": 11,
        "EBIT": 30,
        "Net Income": 1
    },
    "2014-07-31": {
        "Diluted EPS": -0.01,
        "Total Revenue": 141,
        "Gross Profit": 43,
        "Operating Income": 9,
        "EBIT": 28,
        "Net Income": 0
    },
    "2014-06-30": {
        "Diluted EPS": -0.17,
        "Total Revenue": 137,
        "Gross Profit": 40,
        "Operating Income": 0,
        "EBIT": -3,
        "Net Income": -7
    },
    "2014-04-30": {
        "Diluted EPS": 0.0,
        "Total Revenue": NaN,
        "Gross Profit": NaN,
        "Operating Income": NaN,
        "EBIT": NaN,
        "Net Income": NaN
    },
    "2014-03-31": {
        "Diluted EPS": -0.34,
        "Total Revenue": 113,
        "Gross Profit": 27,
        "Operating Income": -4,
        "EBIT": 35,
        "Net Income": -13
    },
    "2014-01-31": {
        "Diluted EPS": -0.27,
        "Total Revenue": 118,
        "Gross Profit": 30,
        "Operating Income": -1,
        "EBIT": 37,
        "Net Income": -11
    },
    "2013-10-31": {
        "Diluted EPS": -0.01,
        "Total Revenue": 132,
        "Gross Profit": 42,
        "Operating Income": 9,
        "EBIT": 61,
        "Net Income": 0
    },
    "2013-07-31": {
        "Diluted EPS": 0.0,
        "Total Revenue": 129,
        "Gross Profit": 40,
        "Operating Income": 10,
        "EBIT": 10,
        "Net Income": 0
    },
    "2013-04-30": {
        "Diluted EPS": 0.0,
        "Total Revenue": NaN,
        "Gross Profit": NaN,
        "Operating Income": NaN,
        "EBIT": NaN,
        "Net Income": NaN
    },
    "2013-01-31": {
        "Diluted EPS": -0.29,
        "Total Revenue": 112,
        "Gross Profit": 31,
        "Operating Income": 0,
        "EBIT": 51,
        "Net Income": -11
    },
    "2012-10-31": {
        "Diluted EPS": -0.68,
        "Total Revenue": 117,
        "Gross Profit": 35,
        "Operating Income": 4,
        "EBIT": 39,
        "Net Income": -21
    },
    "2012-07-31": {
        "Diluted EPS": -0.31,
        "Total Revenue": 118,
        "Gross Profit": 36,
        "Operating Income": 6,
        "EBIT": 6,
        "Net Income": -8
    },
    "2012-04-30": {
        "Diluted EPS": 0.0,
        "Total Revenue": NaN,
        "Gross Profit": NaN,
        "Operating Income": NaN,
        "EBIT": NaN,
        "Net Income": NaN
    },
    "2012-01-31": {
        "Diluted EPS": -0.92,
        "Total Revenue": 115,
        "Gross Profit": 33,
        "Operating Income": 4,
        "EBIT": 39,
        "Net Income": -25
    },
    "2011-10-31": {
        "Diluted EPS": -0.03,
        "Total Revenue": 130,
        "Gross Profit": 43,
        "Operating Income": 12,
        "EBIT": 63,
        "Net Income": -1
    },
    "2011-07-31": {
        "Diluted EPS": -0.12,
        "Total Revenue": 127,
        "Gross Profit": 42,
        "Operating Income": 10,
        "EBIT": 10,
        "Net Income": -3
    },
    "2011-04-30": {
        "Diluted EPS": 0.0,
        "Total Revenue": NaN,
        "Gross Profit": NaN,
        "Operating Income": NaN,
        "EBIT": NaN,
        "Net Income": NaN
    },
    "2011-01-31": {
        "Diluted EPS": -0.24,
        "Total Revenue": 112,
        "Gross Profit": 35,
        "Operating Income": 6,
        "EBIT": 57,
        "Net Income": -6
    },
    "2010-10-31": {
        "Diluted EPS": -0.04,
        "Total Revenue": 123,
        "Gross Profit": 44,
        "Operating Income": 12,
        "EBIT": 67,
        "Net Income": -1
    },
    "2010-07-31": {
        "Diluted EPS": -0.11,
        "Total Revenue": 122,
        "Gross Profit": 41,
        "Operating Income": 13,
        "EBIT": 13,
        "Net Income": -3
    },
    "2010-04-30": {
        "Diluted EPS": 0.0,
        "Total Revenue": NaN,
        "Gross Profit": NaN,
        "Operating Income": NaN,
        "EBIT": NaN,
        "Net Income": NaN
    },
    "2010-01-31": {
        "Diluted EPS": -0.17,
        "Total Revenue": 110,
        "Gross Profit": 36,
        "Operating Income": 7,
        "EBIT": 62,
        "Net Income": -4
    },
    "2009-10-31": {
        "Diluted EPS": -0.06,
        "Total Revenue": 133,
        "Gross Profit": 47,
        "Operating Income": 14,
        "EBIT": 55,
        "Net Income": -2
    },
    "2009-07-31": {
        "Diluted EPS": -0.11,
        "Total Revenue": 132,
        "Gross Profit": 45,
        "Operating Income": 9,
        "EBIT": 9,
        "Net Income": -3
    },
    "2009-04-30": {
        "Diluted EPS": 0.0,
        "Total Revenue": NaN,
        "Gross Profit": NaN,
        "Operating Income": NaN,
        "EBIT": NaN,
        "Net Income": NaN
    },
    "2009-01-31": {
        "Diluted EPS": -0.15,
        "Total Revenue": 121,
        "Gross Profit": 36,
        "Operating Income": 2,
        "EBIT": 43,
        "Net Income": -4
    },
    "2023-09-30": {
        "Tax Effect Of Unusual Items": -828687.804878,
        "Tax Rate For Calcs": 0.24878,
        "Normalized EBITDA": 90290000.0,
        "Total Unusual Items": -3331000.0,
        "Total Unusual Items Excluding Goodwill": -3331000.0,
        "Net Income From Continuing Operation Net Minority Interest": 18172000.0,
        "Reconciled Depreciation": 47736000.0,
        "Reconciled Cost Of Revenue": 226303000.0,
        "EBITDA": 86959000.0,
        "EBIT": 39223000.0,
        "Net Interest Income": -10223000.0,
        "Interest Expense": 15033000.0,
        "Interest Income": 5525000.0,
        "Normalized Income": 20674312.195122,
        "Net Income From Continuing And Discontinued Operation": 18172000.0,
        "Total Expenses": 315239000.0,
        "Total Operating Income As Reported": 34188000.0,
        "Diluted Average Shares": 58062000.0,
        "Basic Average Shares": 57962000.0,
        "Diluted EPS": 0.31,
        "Basic EPS": 0.31,
        "Diluted NI Availto Com Stockholders": 18172000.0,
        "Net Income Common Stockholders": 18172000.0,
        "Net Income": 18172000.0,
        "Net Income Including Noncontrolling Interests": 18172000.0,
        "Net Income Continuous Operations": 18172000.0,
        "Tax Provision": 6018000.0,
        "Pretax Income": 24190000.0,
        "Other Income Expense": -3106000.0,
        "Other Non Operating Income Expenses": 225000.0,
        "Special Income Charges": -3331000.0,
        "Other Special Charges": NaN,
        "Restructuring And Mergern Acquisition": 3331000.0,
        "Net Non Operating Interest Income Expense": -10223000.0,
        "Total Other Finance Cost": 715000.0,
        "Interest Expense Non Operating": 15033000.0,
        "Interest Income Non Operating": 5525000.0,
        "Operating Income": 37496000.0,
        "Operating Expense": 88936000.0,
        "Other Operating Expenses": NaN,
        "Provision For Doubtful Accounts": 700000.0,
        "Depreciation Amortization Depletion Income Statement": 47736000.0,
        "Depreciation And Amortization In Income Statement": 47736000.0,
        "Amortization": 20200000.0,
        "Amortization Of Intangibles Income Statement": 20200000.0,
        "Depreciation Income Statement": 27500000.0,
        "Selling General And Administration": 40500000.0,
        "General And Administrative Expense": 40500000.0,
        "Other Gand A": 13700000.0,
        "Salaries And Wages": 26800000.0,
        "Gross Profit": 126432000.0,
        "Cost Of Revenue": 226303000.0,
        "Total Revenue": 352735000.0,
        "Operating Revenue": 352735000.0
    },
    "2023-12-31": {
        "Tax Effect Of Unusual Items": -1139880.0,
        "Tax Rate For Calcs": 0.21,
        "Normalized EBITDA": 78772000.0,
        "Total Unusual Items": -5428000.0,
        "Total Unusual Items Excluding Goodwill": -5428000.0,
        "Net Income From Continuing Operation Net Minority Interest": -1811000.0,
        "Reconciled Depreciation": 54610000.0,
        "Reconciled Cost Of Revenue": 239173000.0,
        "EBITDA": 73344000.0,
        "EBIT": 18734000.0,
        "Net Interest Income": -12949000.0,
        "Interest Expense": 17696000.0,
        "Interest Income": 2921000.0,
        "Normalized Income": 2477120.0,
        "Net Income From Continuing And Discontinued Operation": -1811000.0,
        "Total Expenses": 340800000.0,
        "Total Operating Income As Reported": 13360000.0,
        "Diluted Average Shares": 57981000.0,
        "Basic Average Shares": 57981000.0,
        "Diluted EPS": -0.03,
        "Basic EPS": -0.03,
        "Diluted NI Availto Com Stockholders": -1811000.0,
        "Net Income Common Stockholders": -1811000.0,
        "Net Income": -1811000.0,
        "Net Income Including Noncontrolling Interests": -1811000.0,
        "Net Income Continuous Operations": -1811000.0,
        "Tax Provision": 2849000.0,
        "Pretax Income": 1038000.0,
        "Other Income Expense": -4801000.0,
        "Other Non Operating Income Expenses": 627000.0,
        "Special Income Charges": -5428000.0,
        "Other Special Charges": 412000.0,
        "Restructuring And Mergern Acquisition": 5016000.0,
        "Net Non Operating Interest Income Expense": -12949000.0,
        "Total Other Finance Cost": NaN,
        "Interest Expense Non Operating": 17696000.0,
        "Interest Income Non Operating": 2921000.0,
        "Operating Income": 18767000.0,
        "Operating Expense": 101627000.0,
        "Other Operating Expenses": NaN,
        "Provision For Doubtful Accounts": NaN,
        "Depreciation Amortization Depletion Income Statement": 54610000.0,
        "Depreciation And Amortization In Income Statement": 54610000.0,
        "Amortization": 24156000.0,
        "Amortization Of Intangibles Income Statement": 24156000.0,
        "Depreciation Income Statement": 30449000.0,
        "Selling General And Administration": 44847000.0,
        "General And Administrative Expense": 44847000.0,
        "Other Gand A": 118947000.0,
        "Salaries And Wages": NaN,
        "Gross Profit": 120394000.0,
        "Cost Of Revenue": 239173000.0,
        "Total Revenue": 359567000.0,
        "Operating Revenue": 359567000.0
    },
    "2024-03-31": {
        "Tax Effect Of Unusual Items": -1503000.0,
        "Tax Rate For Calcs": 0.3,
        "Normalized EBITDA": 69046000.0,
        "Total Unusual Items": -5010000.0,
        "Total Unusual Items Excluding Goodwill": -5010000.0,
        "Net Income From Continuing Operation Net Minority Interest": -4117000.0,
        "Reconciled Depreciation": 54037000.0,
        "Reconciled Cost Of Revenue": 230800000.0,
        "EBITDA": 64036000.0,
        "EBIT": 9999000.0,
        "Net Interest Income": -13070000.0,
        "Interest Expense": 15882000.0,
        "Interest Income": 2812000.0,
        "Normalized Income": -610000.0,
        "Net Income From Continuing And Discontinued Operation": -4117000.0,
        "Total Expenses": 329137000.0,
        "Total Operating Income As Reported": 6835000.0,
        "Diluted Average Shares": 58030000.0,
        "Basic Average Shares": 58030000.0,
        "Diluted EPS": -0.07,
        "Basic EPS": -0.07,
        "Diluted NI Availto Com Stockholders": -4117000.0,
        "Net Income Common Stockholders": -4117000.0,
        "Net Income": -4117000.0,
        "Net Income Including Noncontrolling Interests": -4117000.0,
        "Net Income Continuous Operations": -4117000.0,
        "Tax Provision": -1766000.0,
        "Pretax Income": -5883000.0,
        "Other Income Expense": -4658000.0,
        "Other Non Operating Income Expenses": 352000.0,
        "Special Income Charges": -5010000.0,
        "Other Special Charges": NaN,
        "Restructuring And Mergern Acquisition": 5010000.0,
        "Net Non Operating Interest Income Expense": -13070000.0,
        "Total Other Finance Cost": NaN,
        "Interest Expense Non Operating": 15882000.0,
        "Interest Income Non Operating": 2812000.0,
        "Operating Income": 11871000.0,
        "Operating Expense": 98337000.0,
        "Other Operating Expenses": NaN,
        "Provision For Doubtful Accounts": 300000.0,
        "Depreciation Amortization Depletion Income Statement": 54037000.0,
        "Depreciation And Amortization In Income Statement": 54037000.0,
        "Amortization": 22200000.0,
        "Amortization Of Intangibles Income Statement": 22200000.0,
        "Depreciation Income Statement": 31800000.0,
        "Selling General And Administration": 44000000.0,
        "General And Administrative Expense": 44000000.0,
        "Other Gand A": 14400000.0,
        "Salaries And Wages": 29600000.0,
        "Gross Profit": 110208000.0,
        "Cost Of Revenue": 230800000.0,
        "Total Revenue": 341008000.0,
        "Operating Revenue": 341008000.0
    },
    "2024-06-30": {
        "Tax Effect Of Unusual Items": -2751816.262271,
        "Tax Rate For Calcs": 0.351176,
        "Normalized EBITDA": 89294000.0,
        "Total Unusual Items": -7836000.0,
        "Total Unusual Items Excluding Goodwill": -7836000.0,
        "Net Income From Continuing Operation Net Minority Interest": 7006000.0,
        "Reconciled Depreciation": 55338000.0,
        "Reconciled Cost Of Revenue": 243762000.0,
        "EBITDA": 81458000.0,
        "EBIT": 26120000.0,
        "Net Interest Income": -12697000.0,
        "Interest Expense": 15322000.0,
        "Interest Income": 2625000.0,
        "Normalized Income": 12090183.737729,
        "Net Income From Continuing And Discontinued Operation": 7006000.0,
        "Total Expenses": 346300000.0,
        "Total Operating Income As Reported": 23018000.0,
        "Diluted Average Shares": NaN,
        "Basic Average Shares": NaN,
        "Diluted EPS": NaN,
        "Basic EPS": NaN,
        "Diluted NI Availto Com Stockholders": 7006000.0,
        "Net Income Common Stockholders": 7006000.0,
        "Net Income": 7006000.0,
        "Net Income Including Noncontrolling Interests": 7006000.0,
        "Net Income Continuous Operations": 7006000.0,
        "Tax Provision": 3792000.0,
        "Pretax Income": 10798000.0,
        "Other Income Expense": -7359000.0,
        "Other Non Operating Income Expenses": 477000.0,
        "Special Income Charges": -7836000.0,
        "Other Special Charges": NaN,
        "Restructuring And Mergern Acquisition": 7836000.0,
        "Net Non Operating Interest Income Expense": -12697000.0,
        "Total Other Finance Cost": NaN,
        "Interest Expense Non Operating": 15322000.0,
        "Interest Income Non Operating": 2625000.0,
        "Operating Income": 30863000.0,
        "Operating Expense": 102500000.0,
        "Other Operating Expenses": NaN,
        "Provision For Doubtful Accounts": -400000.0,
        "Depreciation Amortization Depletion Income Statement": 55300000.0,
        "Depreciation And Amortization In Income Statement": 55300000.0,
        "Amortization": 23400000.0,
        "Amortization Of Intangibles Income Statement": 23400000.0,
        "Depreciation Income Statement": 31900000.0,
        "Selling General And Administration": 47600000.0,
        "General And Administrative Expense": 47600000.0,
        "Other Gand A": 17800000.0,
        "Salaries And Wages": 29800000.0,
        "Gross Profit": 133363000.0,
        "Cost Of Revenue": 243800000.0,
        "Total Revenue": 377163000.0,
        "Operating Revenue": 377163000.0
    }
}