{
    "2023-06-30": {
        "Tax Effect Of Unusual Items": 214220.657695,
        "Tax Rate For Calcs": 0.158096,
        "Normalized EBITDA": 52873000.0,
        "Total Unusual Items": 1355000.0,
        "Total Unusual Items Excluding Goodwill": 1355000.0,
        "Net Income From Continuing Operation Net Minority Interest": 9556000.0,
        "Reconciled Depreciation": 30311000.0,
        "Reconciled Cost Of Revenue": 77535000.0,
        "EBITDA": 54228000.0,
        "EBIT": 23917000.0,
        "Net Interest Income": -12696000.0,
        "Interest Expense": 12696000.0,
        "Normalized Income": 8415220.657695,
        "Net Income From Continuing And Discontinued Operation": 9556000.0,
        "Total Expenses": 174691000.0,
        "Total Operating Income As Reported": 15949000.0,
        "Diluted NI Availto Com Stockholders": 9556000.0,
        "Net Income Common Stockholders": 9556000.0,
        "Net Income": 9556000.0,
        "Minority Interests": 109000.0,
        "Net Income Including Noncontrolling Interests": 9447000.0,
        "Net Income Continuous Operations": 9447000.0,
        "Tax Provision": 1774000.0,
        "Pretax Income": 11221000.0,
        "Other Income Expense": 4564000.0,
        "Other Non Operating Income Expenses": 3209000.0,
        "Special Income Charges": 1355000.0,
        "Other Special Charges": -1355000.0,
        "Net Non Operating Interest Income Expense": -12696000.0,
        "Interest Expense Non Operating": 12696000.0,
        "Operating Income": 19353000.0,
        "Operating Expense": 96669000.0,
        "Other Operating Expenses": 22748000.0,
        "Other Taxes": 9122000.0,
        "Depreciation Amortization Depletion Income Statement": 29824000.0,
        "Depreciation And Amortization In Income Statement": 29824000.0,
        "Selling General And Administration": 34975000.0,
        "General And Administrative Expense": 34975000.0,
        "Other Gand A": 34975000.0,
        "Gross Profit": 116022000.0,
        "Cost Of Revenue": 78022000.0,
        "Total Revenue": 194044000.0,
        "Operating Revenue": 194044000.0
    },
    "2023-03-31": {
        "Tax Effect Of Unusual Items": 204984.0,
        "Tax Rate For Calcs": 0.146,
        "Normalized EBITDA": 14834000.0,
        "Total Unusual Items": 1404000.0,
        "Total Unusual Items Excluding Goodwill": 1404000.0,
        "Net Income From Continuing Operation Net Minority Interest": -22211000.0,
        "Reconciled Depreciation": 30433000.0,
        "Reconciled Cost Of Revenue": 62468000.0,
        "EBITDA": 16238000.0,
        "EBIT": -14195000.0,
        "Net Interest Income": -11989000.0,
        "Interest Expense": 11989000.0,
        "Normalized Income": -23410016.0,
        "Net Income From Continuing And Discontinued Operation": -22211000.0,
        "Total Expenses": 151033000.0,
        "Total Operating Income As Reported": -17524000.0,
        "Diluted NI Availto Com Stockholders": -22211000.0,
        "Net Income Common Stockholders": -22211000.0,
        "Net Income": -22211000.0,
        "Minority Interests": 123000.0,
        "Net Income Including Noncontrolling Interests": -22334000.0,
        "Net Income Continuous Operations": -22334000.0,
        "Tax Provision": -3850000.0,
        "Pretax Income": -26184000.0,
        "Other Income Expense": 5738000.0,
        "Other Non Operating Income Expenses": 4334000.0,
        "Special Income Charges": 1404000.0,
        "Other Special Charges": -1404000.0,
        "Net Non Operating Interest Income Expense": -11989000.0,
        "Interest Expense Non Operating": 11989000.0,
        "Operating Income": -19933000.0,
        "Operating Expense": 88047000.0,
        "Other Operating Expenses": 13369000.0,
        "Other Taxes": 8777000.0,
        "Depreciation Amortization Depletion Income Statement": 29915000.0,
        "Depreciation And Amortization In Income Statement": 29915000.0,
        "Selling General And Administration": 35986000.0,
        "General And Administrative Expense": 35986000.0,
        "Other Gand A": 35986000.0,
        "Gross Profit": 68114000.0,
        "Cost Of Revenue": 62986000.0,
        "Total Revenue": 131100000.0,
        "Operating Revenue": 131100000.0
    },
    "2022-12-31": {
        "Tax Effect Of Unusual Items": 232260.0,
        "Tax Rate For Calcs": 0.21,
        "Normalized EBITDA": 57573000.0,
        "Total Unusual Items": 1106000.0,
        "Total Unusual Items Excluding Goodwill": 1106000.0,
        "Net Income From Continuing Operation Net Minority Interest": 19569000.0,
        "Reconciled Depreciation": 28876000.0,
        "Reconciled Cost Of Revenue": 83666000.0,
        "EBITDA": 58679000.0,
        "EBIT": 29803000.0,
        "Net Interest Income": -10917000.0,
        "Interest Expense": 11094000.0,
        "Normalized Income": 18695260.0,
        "Net Income From Continuing And Discontinued Operation": 19569000.0,
        "Total Expenses": 185783000.0,
        "Total Operating Income As Reported": 26287000.0,
        "Diluted NI Availto Com Stockholders": 19569000.0,
        "Net Income Common Stockholders": 19569000.0,
        "Net Income": 19569000.0,
        "Minority Interests": 98000.0,
        "Net Income Including Noncontrolling Interests": 19471000.0,
        "Net Income Continuous Operations": 19471000.0,
        "Tax Provision": -762000.0,
        "Pretax Income": 18709000.0,
        "Other Income Expense": 14472000.0,
        "Other Non Operating Income Expenses": 13366000.0,
        "Special Income Charges": 1106000.0,
        "Other Special Charges": -1106000.0,
        "Net Non Operating Interest Income Expense": -10917000.0,
        "Interest Expense Non Operating": 11094000.0,
        "Operating Income": 15154000.0,
        "Operating Expense": 101429000.0,
        "Other Operating Expenses": 30690000.0,
        "Other Taxes": 9212000.0,
        "Depreciation Amortization Depletion Income Statement": 28188000.0,
        "Depreciation And Amortization In Income Statement": 28188000.0,
        "Selling General And Administration": 33339000.0,
        "General And Administrative Expense": 33339000.0,
        "Other Gand A": 33293000.0,
        "Gross Profit": 116583000.0,
        "Cost Of Revenue": 84354000.0,
        "Total Revenue": 200937000.0,
        "Operating Revenue": 200937000.0
    },
    "2022-09-30": {
        "Tax Effect Of Unusual Items": 101217.130123,
        "Tax Rate For Calcs": 0.100814,
        "Normalized EBITDA": 101797000.0,
        "Total Unusual Items": 1004000.0,
        "Total Unusual Items Excluding Goodwill": 1004000.0,
        "Net Income From Continuing Operation Net Minority Interest": 55872000.0,
        "Reconciled Depreciation": 29556000.0,
        "Reconciled Cost Of Revenue": 96471000.0,
        "EBITDA": 102801000.0,
        "EBIT": 73245000.0,
        "Net Interest Income": -11319000.0,
        "Interest Expense": 11319000.0,
        "Normalized Income": 54969217.130123,
        "Net Income From Continuing And Discontinued Operation": 55872000.0,
        "Total Expenses": 192287000.0,
        "Total Operating Income As Reported": 64946000.0,
        "Diluted Average Shares": 54042000.0,
        "Basic Average Shares": 54007000.0,
        "Diluted EPS": 1.03,
        "Basic EPS": 1.03,
        "Diluted NI Availto Com Stockholders": 55872000.0,
        "Net Income Common Stockholders": 55872000.0,
        "Net Income": 55872000.0,
        "Minority Interests": 189000.0,
        "Net Income Including Noncontrolling Interests": 55683000.0,
        "Net Income Continuous Operations": 55683000.0,
        "Tax Provision": 6243000.0,
        "Pretax Income": 61926000.0,
        "Other Income Expense": -775000.0,
        "Other Non Operating Income Expenses": -1779000.0,
        "Special Income Charges": 1004000.0,
        "Other Special Charges": -1004000.0,
        "Net Non Operating Interest Income Expense": -11319000.0,
        "Interest Expense Non Operating": 11319000.0,
        "Operating Income": 74020000.0,
        "Operating Expense": 95104000.0,
        "Other Operating Expenses": 23492000.0,
        "Other Taxes": 9440000.0,
        "Depreciation Amortization Depletion Income Statement": 28844000.0,
        "Depreciation And Amortization In Income Statement": 28844000.0,
        "Selling General And Administration": 33328000.0,
        "General And Administrative Expense": 33328000.0,
        "Other Gand A": 33328000.0,
        "Gross Profit": 169124000.0,
        "Cost Of Revenue": 97183000.0,
        "Total Revenue": 266307000.0,
        "Operating Revenue": 266307000.0
    },
    "2022-06-30": {
        "Tax Effect Of Unusual Items": 119830.0,
        "Tax Rate For Calcs": 0.115,
        "Normalized EBITDA": 60419000.0,
        "Total Unusual Items": 1042000.0,
        "Total Unusual Items Excluding Goodwill": 1042000.0,
        "Net Income From Continuing Operation Net Minority Interest": 19484000.0,
        "Reconciled Depreciation": 29450000.0,
        "Reconciled Cost Of Revenue": 77845000.0,
        "EBITDA": 61461000.0,
        "EBIT": 32011000.0,
        "Net Interest Income": -10997000.0,
        "Interest Expense": 10997000.0,
        "Normalized Income": 18561830.0,
        "Net Income From Continuing And Discontinued Operation": 19484000.0,
        "Total Expenses": 174218000.0,
        "Total Operating Income As Reported": 27289000.0,
        "Diluted Average Shares": 54042000.0,
        "Basic Average Shares": 54007000.0,
        "Diluted EPS": 0.36,
        "Basic EPS": 0.36,
        "Diluted NI Availto Com Stockholders": 19484000.0,
        "Net Income Common Stockholders": 19484000.0,
        "Net Income": 19484000.0,
        "Minority Interests": 269000.0,
        "Net Income Including Noncontrolling Interests": 19215000.0,
        "Net Income Continuous Operations": 19215000.0,
        "Tax Provision": 1799000.0,
        "Pretax Income": 21014000.0,
        "Other Income Expense": 35000.0,
        "Other Non Operating Income Expenses": -1007000.0,
        "Special Income Charges": 1042000.0,
        "Other Special Charges": -1042000.0,
        "Net Non Operating Interest Income Expense": -10997000.0,
        "Interest Expense Non Operating": 10997000.0,
        "Operating Income": 31976000.0,
        "Operating Expense": 95696000.0,
        "Other Operating Expenses": 26184000.0,
        "Other Taxes": 8053000.0,
        "Depreciation Amortization Depletion Income Statement": 28773000.0,
        "Depreciation And Amortization In Income Statement": 28773000.0,
        "Selling General And Administration": 32686000.0,
        "General And Administrative Expense": 32686000.0,
        "Other Gand A": 32686000.0,
        "Gross Profit": 127672000.0,
        "Cost Of Revenue": 78522000.0,
        "Total Revenue": 206194000.0,
        "Operating Revenue": 206194000.0
    },
    "2022-03-31": {
        "Diluted EPS": 0.02,
        "Total Revenue": 173,
        "Gross Profit": 111,
        "Operating Income": 9,
        "EBIT": 39,
        "Net Income": 1
    },
    "2021-12-31": {
        "Diluted EPS": 0.07,
        "Total Revenue": 173,
        "Gross Profit": 111,
        "Operating Income": 10,
        "EBIT": 39,
        "Net Income": 4
    },
    "2021-09-30": {
        "Diluted EPS": 1.2,
        "Total Revenue": 257,
        "Gross Profit": 172,
        "Operating Income": 71,
        "EBIT": 99,
        "Net Income": 62
    },
    "2021-06-30": {
        "Diluted EPS": 0.75,
        "Total Revenue": 213,
        "Gross Profit": 138,
        "Operating Income": 42,
        "EBIT": 70,
        "Net Income": 38
    },
    "2021-03-31": {
        "Diluted EPS": -0.06,
        "Total Revenue": 148,
        "Gross Profit": 93,
        "Operating Income": 3,
        "EBIT": 31,
        "Net Income": -3
    },
    "2020-12-31": {
        "Diluted EPS": 0.34,
        "Total Revenue": 189,
        "Gross Profit": 123,
        "Operating Income": 25,
        "EBIT": 51,
        "Net Income": 15
    },
    "2020-09-30": {
        "Diluted EPS": 1.94,
        "Total Revenue": 304,
        "Gross Profit": 219,
        "Operating Income": 106,
        "EBIT": 131,
        "Net Income": 96
    },
    "2020-06-30": {
        "Diluted EPS": 0.11,
        "Total Revenue": 175,
        "Gross Profit": 104,
        "Operating Income": 12,
        "EBIT": 38,
        "Net Income": 5
    },
    "2020-03-31": {
        "Diluted EPS": -0.42,
        "Total Revenue": 126,
        "Gross Profit": 72,
        "Operating Income": -7,
        "EBIT": 18,
        "Net Income": -20
    },
    "2019-12-31": {
        "Diluted EPS": 0.24,
        "Total Revenue": 177,
        "Gross Profit": 112,
        "Operating Income": 20,
        "EBIT": 44,
        "Net Income": 11
    },
    "2019-09-30": {
        "Diluted EPS": 0.88,
        "Total Revenue": 233,
        "Gross Profit": 152,
        "Operating Income": 52,
        "EBIT": 74,
        "Net Income": 42
    },
    "2019-06-30": {
        "Diluted EPS": 0.35,
        "Total Revenue": 179,
        "Gross Profit": 114,
        "Operating Income": 27,
        "EBIT": 50,
        "Net Income": 17
    },
    "2019-03-31": {
        "Diluted EPS": -0.16,
        "Total Revenue": 126,
        "Gross Profit": 81,
        "Operating Income": 0,
        "EBIT": 23,
        "Net Income": -8
    },
    "2018-12-31": {
        "Diluted EPS": 0.32,
        "Total Revenue": 167,
        "Gross Profit": 106,
        "Operating Income": 27,
        "EBIT": 49,
        "Net Income": 15
    },
    "2018-09-30": {
        "Diluted EPS": 0.75,
        "Total Revenue": 221,
        "Gross Profit": 142,
        "Operating Income": 47,
        "EBIT": 69,
        "Net Income": 36
    },
    "2018-06-30": {
        "Diluted EPS": 0.31,
        "Total Revenue": 175,
        "Gross Profit": 110,
        "Operating Income": 27,
        "EBIT": 48,
        "Net Income": 15
    },
    "2018-03-31": {
        "Diluted EPS": -0.02,
        "Total Revenue": 135,
        "Gross Profit": 87,
        "Operating Income": 10,
        "EBIT": 31,
        "Net Income": -1
    },
    "2017-12-31": {
        "Diluted EPS": 0.41,
        "Total Revenue": 171,
        "Gross Profit": 111,
        "Operating Income": 27,
        "EBIT": 48,
        "Net Income": 19
    },
    "2017-09-30": {
        "Diluted EPS": 0.7,
        "Total Revenue": 212,
        "Gross Profit": 136,
        "Operating Income": 42,
        "EBIT": 62,
        "Net Income": 34
    },
    "2017-06-30": {
        "Diluted EPS": 0.39,
        "Total Revenue": 171,
        "Gross Profit": 107,
        "Operating Income": 27,
        "EBIT": 46,
        "Net Income": 19
    },
    "2017-03-31": {
        "Diluted EPS": 0.02,
        "Total Revenue": 122,
        "Gross Profit": 80,
        "Operating Income": 11,
        "EBIT": 30,
        "Net Income": 1
    },
    "2016-12-31": {
        "Diluted EPS": 0.31,
        "Total Revenue": 151,
        "Gross Profit": 100,
        "Operating Income": 28,
        "EBIT": 45,
        "Net Income": 15
    },
    "2016-09-30": {
        "Diluted EPS": 0.48,
        "Total Revenue": 184,
        "Gross Profit": 114,
        "Operating Income": 30,
        "EBIT": 46,
        "Net Income": 23
    },
    "2016-06-30": {
        "Diluted EPS": 0.24,
        "Total Revenue": 152,
        "Gross Profit": 95,
        "Operating Income": 19,
        "EBIT": 35,
        "Net Income": 12
    },
    "2016-03-31": {
        "Diluted EPS": -0.02,
        "Total Revenue": 122,
        "Gross Profit": 81,
        "Operating Income": 6,
        "EBIT": 23,
        "Net Income": -1
    },
    "2015-12-31": {
        "Diluted EPS": 0.18,
        "Total Revenue": 138,
        "Gross Profit": 89,
        "Operating Income": 15,
        "EBIT": 32,
        "Net Income": 8
    },
    "2015-09-30": {
        "Diluted EPS": 0.52,
        "Total Revenue": 184,
        "Gross Profit": 123,
        "Operating Income": 32,
        "EBIT": 48,
        "Net Income": 25
    },
    "2015-06-30": {
        "Diluted EPS": 0.21,
        "Total Revenue": 144,
        "Gross Profit": 91,
        "Operating Income": 16,
        "EBIT": 32,
        "Net Income": 10
    },
    "2015-03-31": {
        "Diluted EPS": 0.03,
        "Total Revenue": 122,
        "Gross Profit": 77,
        "Operating Income": 7,
        "EBIT": 23,
        "Net Income": 2
    },
    "2014-12-31": {
        "Diluted EPS": 0.24,
        "Total Revenue": 137,
        "Gross Profit": 88,
        "Operating Income": 17,
        "EBIT": 32,
        "Net Income": 11
    },
    "2014-09-30": {
        "Diluted EPS": 0.7,
        "Total Revenue": 191,
        "Gross Profit": 124,
        "Operating Income": 41,
        "EBIT": 56,
        "Net Income": 34
    },
    "2014-06-30": {
        "Diluted EPS": 0.36,
        "Total Revenue": 158,
        "Gross Profit": 97,
        "Operating Income": 23,
        "EBIT": 40,
        "Net Income": 17
    },
    "2014-03-31": {
        "Diluted EPS": -0.11,
        "Total Revenue": 111,
        "Gross Profit": 65,
        "Operating Income": 1,
        "EBIT": 18,
        "Net Income": -5
    },
    "2013-12-31": {
        "Diluted EPS": 0.16,
        "Total Revenue": 134,
        "Gross Profit": 80,
        "Operating Income": 12,
        "EBIT": 28,
        "Net Income": 6
    },
    "2013-09-30": {
        "Diluted EPS": 0.61,
        "Total Revenue": 184,
        "Gross Profit": 114,
        "Operating Income": 36,
        "EBIT": 51,
        "Net Income": 29
    },
    "2013-06-30": {
        "Diluted EPS": 0.28,
        "Total Revenue": 155,
        "Gross Profit": 95,
        "Operating Income": 21,
        "EBIT": 36,
        "Net Income": 14
    },
    "2013-03-31": {
        "Diluted EPS": -0.03,
        "Total Revenue": 111,
        "Gross Profit": 70,
        "Operating Income": 6,
        "EBIT": 21,
        "Net Income": -1
    },
    "2012-12-31": {
        "Diluted EPS": 0.12,
        "Total Revenue": 122,
        "Gross Profit": 77,
        "Operating Income": 31,
        "EBIT": 46,
        "Net Income": 5
    },
    "2012-09-30": {
        "Diluted EPS": 0.71,
        "Total Revenue": 178,
        "Gross Profit": 112,
        "Operating Income": 36,
        "EBIT": 51,
        "Net Income": 30
    },
    "2012-06-30": {
        "Diluted EPS": 0.31,
        "Total Revenue": 144,
        "Gross Profit": 91,
        "Operating Income": 20,
        "EBIT": 34,
        "Net Income": 13
    },
    "2012-03-31": {
        "Diluted EPS": 0.03,
        "Total Revenue": 117,
        "Gross Profit": 78,
        "Operating Income": 7,
        "EBIT": 21,
        "Net Income": 1
    },
    "2011-12-31": {
        "Diluted EPS": 0.04,
        "Total Revenue": 103,
        "Gross Profit": 60,
        "Operating Income": 31,
        "EBIT": 45,
        "Net Income": 2
    },
    "2011-09-30": {
        "Diluted EPS": 0.5,
        "Total Revenue": 169,
        "Gross Profit": 108,
        "Operating Income": 30,
        "EBIT": 43,
        "Net Income": 21
    },
    "2011-06-30": {
        "Diluted EPS": 0.29,
        "Total Revenue": 131,
        "Gross Profit": 87,
        "Operating Income": 20,
        "EBIT": 32,
        "Net Income": 12
    },
    "2011-03-31": {
        "Diluted EPS": 0.07,
        "Total Revenue": 98,
        "Gross Profit": 66,
        "Operating Income": 10,
        "EBIT": 23,
        "Net Income": 3
    },
    "2010-12-31": {
        "Diluted EPS": 0.11,
        "Total Revenue": 105,
        "Gross Profit": 68,
        "Operating Income": 14,
        "EBIT": 25,
        "Net Income": 5
    },
    "2010-09-30": {
        "Diluted EPS": 0.49,
        "Total Revenue": 146,
        "Gross Profit": 92,
        "Operating Income": 39,
        "EBIT": 50,
        "Net Income": 20
    },
    "2010-06-30": {
        "Diluted EPS": 0.25,
        "Total Revenue": 118,
        "Gross Profit": 76,
        "Operating Income": 23,
        "EBIT": 35,
        "Net Income": 10
    },
    "2010-03-31": {
        "Diluted EPS": 0.05,
        "Total Revenue": 90,
        "Gross Profit": 60,
        "Operating Income": 9,
        "EBIT": 21,
        "Net Income": 2
    },
    "2009-12-31": {
        "Diluted EPS": 0.16,
        "Total Revenue": 107,
        "Gross Profit": 67,
        "Operating Income": 15,
        "EBIT": 26,
        "Net Income": 6
    },
    "2009-09-30": {
        "Diluted EPS": 0.47,
        "Total Revenue": 139,
        "Gross Profit": 90,
        "Operating Income": 38,
        "EBIT": 48,
        "Net Income": 20
    },
    "2009-06-30": {
        "Diluted EPS": 0.29,
        "Total Revenue": 117,
        "Gross Profit": 75,
        "Operating Income": 23,
        "EBIT": 34,
        "Net Income": 12
    },
    "2009-03-31": {
        "Diluted EPS": 0.06,
        "Total Revenue": 87,
        "Gross Profit": 58,
        "Operating Income": 8,
        "EBIT": 18,
        "Net Income": 2
    },
    "2023-09-30": {
        "Tax Effect Of Unusual Items": 176720.237944,
        "Tax Rate For Calcs": 0.127412,
        "Normalized EBITDA": 81129000.0,
        "Total Unusual Items": 1387000.0,
        "Total Unusual Items Excluding Goodwill": 1387000.0,
        "Net Income From Continuing Operation Net Minority Interest": 34438000.0,
        "Reconciled Depreciation": 30387000.0,
        "Reconciled Cost Of Revenue": 100787000.0,
        "EBITDA": 82516000.0,
        "EBIT": 52129000.0,
        "Net Interest Income": -12792000.0,
        "Interest Expense": 12792000.0,
        "Normalized Income": 33227720.237944,
        "Net Income From Continuing And Discontinued Operation": 34438000.0,
        "Total Expenses": 204635000.0,
        "Total Operating Income As Reported": 43474000.0,
        "Diluted NI Availto Com Stockholders": 34438000.0,
        "Net Income Common Stockholders": 34438000.0,
        "Net Income": 34438000.0,
        "Minority Interests": 113000.0,
        "Net Income Including Noncontrolling Interests": 34325000.0,
        "Net Income Continuous Operations": 34325000.0,
        "Tax Provision": 5012000.0,
        "Pretax Income": 39337000.0,
        "Other Income Expense": 1788000.0,
        "Other Non Operating Income Expenses": 401000.0,
        "Special Income Charges": 1387000.0,
        "Other Special Charges": -1387000.0,
        "Net Non Operating Interest Income Expense": -12792000.0,
        "Interest Expense Non Operating": 12792000.0,
        "Operating Income": 50341000.0,
        "Operating Expense": 103358000.0,
        "Other Operating Expenses": 29413000.0,
        "Other Taxes": 9832000.0,
        "Depreciation Amortization Depletion Income Statement": 29897000.0,
        "Depreciation And Amortization In Income Statement": 29897000.0,
        "Selling General And Administration": 34216000.0,
        "General And Administrative Expense": 34216000.0,
        "Other Gand A": 34216000.0,
        "Gross Profit": 153699000.0,
        "Cost Of Revenue": 101277000.0,
        "Total Revenue": 254976000.0,
        "Operating Revenue": 254976000.0
    }
}