{
    "2023-04-30": {
        "Tax Effect Of Unusual Items": 0.0,
        "Tax Rate For Calcs": 0.21,
        "Normalized EBITDA": 326000.0,
        "Net Income From Continuing Operation Net Minority Interest": 2808000.0,
        "Reconciled Depreciation": 3519000.0,
        "Reconciled Cost Of Revenue": 41937000.0,
        "EBITDA": 326000.0,
        "EBIT": -3193000.0,
        "Normalized Income": 2808000.0,
        "Net Income From Continuing And Discontinued Operation": 2808000.0,
        "Total Expenses": 176556000.0,
        "Total Operating Income As Reported": -3193000.0,
        "Diluted Average Shares": 281344000.0,
        "Basic Average Shares": 265584000.0,
        "Diluted EPS": 0.01,
        "Basic EPS": 0.01,
        "Diluted NI Availto Com Stockholders": 2808000.0,
        "Net Income Common Stockholders": 2808000.0,
        "Net Income": 2808000.0,
        "Net Income Including Noncontrolling Interests": 2808000.0,
        "Net Income Continuous Operations": 2808000.0,
        "Tax Provision": -1242000.0,
        "Pretax Income": 1566000.0,
        "Other Income Expense": 4759000.0,
        "Other Non Operating Income Expenses": 4759000.0,
        "Operating Income": -3193000.0,
        "Operating Expense": 134619000.0,
        "Research And Development": 20761000.0,
        "Selling General And Administration": 113858000.0,
        "Selling And Marketing Expense": 89202000.0,
        "General And Administrative Expense": 24656000.0,
        "Other Gand A": 24656000.0,
        "Salaries And Wages": NaN,
        "Gross Profit": 131426000.0,
        "Cost Of Revenue": 41937000.0,
        "Total Revenue": 173363000.0,
        "Operating Revenue": 173363000.0
    },
    "2023-01-31": {
        "Tax Effect Of Unusual Items": 0.0,
        "Tax Rate For Calcs": 0.21,
        "Normalized EBITDA": 1506000.0,
        "Net Income From Continuing Operation Net Minority Interest": -667000.0,
        "Reconciled Depreciation": 3324000.0,
        "Reconciled Cost Of Revenue": 39325000.0,
        "EBITDA": 1506000.0,
        "EBIT": -1818000.0,
        "Normalized Income": -667000.0,
        "Net Income From Continuing And Discontinued Operation": -667000.0,
        "Total Expenses": 167149000.0,
        "Total Operating Income As Reported": -1818000.0,
        "Diluted Average Shares": 262087000.0,
        "Basic Average Shares": 262087000.0,
        "Diluted EPS": -0.002541,
        "Basic EPS": -0.002541,
        "Diluted NI Availto Com Stockholders": -667000.0,
        "Net Income Common Stockholders": -667000.0,
        "Net Income": -667000.0,
        "Net Income Including Noncontrolling Interests": -667000.0,
        "Net Income Continuous Operations": -667000.0,
        "Tax Provision": 1301000.0,
        "Pretax Income": 634000.0,
        "Other Income Expense": 2452000.0,
        "Other Non Operating Income Expenses": 2452000.0,
        "Operating Income": -1818000.0,
        "Operating Expense": 127824000.0,
        "Research And Development": 20127000.0,
        "Selling General And Administration": 107697000.0,
        "Selling And Marketing Expense": 83301000.0,
        "General And Administrative Expense": 24396000.0,
        "Other Gand A": 24396000.0,
        "Salaries And Wages": NaN,
        "Gross Profit": 126006000.0,
        "Cost Of Revenue": 39325000.0,
        "Total Revenue": 165331000.0,
        "Operating Revenue": 165331000.0
    },
    "2022-10-31": {
        "Tax Effect Of Unusual Items": 0.0,
        "Tax Rate For Calcs": 0.21,
        "Normalized EBITDA": -1378000.0,
        "Net Income From Continuing Operation Net Minority Interest": -5860000.0,
        "Reconciled Depreciation": 3225000.0,
        "Reconciled Cost Of Revenue": 40520000.0,
        "EBITDA": -1378000.0,
        "EBIT": -4603000.0,
        "Normalized Income": -5860000.0,
        "Net Income From Continuing And Discontinued Operation": -5860000.0,
        "Total Expenses": 161854000.0,
        "Total Operating Income As Reported": -4603000.0,
        "Diluted Average Shares": 260285000.0,
        "Basic Average Shares": 260285000.0,
        "Diluted EPS": -0.02,
        "Basic EPS": -0.02,
        "Diluted NI Availto Com Stockholders": -5860000.0,
        "Net Income Common Stockholders": -5860000.0,
        "Net Income": -5860000.0,
        "Net Income Including Noncontrolling Interests": -5860000.0,
        "Net Income Continuous Operations": -5860000.0,
        "Tax Provision": 2350000.0,
        "Pretax Income": -3510000.0,
        "Other Income Expense": 1093000.0,
        "Other Non Operating Income Expenses": 1093000.0,
        "Operating Income": -4603000.0,
        "Operating Expense": 121334000.0,
        "Research And Development": 19208000.0,
        "Selling General And Administration": 102126000.0,
        "Selling And Marketing Expense": 79538000.0,
        "General And Administrative Expense": 22588000.0,
        "Other Gand A": 22588000.0,
        "Salaries And Wages": NaN,
        "Gross Profit": 116731000.0,
        "Cost Of Revenue": 40520000.0,
        "Total Revenue": 157251000.0,
        "Operating Revenue": 157251000.0
    },
    "2022-07-31": {
        "Tax Effect Of Unusual Items": 0.0,
        "Tax Rate For Calcs": 0.4,
        "Normalized EBITDA": -21675000.0,
        "Total Unusual Items": NaN,
        "Total Unusual Items Excluding Goodwill": NaN,
        "Net Income From Continuing Operation Net Minority Interest": -23927000.0,
        "Reconciled Depreciation": 3004000.0,
        "Reconciled Cost Of Revenue": 42159000.0,
        "EBITDA": -21675000.0,
        "EBIT": -21675000.0,
        "Normalized Income": -23927000.0,
        "Net Income From Continuing And Discontinued Operation": -23927000.0,
        "Total Expenses": 172305000.0,
        "Total Operating Income As Reported": -21675000.0,
        "Diluted Average Shares": 258785000.0,
        "Basic Average Shares": 258785000.0,
        "Diluted EPS": -0.09,
        "Basic EPS": -0.09,
        "Diluted NI Availto Com Stockholders": -23927000.0,
        "Net Income Common Stockholders": -23927000.0,
        "Net Income": -23927000.0,
        "Net Income Including Noncontrolling Interests": -23927000.0,
        "Net Income Continuous Operations": -23927000.0,
        "Tax Provision": 2168000.0,
        "Pretax Income": -21759000.0,
        "Other Income Expense": -84000.0,
        "Other Non Operating Income Expenses": -84000.0,
        "Special Income Charges": NaN,
        "Operating Income": -21675000.0,
        "Operating Expense": 130146000.0,
        "Research And Development": 19989000.0,
        "Selling General And Administration": 110157000.0,
        "Selling And Marketing Expense": 86942000.0,
        "General And Administrative Expense": 23215000.0,
        "Other Gand A": 23215000.0,
        "Salaries And Wages": NaN,
        "Gross Profit": 108471000.0,
        "Cost Of Revenue": 42159000.0,
        "Total Revenue": 150630000.0,
        "Operating Revenue": 150630000.0
    },
    "2022-04-30": {
        "Diluted EPS": -0.1,
        "Total Revenue": 145,
        "Gross Profit": 103,
        "Operating Income": -23,
        "EBIT": -21,
        "Net Income": -25
    },
    "2022-01-31": {
        "Diluted EPS": -0.12,
        "Total Revenue": 136,
        "Gross Profit": 96,
        "Operating Income": -36,
        "EBIT": -33,
        "Net Income": -37
    },
    "2021-10-31": {
        "Diluted EPS": -0.11,
        "Total Revenue": 127,
        "Gross Profit": 88,
        "Operating Income": -25,
        "EBIT": -23,
        "Net Income": -28
    },
    "2021-07-31": {
        "Diluted EPS": -0.19,
        "Total Revenue": 119,
        "Gross Profit": 81,
        "Operating Income": -28,
        "EBIT": -27,
        "Net Income": -32
    },
    "2021-04-30": {
        "Diluted EPS": -0.15,
        "Total Revenue": 111,
        "Gross Profit": 79,
        "Operating Income": -10,
        "EBIT": -9,
        "Net Income": -14
    },
    "2021-01-31": {
        "Diluted EPS": -0.09,
        "Total Revenue": 104,
        "Gross Profit": 71,
        "Operating Income": -7,
        "EBIT": -6,
        "Net Income": -11
    },
    "2020-10-31": {
        "Diluted EPS": -0.21,
        "Total Revenue": 96,
        "Gross Profit": 66,
        "Operating Income": -15,
        "EBIT": -14,
        "Net Income": -19
    },
    "2020-07-31": {
        "Diluted EPS": 0.01,
        "Total Revenue": 93,
        "Gross Profit": 66,
        "Operating Income": 5,
        "EBIT": 6,
        "Net Income": 3
    },
    "2020-04-30": {
        "Diluted EPS": -0.13,
        "Total Revenue": 93,
        "Gross Profit": 62,
        "Operating Income": -8,
        "EBIT": -6,
        "Net Income": -11
    },
    "2020-01-31": {
        "Diluted EPS": 0.0,
        "Total Revenue": NaN,
        "Gross Profit": NaN,
        "Operating Income": NaN,
        "EBIT": NaN,
        "Net Income": NaN
    },
    "2023-07-31": {
        "Tax Effect Of Unusual Items": 0.0,
        "Tax Rate For Calcs": 0.176096,
        "Normalized EBITDA": 9299000.0,
        "Net Income From Continuing Operation Net Minority Interest": 10485000.0,
        "Reconciled Depreciation": 3810000.0,
        "Reconciled Cost Of Revenue": 43467000.0,
        "EBITDA": 9299000.0,
        "EBIT": 5489000.0,
        "Normalized Income": 10485000.0,
        "Net Income From Continuing And Discontinued Operation": 10485000.0,
        "Total Expenses": 172976000.0,
        "Total Operating Income As Reported": 5489000.0,
        "Diluted Average Shares": 283853000.0,
        "Basic Average Shares": 268900000.0,
        "Diluted EPS": 0.04,
        "Basic EPS": 0.04,
        "Diluted NI Availto Com Stockholders": 10485000.0,
        "Net Income Common Stockholders": 10485000.0,
        "Net Income": 10485000.0,
        "Net Income Including Noncontrolling Interests": 10485000.0,
        "Net Income Continuous Operations": 10485000.0,
        "Tax Provision": 2241000.0,
        "Pretax Income": 12726000.0,
        "Other Income Expense": 7237000.0,
        "Other Non Operating Income Expenses": 7237000.0,
        "Operating Income": 5489000.0,
        "Operating Expense": 129509000.0,
        "Research And Development": 24323000.0,
        "Selling General And Administration": 105186000.0,
        "Selling And Marketing Expense": 80118000.0,
        "General And Administrative Expense": 25068000.0,
        "Other Gand A": 25068000.0,
        "Salaries And Wages": 10273000.0,
        "Gross Profit": 134998000.0,
        "Cost Of Revenue": 43467000.0,
        "Total Revenue": 178465000.0,
        "Operating Revenue": 178465000.0
    },
    "2023-10-31": {
        "Tax Effect Of Unusual Items": 0.0,
        "Tax Rate For Calcs": 0.130655,
        "Normalized EBITDA": 17143000.0,
        "Net Income From Continuing Operation Net Minority Interest": 16967000.0,
        "Reconciled Depreciation": 3954000.0,
        "Reconciled Cost Of Revenue": 46448000.0,
        "EBITDA": 17143000.0,
        "EBIT": 13189000.0,
        "Normalized Income": 16967000.0,
        "Net Income From Continuing And Discontinued Operation": 16967000.0,
        "Total Expenses": 173136000.0,
        "Total Operating Income As Reported": 13189000.0,
        "Diluted Average Shares": 288121000.0,
        "Basic Average Shares": 271202000.0,
        "Diluted EPS": 0.06,
        "Basic EPS": 0.06,
        "Diluted NI Availto Com Stockholders": 16967000.0,
        "Net Income Common Stockholders": 16967000.0,
        "Net Income": 16967000.0,
        "Net Income Including Noncontrolling Interests": 16967000.0,
        "Net Income Continuous Operations": 16967000.0,
        "Tax Provision": 2550000.0,
        "Pretax Income": 19517000.0,
        "Other Income Expense": 6328000.0,
        "Other Non Operating Income Expenses": 6328000.0,
        "Operating Income": 13189000.0,
        "Operating Expense": 126688000.0,
        "Research And Development": 23146000.0,
        "Selling General And Administration": 103542000.0,
        "Selling And Marketing Expense": 75446000.0,
        "General And Administrative Expense": 28096000.0,
        "Other Gand A": 28096000.0,
        "Salaries And Wages": NaN,
        "Gross Profit": 139877000.0,
        "Cost Of Revenue": 46448000.0,
        "Total Revenue": 186325000.0,
        "Operating Revenue": 186325000.0
    },
    "2024-01-31": {
        "Tax Effect Of Unusual Items": 0.0,
        "Tax Rate For Calcs": 0.208513,
        "Normalized EBITDA": 22643000.0,
        "Net Income From Continuing Operation Net Minority Interest": 21143000.0,
        "Reconciled Depreciation": 4183000.0,
        "Reconciled Cost Of Revenue": 47549000.0,
        "EBITDA": 22643000.0,
        "EBIT": 18460000.0,
        "Normalized Income": 21143000.0,
        "Net Income From Continuing And Discontinued Operation": 21143000.0,
        "Total Expenses": 175747000.0,
        "Total Operating Income As Reported": 18460000.0,
        "Diluted Average Shares": 288517000.0,
        "Basic Average Shares": 274062000.0,
        "Diluted EPS": 0.07,
        "Basic EPS": 0.08,
        "Diluted NI Availto Com Stockholders": 21143000.0,
        "Net Income Common Stockholders": 21143000.0,
        "Net Income": 21143000.0,
        "Net Income Including Noncontrolling Interests": 21143000.0,
        "Net Income Continuous Operations": 21143000.0,
        "Tax Provision": 5570000.0,
        "Pretax Income": 26713000.0,
        "Other Income Expense": 8253000.0,
        "Other Non Operating Income Expenses": 8253000.0,
        "Operating Income": 18460000.0,
        "Operating Expense": 128198000.0,
        "Research And Development": 23062000.0,
        "Selling General And Administration": 105136000.0,
        "Selling And Marketing Expense": 77083000.0,
        "General And Administrative Expense": 28053000.0,
        "Other Gand A": 28053000.0,
        "Salaries And Wages": NaN,
        "Gross Profit": 146658000.0,
        "Cost Of Revenue": 47549000.0,
        "Total Revenue": 194207000.0,
        "Operating Revenue": 194207000.0
    }
}