{
    "2023-03-31": {
        "Tax Effect Of Unusual Items": 0.0,
        "Tax Rate For Calcs": 0.0,
        "Normalized EBITDA": -12815000.0,
        "Total Unusual Items": -607000.0,
        "Total Unusual Items Excluding Goodwill": -607000.0,
        "Net Income From Continuing Operation Net Minority Interest": -12486000.0,
        "Reconciled Depreciation": 150000.0,
        "EBIT": -13422000.0,
        "Net Interest Income": 1543000.0,
        "Interest Income": 1543000.0,
        "Normalized Income": -11879000.0,
        "Net Income From Continuing And Discontinued Operation": -12486000.0,
        "Total Expenses": 13422000.0,
        "Total Operating Income As Reported": -13422000.0,
        "Diluted Average Shares": 35587806.0,
        "Basic Average Shares": 35587806.0,
        "Diluted EPS": -0.35,
        "Basic EPS": -0.35,
        "Diluted NI Availto Com Stockholders": -12486000.0,
        "Net Income Common Stockholders": -12486000.0,
        "Net Income": -12486000.0,
        "Net Income Including Noncontrolling Interests": -12486000.0,
        "Net Income Continuous Operations": -12486000.0,
        "Pretax Income": -12486000.0,
        "Other Income Expense": -607000.0,
        "Other Non Operating Income Expenses": NaN,
        "Special Income Charges": -607000.0,
        "Gain On Sale Of Ppe": -925000.0,
        "Other Special Charges": -318000.0,
        "Net Non Operating Interest Income Expense": 1543000.0,
        "Interest Income Non Operating": 1543000.0,
        "Operating Income": -13422000.0,
        "Operating Expense": 13422000.0,
        "Research And Development": 9312000.0,
        "Selling General And Administration": 4110000.0,
        "General And Administrative Expense": 4110000.0,
        "Other Gand A": 4110000.0,
        "Total Revenue": 0.0,
        "Operating Revenue": 0.0
    },
    "2022-12-31": {
        "Tax Effect Of Unusual Items": 0.0,
        "Tax Rate For Calcs": 0.0,
        "Normalized EBITDA": -10053000.0,
        "Total Unusual Items": NaN,
        "Total Unusual Items Excluding Goodwill": NaN,
        "Net Income From Continuing Operation Net Minority Interest": -8793000.0,
        "Reconciled Depreciation": 170000.0,
        "EBIT": -10053000.0,
        "Net Interest Income": NaN,
        "Interest Income": NaN,
        "Normalized Income": -8793000.0,
        "Net Income From Continuing And Discontinued Operation": -8793000.0,
        "Total Expenses": 10053000.0,
        "Total Operating Income As Reported": -10053000.0,
        "Diluted Average Shares": 35375849.0,
        "Basic Average Shares": 35375849.0,
        "Diluted EPS": -0.25,
        "Basic EPS": -0.25,
        "Diluted NI Availto Com Stockholders": -8793000.0,
        "Net Income Common Stockholders": -8793000.0,
        "Net Income": -8793000.0,
        "Net Income Including Noncontrolling Interests": -8793000.0,
        "Net Income Continuous Operations": -8793000.0,
        "Pretax Income": -8793000.0,
        "Other Income Expense": 1260000.0,
        "Other Non Operating Income Expenses": 1260000.0,
        "Special Income Charges": NaN,
        "Gain On Sale Of Ppe": NaN,
        "Other Special Charges": NaN,
        "Net Non Operating Interest Income Expense": NaN,
        "Interest Income Non Operating": NaN,
        "Operating Income": -10053000.0,
        "Operating Expense": 10053000.0,
        "Research And Development": 7470000.0,
        "Selling General And Administration": 2583000.0,
        "General And Administrative Expense": 2583000.0,
        "Other Gand A": 2583000.0,
        "Total Revenue": 0.0,
        "Operating Revenue": 0.0
    },
    "2022-09-30": {
        "Tax Effect Of Unusual Items": 0.0,
        "Tax Rate For Calcs": 0.0,
        "Normalized EBITDA": -11589000.0,
        "Total Unusual Items": NaN,
        "Total Unusual Items Excluding Goodwill": NaN,
        "Net Income From Continuing Operation Net Minority Interest": -11045000.0,
        "Reconciled Depreciation": 170000.0,
        "EBIT": -11759000.0,
        "Net Interest Income": NaN,
        "Interest Income": NaN,
        "Normalized Income": -11045000.0,
        "Net Income From Continuing And Discontinued Operation": -11045000.0,
        "Total Expenses": 11759000.0,
        "Total Operating Income As Reported": -11759000.0,
        "Diluted Average Shares": 35329137.0,
        "Basic Average Shares": 35329137.0,
        "Diluted EPS": -0.31,
        "Basic EPS": -0.31,
        "Diluted NI Availto Com Stockholders": -11045000.0,
        "Net Income Common Stockholders": -11045000.0,
        "Net Income": -11045000.0,
        "Net Income Including Noncontrolling Interests": -11045000.0,
        "Net Income Continuous Operations": -11045000.0,
        "Pretax Income": -11045000.0,
        "Other Income Expense": 714000.0,
        "Other Non Operating Income Expenses": 714000.0,
        "Special Income Charges": NaN,
        "Gain On Sale Of Ppe": NaN,
        "Other Special Charges": NaN,
        "Net Non Operating Interest Income Expense": NaN,
        "Interest Income Non Operating": NaN,
        "Operating Income": -11759000.0,
        "Operating Expense": 11759000.0,
        "Research And Development": 8272000.0,
        "Selling General And Administration": 3487000.0,
        "General And Administrative Expense": 3487000.0,
        "Other Gand A": 3487000.0,
        "Total Revenue": 0.0,
        "Operating Revenue": 0.0
    },
    "2022-06-30": {
        "Tax Effect Of Unusual Items": 0.0,
        "Tax Rate For Calcs": 0.0,
        "Normalized EBITDA": -12058000.0,
        "Total Unusual Items": NaN,
        "Total Unusual Items Excluding Goodwill": NaN,
        "Net Income From Continuing Operation Net Minority Interest": -12121000.0,
        "Reconciled Depreciation": 169000.0,
        "EBIT": -12227000.0,
        "Net Interest Income": NaN,
        "Interest Income": NaN,
        "Normalized Income": -12121000.0,
        "Net Income From Continuing And Discontinued Operation": -12121000.0,
        "Total Expenses": 12227000.0,
        "Total Operating Income As Reported": -12227000.0,
        "Diluted Average Shares": 35279376.0,
        "Basic Average Shares": 35279376.0,
        "Diluted EPS": -0.34,
        "Basic EPS": -0.34,
        "Diluted NI Availto Com Stockholders": -12121000.0,
        "Net Income Common Stockholders": -12121000.0,
        "Net Income": -12121000.0,
        "Net Income Including Noncontrolling Interests": -12121000.0,
        "Net Income Continuous Operations": -12121000.0,
        "Pretax Income": -12121000.0,
        "Other Income Expense": 106000.0,
        "Other Non Operating Income Expenses": 106000.0,
        "Special Income Charges": NaN,
        "Gain On Sale Of Ppe": NaN,
        "Other Special Charges": NaN,
        "Net Non Operating Interest Income Expense": NaN,
        "Interest Income Non Operating": NaN,
        "Operating Income": -12227000.0,
        "Operating Expense": 12227000.0,
        "Research And Development": 8794000.0,
        "Selling General And Administration": 3433000.0,
        "General And Administrative Expense": 3433000.0,
        "Other Gand A": 3433000.0,
        "Total Revenue": 0.0,
        "Operating Revenue": 0.0
    },
    "2022-03-31": {
        "Diluted EPS": -0.4,
        "Total Revenue": NaN,
        "Gross Profit": NaN,
        "Operating Income": -14,
        "EBIT": -14,
        "Net Income": -14
    },
    "2021-12-31": {
        "Diluted EPS": 6.4,
        "Total Revenue": NaN,
        "Gross Profit": NaN,
        "Operating Income": -12,
        "EBIT": -12,
        "Net Income": -12
    },
    "2021-09-30": {
        "Diluted EPS": -0.33,
        "Total Revenue": NaN,
        "Gross Profit": NaN,
        "Operating Income": -12,
        "EBIT": -12,
        "Net Income": -12
    },
    "2021-06-30": {
        "Diluted EPS": -4.83,
        "Total Revenue": NaN,
        "Gross Profit": NaN,
        "Operating Income": -11,
        "EBIT": -11,
        "Net Income": -11
    },
    "2021-03-31": {
        "Diluted EPS": -3.4,
        "Total Revenue": NaN,
        "Gross Profit": NaN,
        "Operating Income": -7,
        "EBIT": -7,
        "Net Income": -7
    },
    "2020-12-31": {
        "Diluted EPS": 0.0,
        "Total Revenue": NaN,
        "Gross Profit": NaN,
        "Operating Income": NaN,
        "EBIT": NaN,
        "Net Income": NaN
    },
    "2020-09-30": {
        "Diluted EPS": -3.44,
        "Total Revenue": NaN,
        "Gross Profit": NaN,
        "Operating Income": -5,
        "EBIT": -5,
        "Net Income": -5
    },
    "2020-06-30": {
        "Diluted EPS": -3.18,
        "Total Revenue": NaN,
        "Gross Profit": NaN,
        "Operating Income": -5,
        "EBIT": -5,
        "Net Income": -4
    }
}