{
    "2023-06-30": {
        "Tax Effect Of Unusual Items": 0.0,
        "Tax Rate For Calcs": 0.19,
        "Net Income From Continuing Operation Net Minority Interest": 6043000.0,
        "Reconciled Depreciation": 534000.0,
        "Net Interest Income": 20362000.0,
        "Interest Expense": 7649000.0,
        "Interest Income": 28011000.0,
        "Normalized Income": 6043000.0,
        "Net Income From Continuing And Discontinued Operation": 6043000.0,
        "Diluted Average Shares": 15231505.0,
        "Basic Average Shares": 15231505.0,
        "Diluted EPS": 0.39,
        "Basic EPS": 0.39,
        "Diluted NI Availto Com Stockholders": 5996000.0,
        "Net Income Common Stockholders": 5996000.0,
        "Otherunder Preferred Stock Dividend": 47000.0,
        "Net Income": 6043000.0,
        "Net Income Including Noncontrolling Interests": 6043000.0,
        "Net Income Continuous Operations": 6043000.0,
        "Tax Provision": 1419000.0,
        "Pretax Income": 7462000.0,
        "Gain On Sale Of Security": -1000.0,
        "Selling General And Administration": 12677000.0,
        "General And Administrative Expense": 12677000.0,
        "Other Gand A": 1900000.0,
        "Salaries And Wages": 10777000.0,
        "Total Revenue": 26601000.0,
        "Operating Revenue": 26601000.0,
        "Occupancy And Equipment": 1323000.0,
        "Professional Expense And Contract Services Expense": 564000.0,
        "Other Non Interest Expense": 3763000.0
    },
    "2023-03-31": {
        "Tax Effect Of Unusual Items": 0.0,
        "Tax Rate For Calcs": 0.184,
        "Net Income From Continuing Operation Net Minority Interest": 6253000.0,
        "Reconciled Depreciation": 570000.0,
        "Net Interest Income": 20781000.0,
        "Interest Expense": 5358000.0,
        "Interest Income": 26139000.0,
        "Normalized Income": 6253000.0,
        "Net Income From Continuing And Discontinued Operation": 6253000.0,
        "Diluted Average Shares": 15410617.0,
        "Basic Average Shares": 15409680.0,
        "Diluted EPS": 0.4,
        "Basic EPS": 0.4,
        "Diluted NI Availto Com Stockholders": 6201000.0,
        "Net Income Common Stockholders": 6201000.0,
        "Otherunder Preferred Stock Dividend": 52000.0,
        "Net Income": 6253000.0,
        "Net Income Including Noncontrolling Interests": 6253000.0,
        "Net Income Continuous Operations": 6253000.0,
        "Tax Provision": 1409000.0,
        "Pretax Income": 7662000.0,
        "Gain On Sale Of Security": 7000.0,
        "Selling General And Administration": 11427000.0,
        "General And Administrative Expense": 11427000.0,
        "Other Gand A": 1936000.0,
        "Salaries And Wages": 11427000.0,
        "Total Revenue": 25922000.0,
        "Operating Revenue": 25922000.0,
        "Occupancy And Equipment": 1402000.0,
        "Professional Expense And Contract Services Expense": 937000.0,
        "Other Non Interest Expense": 4846000.0
    },
    "2022-12-31": {
        "Tax Effect Of Unusual Items": NaN,
        "Tax Rate For Calcs": NaN,
        "Net Income From Continuing Operation Net Minority Interest": NaN,
        "Reconciled Depreciation": NaN,
        "Net Interest Income": NaN,
        "Interest Expense": NaN,
        "Interest Income": NaN,
        "Normalized Income": NaN,
        "Net Income From Continuing And Discontinued Operation": NaN,
        "Diluted Average Shares": NaN,
        "Basic Average Shares": NaN,
        "Diluted EPS": NaN,
        "Basic EPS": NaN,
        "Diluted NI Availto Com Stockholders": NaN,
        "Net Income Common Stockholders": NaN,
        "Otherunder Preferred Stock Dividend": NaN,
        "Net Income": NaN,
        "Net Income Including Noncontrolling Interests": NaN,
        "Net Income Continuous Operations": NaN,
        "Tax Provision": NaN,
        "Pretax Income": NaN,
        "Gain On Sale Of Security": NaN,
        "Selling General And Administration": NaN,
        "General And Administrative Expense": NaN,
        "Other Gand A": 1744000.0,
        "Salaries And Wages": NaN,
        "Total Revenue": NaN,
        "Operating Revenue": NaN,
        "Occupancy And Equipment": NaN,
        "Professional Expense And Contract Services Expense": NaN,
        "Other Non Interest Expense": NaN
    },
    "2022-09-30": {
        "Tax Effect Of Unusual Items": NaN,
        "Tax Rate For Calcs": NaN,
        "Net Income From Continuing Operation Net Minority Interest": NaN,
        "Reconciled Depreciation": NaN,
        "Net Interest Income": NaN,
        "Interest Expense": NaN,
        "Interest Income": NaN,
        "Normalized Income": NaN,
        "Net Income From Continuing And Discontinued Operation": NaN,
        "Diluted Average Shares": NaN,
        "Basic Average Shares": NaN,
        "Diluted EPS": NaN,
        "Basic EPS": NaN,
        "Diluted NI Availto Com Stockholders": NaN,
        "Net Income Common Stockholders": NaN,
        "Otherunder Preferred Stock Dividend": NaN,
        "Net Income": NaN,
        "Net Income Including Noncontrolling Interests": NaN,
        "Net Income Continuous Operations": NaN,
        "Tax Provision": NaN,
        "Pretax Income": NaN,
        "Gain On Sale Of Security": NaN,
        "Selling General And Administration": NaN,
        "General And Administrative Expense": NaN,
        "Other Gand A": 1719000.0,
        "Salaries And Wages": NaN,
        "Total Revenue": NaN,
        "Operating Revenue": NaN
    },
    "2022-06-30": {
        "Tax Effect Of Unusual Items": 0.0,
        "Tax Rate For Calcs": 0.177666,
        "Net Income From Continuing Operation Net Minority Interest": 7489000.0,
        "Reconciled Depreciation": 506000.0,
        "Net Interest Income": 19625000.0,
        "Interest Expense": 1684000.0,
        "Interest Income": 21309000.0,
        "Normalized Income": 7489000.0,
        "Net Income From Continuing And Discontinued Operation": 7489000.0,
        "Diluted Average Shares": 15444573.0,
        "Basic Average Shares": 15441564.0,
        "Diluted EPS": 0.48,
        "Basic EPS": 0.48,
        "Diluted NI Availto Com Stockholders": 7419000.0,
        "Net Income Common Stockholders": 7419000.0,
        "Otherunder Preferred Stock Dividend": 70000.0,
        "Net Income": 7489000.0,
        "Net Income Including Noncontrolling Interests": 7489000.0,
        "Net Income Continuous Operations": 7489000.0,
        "Tax Provision": 1618000.0,
        "Pretax Income": 9107000.0,
        "Gain On Sale Of Security": -1000.0,
        "Selling General And Administration": 11985000.0,
        "General And Administrative Expense": 11985000.0,
        "Other Gand A": 1720000.0,
        "Salaries And Wages": 10265000.0,
        "Total Revenue": 26107000.0,
        "Operating Revenue": 26107000.0
    },
    "2022-03-31": {
        "Diluted EPS": 0.44,
        "Total Revenue": 28,
        "Gross Profit": 26,
        "Operating Income": 8,
        "EBIT": NaN,
        "Net Income": 7
    },
    "2021-12-31": {
        "Diluted EPS": 0.46,
        "Total Revenue": 28,
        "Gross Profit": 26,
        "Operating Income": 9,
        "EBIT": NaN,
        "Net Income": 7
    },
    "2021-09-30": {
        "Diluted EPS": 0.47,
        "Total Revenue": 27,
        "Gross Profit": 26,
        "Operating Income": 9,
        "EBIT": NaN,
        "Net Income": 7
    },
    "2021-06-30": {
        "Diluted EPS": 0.44,
        "Total Revenue": 27,
        "Gross Profit": 25,
        "Operating Income": 9,
        "EBIT": NaN,
        "Net Income": 7
    },
    "2021-03-31": {
        "Diluted EPS": 0.55,
        "Total Revenue": 29,
        "Gross Profit": 27,
        "Operating Income": 11,
        "EBIT": NaN,
        "Net Income": 9
    },
    "2020-12-31": {
        "Diluted EPS": 0.43,
        "Total Revenue": 29,
        "Gross Profit": 26,
        "Operating Income": 8,
        "EBIT": NaN,
        "Net Income": 7
    },
    "2020-09-30": {
        "Diluted EPS": 0.18,
        "Total Revenue": 29,
        "Gross Profit": 26,
        "Operating Income": 3,
        "EBIT": NaN,
        "Net Income": 3
    },
    "2020-06-30": {
        "Diluted EPS": 0.39,
        "Total Revenue": 22,
        "Gross Profit": 20,
        "Operating Income": 7,
        "EBIT": NaN,
        "Net Income": 5
    },
    "2020-03-31": {
        "Diluted EPS": 0.3,
        "Total Revenue": 22,
        "Gross Profit": 20,
        "Operating Income": 5,
        "EBIT": NaN,
        "Net Income": 4
    },
    "2019-12-31": {
        "Diluted EPS": 0.39,
        "Total Revenue": 22,
        "Gross Profit": 19,
        "Operating Income": 7,
        "EBIT": NaN,
        "Net Income": 5
    },
    "2019-09-30": {
        "Diluted EPS": 0.39,
        "Total Revenue": 22,
        "Gross Profit": 19,
        "Operating Income": 6,
        "EBIT": NaN,
        "Net Income": 5
    },
    "2019-06-30": {
        "Diluted EPS": 0.27,
        "Total Revenue": 22,
        "Gross Profit": 19,
        "Operating Income": 4,
        "EBIT": NaN,
        "Net Income": 4
    },
    "2019-03-31": {
        "Diluted EPS": 0.41,
        "Total Revenue": 17,
        "Gross Profit": 16,
        "Operating Income": 6,
        "EBIT": NaN,
        "Net Income": 5
    },
    "2018-12-31": {
        "Diluted EPS": 0.46,
        "Total Revenue": 18,
        "Gross Profit": 17,
        "Operating Income": 7,
        "EBIT": NaN,
        "Net Income": 6
    },
    "2018-09-30": {
        "Diluted EPS": 0.45,
        "Total Revenue": 18,
        "Gross Profit": 17,
        "Operating Income": 7,
        "EBIT": NaN,
        "Net Income": 6
    },
    "2018-06-30": {
        "Diluted EPS": 0.52,
        "Total Revenue": 18,
        "Gross Profit": 17,
        "Operating Income": 8,
        "EBIT": NaN,
        "Net Income": 6
    },
    "2018-03-31": {
        "Diluted EPS": 0.36,
        "Total Revenue": 16,
        "Gross Profit": 15,
        "Operating Income": 5,
        "EBIT": NaN,
        "Net Income": 4
    },
    "2017-12-31": {
        "Diluted EPS": 0.16,
        "Total Revenue": 16,
        "Gross Profit": 15,
        "Operating Income": 5,
        "EBIT": NaN,
        "Net Income": 2
    },
    "2017-09-30": {
        "Diluted EPS": 0.32,
        "Total Revenue": 16,
        "Gross Profit": 15,
        "Operating Income": 5,
        "EBIT": NaN,
        "Net Income": 4
    },
    "2017-06-30": {
        "Diluted EPS": 0.34,
        "Total Revenue": 16,
        "Gross Profit": 15,
        "Operating Income": 5,
        "EBIT": NaN,
        "Net Income": 4
    },
    "2017-03-31": {
        "Diluted EPS": 0.28,
        "Total Revenue": 15,
        "Gross Profit": 14,
        "Operating Income": 4,
        "EBIT": NaN,
        "Net Income": 3
    },
    "2016-12-31": {
        "Diluted EPS": 0.35,
        "Total Revenue": 15,
        "Gross Profit": 14,
        "Operating Income": 6,
        "EBIT": NaN,
        "Net Income": 4
    },
    "2016-09-30": {
        "Diluted EPS": 0.34,
        "Total Revenue": 16,
        "Gross Profit": 15,
        "Operating Income": 6,
        "EBIT": NaN,
        "Net Income": 4
    },
    "2016-06-30": {
        "Diluted EPS": 0.32,
        "Total Revenue": 15,
        "Gross Profit": 14,
        "Operating Income": 5,
        "EBIT": NaN,
        "Net Income": 4
    },
    "2016-03-31": {
        "Diluted EPS": 0.29,
        "Total Revenue": 15,
        "Gross Profit": 14,
        "Operating Income": 5,
        "EBIT": NaN,
        "Net Income": 4
    },
    "2015-12-31": {
        "Diluted EPS": 0.33,
        "Total Revenue": 17,
        "Gross Profit": 16,
        "Operating Income": 5,
        "EBIT": NaN,
        "Net Income": 4
    },
    "2015-09-30": {
        "Diluted EPS": 0.35,
        "Total Revenue": 15,
        "Gross Profit": 14,
        "Operating Income": 6,
        "EBIT": NaN,
        "Net Income": 4
    },
    "2015-06-30": {
        "Diluted EPS": 0.36,
        "Total Revenue": 16,
        "Gross Profit": 15,
        "Operating Income": 6,
        "EBIT": NaN,
        "Net Income": 4
    },
    "2015-03-31": {
        "Diluted EPS": 0.31,
        "Total Revenue": 15,
        "Gross Profit": 14,
        "Operating Income": 5,
        "EBIT": NaN,
        "Net Income": 4
    },
    "2014-12-31": {
        "Diluted EPS": 0.37,
        "Total Revenue": 15,
        "Gross Profit": 14,
        "Operating Income": 6,
        "EBIT": NaN,
        "Net Income": 4
    },
    "2014-09-30": {
        "Diluted EPS": 0.34,
        "Total Revenue": 16,
        "Gross Profit": 15,
        "Operating Income": 6,
        "EBIT": NaN,
        "Net Income": 4
    },
    "2014-06-30": {
        "Diluted EPS": 0.33,
        "Total Revenue": 16,
        "Gross Profit": 14,
        "Operating Income": 6,
        "EBIT": NaN,
        "Net Income": 4
    },
    "2014-03-31": {
        "Diluted EPS": 0.34,
        "Total Revenue": 15,
        "Gross Profit": 14,
        "Operating Income": 6,
        "EBIT": NaN,
        "Net Income": 4
    },
    "2013-12-31": {
        "Diluted EPS": 0.34,
        "Total Revenue": 16,
        "Gross Profit": 15,
        "Operating Income": 6,
        "EBIT": NaN,
        "Net Income": 4
    },
    "2013-09-30": {
        "Diluted EPS": 0.38,
        "Total Revenue": 17,
        "Gross Profit": 15,
        "Operating Income": 6,
        "EBIT": NaN,
        "Net Income": 5
    },
    "2013-06-30": {
        "Diluted EPS": 0.4,
        "Total Revenue": 17,
        "Gross Profit": 15,
        "Operating Income": 7,
        "EBIT": NaN,
        "Net Income": 5
    },
    "2013-03-31": {
        "Diluted EPS": 0.38,
        "Total Revenue": 18,
        "Gross Profit": 16,
        "Operating Income": 6,
        "EBIT": NaN,
        "Net Income": 5
    },
    "2012-12-31": {
        "Diluted EPS": 0.48,
        "Total Revenue": 18,
        "Gross Profit": 16,
        "Operating Income": 8,
        "EBIT": NaN,
        "Net Income": 6
    },
    "2012-09-30": {
        "Diluted EPS": 0.45,
        "Total Revenue": 20,
        "Gross Profit": 18,
        "Operating Income": 8,
        "EBIT": NaN,
        "Net Income": 5
    },
    "2012-06-30": {
        "Diluted EPS": 0.46,
        "Total Revenue": 19,
        "Gross Profit": 17,
        "Operating Income": 8,
        "EBIT": NaN,
        "Net Income": 6
    },
    "2012-03-31": {
        "Diluted EPS": 0.46,
        "Total Revenue": 18,
        "Gross Profit": 16,
        "Operating Income": 8,
        "EBIT": NaN,
        "Net Income": 6
    },
    "2011-12-31": {
        "Diluted EPS": 0.51,
        "Total Revenue": 19,
        "Gross Profit": 16,
        "Operating Income": 8,
        "EBIT": NaN,
        "Net Income": 6
    },
    "2011-09-30": {
        "Diluted EPS": 0.49,
        "Total Revenue": 19,
        "Gross Profit": 16,
        "Operating Income": 8,
        "EBIT": NaN,
        "Net Income": 6
    },
    "2011-06-30": {
        "Diluted EPS": 0.47,
        "Total Revenue": 19,
        "Gross Profit": 16,
        "Operating Income": 8,
        "EBIT": NaN,
        "Net Income": 6
    },
    "2011-03-31": {
        "Diluted EPS": 0.45,
        "Total Revenue": 20,
        "Gross Profit": 16,
        "Operating Income": 8,
        "EBIT": NaN,
        "Net Income": 6
    },
    "2010-12-31": {
        "Diluted EPS": 0.4,
        "Total Revenue": 19,
        "Gross Profit": 15,
        "Operating Income": 6,
        "EBIT": NaN,
        "Net Income": 5
    },
    "2010-09-30": {
        "Diluted EPS": 0.34,
        "Total Revenue": 19,
        "Gross Profit": 15,
        "Operating Income": 7,
        "EBIT": NaN,
        "Net Income": 4
    },
    "2010-06-30": {
        "Diluted EPS": 0.37,
        "Total Revenue": 19,
        "Gross Profit": 14,
        "Operating Income": 6,
        "EBIT": NaN,
        "Net Income": 4
    },
    "2010-03-31": {
        "Diluted EPS": 0.34,
        "Total Revenue": 19,
        "Gross Profit": 14,
        "Operating Income": 6,
        "EBIT": NaN,
        "Net Income": 4
    },
    "2009-12-31": {
        "Diluted EPS": 0.6,
        "Total Revenue": 20,
        "Gross Profit": 14,
        "Operating Income": 6,
        "EBIT": NaN,
        "Net Income": 3
    },
    "2009-09-30": {
        "Diluted EPS": -3.17,
        "Total Revenue": -28,
        "Gross Profit": -34,
        "Operating Income": -43,
        "EBIT": NaN,
        "Net Income": -28
    },
    "2009-06-30": {
        "Diluted EPS": -1.01,
        "Total Revenue": 1,
        "Gross Profit": -5,
        "Operating Income": -14,
        "EBIT": NaN,
        "Net Income": -9
    },
    "2009-03-31": {
        "Diluted EPS": -0.82,
        "Total Revenue": 4,
        "Gross Profit": -3,
        "Operating Income": -11,
        "EBIT": NaN,
        "Net Income": -7
    },
    "2023-09-30": {
        "Tax Effect Of Unusual Items": 0.0,
        "Tax Rate For Calcs": 0.196,
        "Net Income From Continuing Operation Net Minority Interest": 7591000.0,
        "Reconciled Depreciation": 529000.0,
        "Net Interest Income": 19663000.0,
        "Interest Expense": 9455000.0,
        "Interest Income": 29118000.0,
        "Normalized Income": 7591000.0,
        "Net Income From Continuing And Discontinued Operation": 7591000.0,
        "Diluted Average Shares": 15154797.0,
        "Basic Average Shares": 15154797.0,
        "Diluted EPS": 0.5,
        "Basic EPS": 0.5,
        "Diluted NI Availto Com Stockholders": 7534000.0,
        "Net Income Common Stockholders": 7534000.0,
        "Otherunder Preferred Stock Dividend": 57000.0,
        "Net Income": 7591000.0,
        "Net Income Including Noncontrolling Interests": 7591000.0,
        "Net Income Continuous Operations": 7591000.0,
        "Tax Provision": 1846000.0,
        "Pretax Income": 9437000.0,
        "Gain On Sale Of Security": 0.0,
        "Selling General And Administration": 10878000.0,
        "General And Administrative Expense": 10878000.0,
        "Other Gand A": 1823000.0,
        "Salaries And Wages": 10878000.0,
        "Total Revenue": 25648000.0,
        "Operating Revenue": 25648000.0,
        "Occupancy And Equipment": 1268000.0,
        "Professional Expense And Contract Services Expense": 487000.0,
        "Other Non Interest Expense": 4803000.0
    },
    "2023-12-31": {
        "Tax Effect Of Unusual Items": 0.0,
        "Tax Rate For Calcs": 0.28048,
        "Net Income From Continuing Operation Net Minority Interest": 4261000.0,
        "Reconciled Depreciation": 518000.0,
        "Net Interest Income": 19594000.0,
        "Interest Expense": 10642000.0,
        "Interest Income": 30236000.0,
        "Normalized Income": 4261000.0,
        "Net Income From Continuing And Discontinued Operation": 4261000.0,
        "Diluted Average Shares": 15175013.0,
        "Basic Average Shares": 15175013.0,
        "Diluted EPS": 0.28,
        "Basic EPS": 0.28,
        "Diluted NI Availto Com Stockholders": 4231000.0,
        "Net Income Common Stockholders": 4231000.0,
        "Otherunder Preferred Stock Dividend": 30000.0,
        "Net Income": 4261000.0,
        "Net Income Including Noncontrolling Interests": 4261000.0,
        "Net Income Continuous Operations": 4261000.0,
        "Tax Provision": 1661000.0,
        "Pretax Income": 5922000.0,
        "Gain On Sale Of Security": -3042000.0,
        "Selling General And Administration": 11113000.0,
        "General And Administrative Expense": 11113000.0,
        "Other Gand A": NaN,
        "Salaries And Wages": 11113000.0,
        "Total Revenue": 24964000.0,
        "Operating Revenue": 24964000.0,
        "Occupancy And Equipment": 1364000.0,
        "Professional Expense And Contract Services Expense": 509000.0,
        "Other Non Interest Expense": 5105000.0
    },
    "2024-03-31": {
        "Tax Effect Of Unusual Items": 0.0,
        "Tax Rate For Calcs": 0.178,
        "Net Income From Continuing Operation Net Minority Interest": 5306000.0,
        "Reconciled Depreciation": 509000.0,
        "Net Interest Income": 19041000.0,
        "Interest Expense": 11295000.0,
        "Interest Income": 30336000.0,
        "Normalized Income": 5306000.0,
        "Net Income From Continuing And Discontinued Operation": 5306000.0,
        "Diluted Average Shares": 15230580.0,
        "Basic Average Shares": 15230580.0,
        "Diluted EPS": 0.35,
        "Basic EPS": 0.35,
        "Diluted NI Availto Com Stockholders": 5267000.0,
        "Net Income Common Stockholders": 5267000.0,
        "Otherunder Preferred Stock Dividend": 39000.0,
        "Net Income": 5306000.0,
        "Net Income Including Noncontrolling Interests": 5306000.0,
        "Net Income Continuous Operations": 5306000.0,
        "Tax Provision": 1152000.0,
        "Pretax Income": 6458000.0,
        "Gain On Sale Of Security": 0.0,
        "Selling General And Administration": 11562000.0,
        "General And Administrative Expense": 11562000.0,
        "Other Gand A": NaN,
        "Salaries And Wages": 11562000.0,
        "Total Revenue": 25229000.0,
        "Operating Revenue": 25229000.0,
        "Occupancy And Equipment": 1450000.0,
        "Professional Expense And Contract Services Expense": 518000.0,
        "Other Non Interest Expense": 4287000.0
    }
}