{
    "2023-03-31": {
        "Tax Effect Of Unusual Items": NaN,
        "Tax Rate For Calcs": NaN,
        "Normalized EBITDA": NaN,
        "Total Unusual Items": NaN,
        "Total Unusual Items Excluding Goodwill": NaN,
        "Net Income From Continuing Operation Net Minority Interest": NaN,
        "Reconciled Depreciation": NaN,
        "Reconciled Cost Of Revenue": NaN,
        "EBITDA": NaN,
        "EBIT": NaN,
        "Net Interest Income": NaN,
        "Interest Expense": NaN,
        "Interest Income": NaN,
        "Normalized Income": NaN,
        "Net Income From Continuing And Discontinued Operation": NaN,
        "Total Expenses": NaN,
        "Total Operating Income As Reported": NaN,
        "Diluted Average Shares": NaN,
        "Basic Average Shares": NaN,
        "Diluted EPS": NaN,
        "Basic EPS": NaN,
        "Diluted NI Availto Com Stockholders": NaN,
        "Net Income Common Stockholders": NaN,
        "Net Income": NaN,
        "Minority Interests": NaN,
        "Net Income Including Noncontrolling Interests": NaN,
        "Net Income Discontinuous Operations": 0.0,
        "Net Income Continuous Operations": NaN,
        "Tax Provision": NaN,
        "Pretax Income": NaN,
        "Other Income Expense": NaN,
        "Other Non Operating Income Expenses": NaN,
        "Special Income Charges": NaN,
        "Other Special Charges": 197000000.0,
        "Impairment Of Capital Assets": NaN,
        "Restructuring And Mergern Acquisition": NaN,
        "Net Non Operating Interest Income Expense": NaN,
        "Interest Expense Non Operating": NaN,
        "Interest Income Non Operating": NaN,
        "Operating Income": NaN,
        "Operating Expense": NaN,
        "Other Operating Expenses": NaN,
        "Depreciation Amortization Depletion Income Statement": NaN,
        "Depreciation And Amortization In Income Statement": NaN,
        "Selling General And Administration": NaN,
        "General And Administrative Expense": NaN,
        "Other Gand A": NaN,
        "Gross Profit": NaN,
        "Cost Of Revenue": NaN,
        "Total Revenue": NaN,
        "Operating Revenue": NaN
    },
    "2022-12-31": {
        "Tax Effect Of Unusual Items": NaN,
        "Tax Rate For Calcs": NaN,
        "Normalized EBITDA": NaN,
        "Total Unusual Items": NaN,
        "Total Unusual Items Excluding Goodwill": NaN,
        "Net Income From Continuing Operation Net Minority Interest": NaN,
        "Reconciled Depreciation": NaN,
        "Reconciled Cost Of Revenue": NaN,
        "EBITDA": NaN,
        "EBIT": NaN,
        "Net Interest Income": NaN,
        "Interest Expense": NaN,
        "Interest Income": NaN,
        "Normalized Income": NaN,
        "Net Income From Continuing And Discontinued Operation": NaN,
        "Total Expenses": NaN,
        "Total Operating Income As Reported": NaN,
        "Diluted Average Shares": NaN,
        "Basic Average Shares": NaN,
        "Diluted EPS": NaN,
        "Basic EPS": NaN,
        "Diluted NI Availto Com Stockholders": NaN,
        "Net Income Common Stockholders": NaN,
        "Net Income": NaN,
        "Minority Interests": NaN,
        "Net Income Including Noncontrolling Interests": NaN,
        "Net Income Discontinuous Operations": 0.0,
        "Net Income Continuous Operations": NaN,
        "Tax Provision": NaN,
        "Pretax Income": NaN,
        "Other Income Expense": NaN,
        "Other Non Operating Income Expenses": NaN,
        "Special Income Charges": NaN,
        "Other Special Charges": NaN,
        "Impairment Of Capital Assets": NaN,
        "Restructuring And Mergern Acquisition": NaN,
        "Net Non Operating Interest Income Expense": NaN,
        "Interest Expense Non Operating": NaN,
        "Interest Income Non Operating": NaN,
        "Operating Income": NaN,
        "Operating Expense": NaN,
        "Other Operating Expenses": NaN,
        "Depreciation Amortization Depletion Income Statement": NaN,
        "Depreciation And Amortization In Income Statement": NaN,
        "Selling General And Administration": NaN,
        "General And Administrative Expense": NaN,
        "Other Gand A": NaN,
        "Gross Profit": NaN,
        "Cost Of Revenue": NaN,
        "Total Revenue": NaN,
        "Operating Revenue": NaN
    },
    "2022-09-30": {
        "Tax Effect Of Unusual Items": -5245901.639344,
        "Tax Rate For Calcs": 0.131148,
        "Normalized EBITDA": 974000000.0,
        "Total Unusual Items": -40000000.0,
        "Total Unusual Items Excluding Goodwill": -40000000.0,
        "Net Income From Continuing Operation Net Minority Interest": 52000000.0,
        "Reconciled Depreciation": 304000000.0,
        "Reconciled Cost Of Revenue": 1325000000.0,
        "EBITDA": 934000000.0,
        "EBIT": 630000000.0,
        "Net Interest Income": -569000000.0,
        "Interest Expense": 569000000.0,
        "Normalized Income": 86754098.360656,
        "Net Income From Continuing And Discontinued Operation": 52000000.0,
        "Total Expenses": 2221000000.0,
        "Total Operating Income As Reported": 659000000.0,
        "Diluted Average Shares": 215000000.0,
        "Basic Average Shares": 214000000.0,
        "Diluted EPS": 0.24,
        "Basic EPS": 0.24,
        "Diluted NI Availto Com Stockholders": 52000000.0,
        "Net Income Common Stockholders": 52000000.0,
        "Net Income": 52000000.0,
        "Minority Interests": -1000000.0,
        "Net Income Including Noncontrolling Interests": 53000000.0,
        "Net Income Discontinuous Operations": 0.0,
        "Net Income Continuous Operations": 53000000.0,
        "Tax Provision": 8000000.0,
        "Pretax Income": 61000000.0,
        "Other Income Expense": -36000000.0,
        "Other Non Operating Income Expenses": 4000000.0,
        "Special Income Charges": -40000000.0,
        "Other Special Charges": 33000000.0,
        "Impairment Of Capital Assets": NaN,
        "Restructuring And Mergern Acquisition": 7000000.0,
        "Net Non Operating Interest Income Expense": -569000000.0,
        "Interest Expense Non Operating": 569000000.0,
        "Operating Income": 666000000.0,
        "Operating Expense": 896000000.0,
        "Other Operating Expenses": 63000000.0,
        "Depreciation Amortization Depletion Income Statement": 304000000.0,
        "Depreciation And Amortization In Income Statement": 304000000.0,
        "Selling General And Administration": 529000000.0,
        "General And Administrative Expense": 529000000.0,
        "Other Gand A": 529000000.0,
        "Gross Profit": 1562000000.0,
        "Cost Of Revenue": 1325000000.0,
        "Total Revenue": 2887000000.0,
        "Operating Revenue": 2560000000.0
    },
    "2022-06-30": {
        "Tax Effect Of Unusual Items": -5600000.0,
        "Tax Rate For Calcs": 0.4,
        "Normalized EBITDA": 967000000.0,
        "Total Unusual Items": -14000000.0,
        "Total Unusual Items Excluding Goodwill": -14000000.0,
        "Net Income From Continuing Operation Net Minority Interest": 34000000.0,
        "Reconciled Depreciation": 306000000.0,
        "Reconciled Cost Of Revenue": 1306000000.0,
        "EBITDA": 953000000.0,
        "EBIT": 647000000.0,
        "Net Interest Income": -559000000.0,
        "Interest Expense": 559000000.0,
        "Normalized Income": 42400000.0,
        "Net Income From Continuing And Discontinued Operation": -123000000.0,
        "Total Expenses": 2205000000.0,
        "Total Operating Income As Reported": 602000000.0,
        "Diluted Average Shares": 215000000.0,
        "Basic Average Shares": 214000000.0,
        "Diluted EPS": -0.57,
        "Basic EPS": -0.57,
        "Diluted NI Availto Com Stockholders": -123000000.0,
        "Net Income Common Stockholders": -123000000.0,
        "Net Income": -123000000.0,
        "Minority Interests": -2000000.0,
        "Net Income Including Noncontrolling Interests": -121000000.0,
        "Net Income Discontinuous Operations": -157000000.0,
        "Net Income Continuous Operations": 36000000.0,
        "Tax Provision": 52000000.0,
        "Pretax Income": 88000000.0,
        "Other Income Expense": 31000000.0,
        "Other Non Operating Income Expenses": 45000000.0,
        "Special Income Charges": -14000000.0,
        "Other Special Charges": NaN,
        "Impairment Of Capital Assets": NaN,
        "Restructuring And Mergern Acquisition": 14000000.0,
        "Net Non Operating Interest Income Expense": -559000000.0,
        "Interest Expense Non Operating": 559000000.0,
        "Operating Income": 616000000.0,
        "Operating Expense": 899000000.0,
        "Depreciation Amortization Depletion Income Statement": 306000000.0,
        "Depreciation And Amortization In Income Statement": 306000000.0,
        "Selling General And Administration": 593000000.0,
        "General And Administrative Expense": 593000000.0,
        "Other Gand A": 593000000.0,
        "Gross Profit": 1515000000.0,
        "Cost Of Revenue": 1306000000.0,
        "Total Revenue": 2821000000.0,
        "Operating Revenue": 2490000000.0
    },
    "2023-06-30": {
        "Tax Effect Of Unusual Items": -6930000.0,
        "Tax Rate For Calcs": 0.21,
        "Normalized EBITDA": 971000000.0,
        "Total Unusual Items": -33000000.0,
        "Total Unusual Items Excluding Goodwill": -33000000.0,
        "Net Income From Continuing Operation Net Minority Interest": 920000000.0,
        "Reconciled Depreciation": 323000000.0,
        "Reconciled Cost Of Revenue": 1329000000.0,
        "EBITDA": 938000000.0,
        "EBIT": 615000000.0,
        "Net Interest Income": -586000000.0,
        "Interest Expense": 589000000.0,
        "Interest Income": 3000000.0,
        "Normalized Income": 946070000.0,
        "Net Income From Continuing And Discontinued Operation": 920000000.0,
        "Total Expenses": 2237000000.0,
        "Total Operating Income As Reported": 609000000.0,
        "Diluted Average Shares": 216000000.0,
        "Basic Average Shares": 215000000.0,
        "Diluted EPS": 4.26,
        "Basic EPS": 4.27,
        "Diluted NI Availto Com Stockholders": 920000000.0,
        "Net Income Common Stockholders": 920000000.0,
        "Net Income": 920000000.0,
        "Minority Interests": -8000000.0,
        "Net Income Including Noncontrolling Interests": 928000000.0,
        "Net Income Discontinuous Operations": 0.0,
        "Net Income Continuous Operations": 928000000.0,
        "Tax Provision": -902000000.0,
        "Pretax Income": 26000000.0,
        "Other Income Expense": -30000000.0,
        "Other Non Operating Income Expenses": 3000000.0,
        "Special Income Charges": -33000000.0,
        "Other Special Charges": NaN,
        "Impairment Of Capital Assets": 0.0,
        "Restructuring And Mergern Acquisition": 33000000.0,
        "Net Non Operating Interest Income Expense": -586000000.0,
        "Interest Expense Non Operating": 589000000.0,
        "Interest Income Non Operating": 3000000.0,
        "Operating Income": 642000000.0,
        "Operating Expense": 908000000.0,
        "Other Operating Expenses": 86000000.0,
        "Depreciation Amortization Depletion Income Statement": 323000000.0,
        "Depreciation And Amortization In Income Statement": 323000000.0,
        "Selling General And Administration": 499000000.0,
        "General And Administrative Expense": 499000000.0,
        "Other Gand A": 499000000.0,
        "Gross Profit": 1550000000.0,
        "Cost Of Revenue": 1329000000.0,
        "Total Revenue": 2879000000.0,
        "Operating Revenue": 2544000000.0
    },
    "2022-03-31": {
        "Diluted EPS": -3.18,
        "Total Revenue": NaN,
        "Gross Profit": 911,
        "Operating Income": -10,
        "EBIT": -10,
        "Net Income": -680
    },
    "2021-12-31": {
        "Diluted EPS": -2.04,
        "Total Revenue": NaN,
        "Gross Profit": NaN,
        "Operating Income": 122,
        "EBIT": 122,
        "Net Income": -434
    },
    "2021-09-30": {
        "Diluted EPS": -1.1,
        "Total Revenue": NaN,
        "Gross Profit": NaN,
        "Operating Income": 532,
        "EBIT": 532,
        "Net Income": -233
    },
    "2021-06-30": {
        "Diluted EPS": 0.34,
        "Total Revenue": NaN,
        "Gross Profit": NaN,
        "Operating Income": 590,
        "EBIT": 590,
        "Net Income": 71
    },
    "2021-03-31": {
        "Diluted EPS": -2.03,
        "Total Revenue": NaN,
        "Gross Profit": NaN,
        "Operating Income": 216,
        "EBIT": 216,
        "Net Income": -423
    },
    "2020-12-31": {
        "Diluted EPS": -3.91,
        "Total Revenue": NaN,
        "Gross Profit": 841,
        "Operating Income": -50,
        "EBIT": -50,
        "Net Income": -555
    },
    "2020-09-30": {
        "Diluted EPS": -6.09,
        "Total Revenue": NaN,
        "Gross Profit": 795,
        "Operating Income": -131,
        "EBIT": -131,
        "Net Income": -926
    },
    "2020-06-30": {
        "Diluted EPS": -1.25,
        "Total Revenue": 127,
        "Gross Profit": 67,
        "Operating Income": -79,
        "EBIT": -79,
        "Net Income": -100
    },
    "2020-03-31": {
        "Diluted EPS": -2.25,
        "Total Revenue": 473,
        "Gross Profit": 219,
        "Operating Income": -123,
        "EBIT": -123,
        "Net Income": -176
    },
    "2019-12-31": {
        "Diluted EPS": -0.17,
        "Total Revenue": 592,
        "Gross Profit": 247,
        "Operating Income": 59,
        "EBIT": 59,
        "Net Income": -13
    },
    "2019-09-30": {
        "Diluted EPS": 0.47,
        "Total Revenue": 663,
        "Gross Profit": 347,
        "Operating Income": 125,
        "EBIT": 125,
        "Net Income": 37
    },
    "2019-06-30": {
        "Diluted EPS": 0.24,
        "Total Revenue": 637,
        "Gross Profit": 349,
        "Operating Income": 103,
        "EBIT": 164,
        "Net Income": 19
    },
    "2019-03-31": {
        "Diluted EPS": 0.49,
        "Total Revenue": 636,
        "Gross Profit": 341,
        "Operating Income": 124,
        "EBIT": 188,
        "Net Income": 38
    },
    "2018-12-31": {
        "Diluted EPS": 0.0,
        "Total Revenue": 672,
        "Gross Profit": 274,
        "Operating Income": 87,
        "EBIT": 149,
        "Net Income": 0
    },
    "2018-09-30": {
        "Diluted EPS": 0.48,
        "Total Revenue": 487,
        "Gross Profit": 248,
        "Operating Income": 92,
        "EBIT": 133,
        "Net Income": 38
    },
    "2018-06-30": {
        "Diluted EPS": 0.47,
        "Total Revenue": 457,
        "Gross Profit": 228,
        "Operating Income": 77,
        "EBIT": 111,
        "Net Income": 37
    },
    "2018-03-31": {
        "Diluted EPS": 0.27,
        "Total Revenue": 440,
        "Gross Profit": 213,
        "Operating Income": 54,
        "EBIT": 97,
        "Net Income": 21
    },
    "2017-12-31": {
        "Diluted EPS": 1.36,
        "Total Revenue": 430,
        "Gross Profit": 204,
        "Operating Income": 30,
        "EBIT": 105,
        "Net Income": 89
    },
    "2017-09-30": {
        "Diluted EPS": 0.38,
        "Total Revenue": 473,
        "Gross Profit": 232,
        "Operating Income": 81,
        "EBIT": 113,
        "Net Income": 30
    },
    "2017-06-30": {
        "Diluted EPS": -0.68,
        "Total Revenue": 376,
        "Gross Profit": 177,
        "Operating Income": -30,
        "EBIT": -3,
        "Net Income": -46
    },
    "2017-03-31": {
        "Diluted EPS": 0.02,
        "Total Revenue": 202,
        "Gross Profit": 86,
        "Operating Income": 14,
        "EBIT": 31,
        "Net Income": 1
    },
    "2016-12-31": {
        "Diluted EPS": 0.01,
        "Total Revenue": 214,
        "Gross Profit": 90,
        "Operating Income": 13,
        "EBIT": 29,
        "Net Income": 1
    },
    "2016-09-30": {
        "Diluted EPS": 0.2,
        "Total Revenue": 242,
        "Gross Profit": 106,
        "Operating Income": 28,
        "EBIT": 45,
        "Net Income": 10
    },
    "2016-06-30": {
        "Diluted EPS": 0.23,
        "Total Revenue": 231,
        "Gross Profit": 99,
        "Operating Income": 30,
        "EBIT": 46,
        "Net Income": 11
    },
    "2016-03-31": {
        "Diluted EPS": 0.07,
        "Total Revenue": 214,
        "Gross Profit": 89,
        "Operating Income": 18,
        "EBIT": 35,
        "Net Income": 3
    },
    "2015-12-31": {
        "Diluted EPS": 2.34,
        "Total Revenue": 186,
        "Gross Profit": 75,
        "Operating Income": 13,
        "EBIT": 29,
        "Net Income": 110
    },
    "2015-09-30": {
        "Diluted EPS": 0.12,
        "Total Revenue": 184,
        "Gross Profit": 75,
        "Operating Income": 24,
        "EBIT": 38,
        "Net Income": 5
    },
    "2015-06-30": {
        "Diluted EPS": 0.1,
        "Total Revenue": 183,
        "Gross Profit": 74,
        "Operating Income": 23,
        "EBIT": 35,
        "Net Income": 5
    },
    "2015-03-31": {
        "Diluted EPS": -0.13,
        "Total Revenue": 167,
        "Gross Profit": 65,
        "Operating Income": 12,
        "EBIT": 24,
        "Net Income": -6
    },
    "2014-12-31": {
        "Diluted EPS": -0.34,
        "Total Revenue": 164,
        "Gross Profit": 61,
        "Operating Income": 6,
        "EBIT": 19,
        "Net Income": -11
    },
    "2014-09-30": {
        "Diluted EPS": -0.16,
        "Total Revenue": 79,
        "Gross Profit": 33,
        "Operating Income": 3,
        "EBIT": 8,
        "Net Income": -4
    },
    "2014-06-30": {
        "Diluted EPS": 0.12,
        "Total Revenue": 62,
        "Gross Profit": 27,
        "Operating Income": 7,
        "EBIT": 11,
        "Net Income": 3
    },
    "2014-03-31": {
        "Diluted EPS": -0.1,
        "Total Revenue": 57,
        "Gross Profit": 24,
        "Operating Income": 2,
        "EBIT": 6,
        "Net Income": -2
    },
    "2013-12-31": {
        "Diluted EPS": 0.0,
        "Total Revenue": NaN,
        "Gross Profit": NaN,
        "Operating Income": NaN,
        "EBIT": NaN,
        "Net Income": NaN
    },
    "2013-09-30": {
        "Diluted EPS": 0.14,
        "Total Revenue": 64,
        "Gross Profit": 28,
        "Operating Income": 7,
        "EBIT": 7,
        "Net Income": 3
    },
    "2013-03-31": {
        "Diluted EPS": 0.0,
        "Total Revenue": 62,
        "Gross Profit": 24,
        "Operating Income": 6,
        "EBIT": 11,
        "Net Income": 2
    },
    "2012-12-31": {
        "Diluted EPS": 0.0,
        "Total Revenue": NaN,
        "Gross Profit": NaN,
        "Operating Income": NaN,
        "EBIT": NaN,
        "Net Income": NaN
    },
    "2011-12-31": {
        "Diluted EPS": 0.0,
        "Total Revenue": NaN,
        "Gross Profit": NaN,
        "Operating Income": NaN,
        "EBIT": NaN,
        "Net Income": NaN
    },
    "2023-09-30": {
        "Tax Effect Of Unusual Items": 3380000.0,
        "Tax Rate For Calcs": 0.338,
        "Normalized EBITDA": 1033000000.0,
        "Total Unusual Items": 10000000.0,
        "Total Unusual Items Excluding Goodwill": 10000000.0,
        "Net Income From Continuing Operation Net Minority Interest": 74000000.0,
        "Reconciled Depreciation": 320000000.0,
        "Reconciled Cost Of Revenue": 1361000000.0,
        "EBITDA": 1043000000.0,
        "EBIT": 723000000.0,
        "Net Interest Income": -581000000.0,
        "Interest Expense": 584000000.0,
        "Interest Income": 3000000.0,
        "Normalized Income": 67380000.0,
        "Net Income From Continuing And Discontinued Operation": 74000000.0,
        "Total Expenses": 2283000000.0,
        "Total Operating Income As Reported": 724000000.0,
        "Diluted Average Shares": 216000000.0,
        "Basic Average Shares": 215000000.0,
        "Diluted EPS": 0.34,
        "Basic EPS": 0.34,
        "Diluted NI Availto Com Stockholders": 74000000.0,
        "Net Income Common Stockholders": 74000000.0,
        "Net Income": 74000000.0,
        "Minority Interests": -18000000.0,
        "Net Income Including Noncontrolling Interests": 92000000.0,
        "Net Income Discontinuous Operations": 0.0,
        "Net Income Continuous Operations": 92000000.0,
        "Tax Provision": 47000000.0,
        "Pretax Income": 139000000.0,
        "Other Income Expense": 9000000.0,
        "Other Non Operating Income Expenses": -1000000.0,
        "Special Income Charges": 10000000.0,
        "Other Special Charges": 3000000.0,
        "Impairment Of Capital Assets": NaN,
        "Restructuring And Mergern Acquisition": -13000000.0,
        "Net Non Operating Interest Income Expense": -581000000.0,
        "Interest Expense Non Operating": 584000000.0,
        "Interest Income Non Operating": 3000000.0,
        "Operating Income": 711000000.0,
        "Operating Expense": 922000000.0,
        "Other Operating Expenses": 74000000.0,
        "Depreciation Amortization Depletion Income Statement": 320000000.0,
        "Depreciation And Amortization In Income Statement": 320000000.0,
        "Selling General And Administration": 528000000.0,
        "General And Administrative Expense": 528000000.0,
        "Other Gand A": 528000000.0,
        "Gross Profit": 1633000000.0,
        "Cost Of Revenue": 1361000000.0,
        "Total Revenue": 2994000000.0,
        "Operating Revenue": 2616000000.0
    },
    "2023-12-31": {
        "Tax Effect Of Unusual Items": -9660000.0,
        "Tax Rate For Calcs": 0.21,
        "Normalized EBITDA": 907000000.0,
        "Total Unusual Items": -46000000.0,
        "Total Unusual Items Excluding Goodwill": -46000000.0,
        "Net Income From Continuing Operation Net Minority Interest": -72000000.0,
        "Reconciled Depreciation": 318000000.0,
        "Reconciled Cost Of Revenue": 1382000000.0,
        "EBITDA": 861000000.0,
        "EBIT": 543000000.0,
        "Net Interest Income": -581000000.0,
        "Interest Expense": 583000000.0,
        "Interest Income": 2000000.0,
        "Normalized Income": -35660000.0,
        "Net Income From Continuing And Discontinued Operation": -72000000.0,
        "Total Expenses": 2243000000.0,
        "Total Operating Income As Reported": 536000000.0,
        "Diluted Average Shares": 216000000.0,
        "Basic Average Shares": 216000000.0,
        "Diluted EPS": -0.34,
        "Basic EPS": -0.34,
        "Diluted NI Availto Com Stockholders": -72000000.0,
        "Net Income Common Stockholders": -72000000.0,
        "Net Income": -72000000.0,
        "Minority Interests": -16000000.0,
        "Net Income Including Noncontrolling Interests": -56000000.0,
        "Net Income Discontinuous Operations": 0.0,
        "Net Income Continuous Operations": -56000000.0,
        "Tax Provision": 16000000.0,
        "Pretax Income": -40000000.0,
        "Other Income Expense": -41000000.0,
        "Other Non Operating Income Expenses": 5000000.0,
        "Special Income Charges": -46000000.0,
        "Other Special Charges": 0.0,
        "Impairment Of Capital Assets": NaN,
        "Restructuring And Mergern Acquisition": -49000000.0,
        "Net Non Operating Interest Income Expense": -581000000.0,
        "Interest Expense Non Operating": 583000000.0,
        "Interest Income Non Operating": 2000000.0,
        "Operating Income": 582000000.0,
        "Operating Expense": 861000000.0,
        "Other Operating Expenses": 67000000.0,
        "Depreciation Amortization Depletion Income Statement": 318000000.0,
        "Depreciation And Amortization In Income Statement": 318000000.0,
        "Selling General And Administration": 476000000.0,
        "General And Administrative Expense": 476000000.0,
        "Other Gand A": 476000000.0,
        "Gross Profit": 1443000000.0,
        "Cost Of Revenue": 1382000000.0,
        "Total Revenue": 2825000000.0,
        "Operating Revenue": 2510000000.0
    },
    "2024-03-31": {
        "Tax Effect Of Unusual Items": -11340000.0,
        "Tax Rate For Calcs": 0.21,
        "Normalized EBITDA": 846000000.0,
        "Total Unusual Items": -54000000.0,
        "Total Unusual Items Excluding Goodwill": -54000000.0,
        "Net Income From Continuing Operation Net Minority Interest": -158000000.0,
        "Reconciled Depreciation": 327000000.0,
        "Reconciled Cost Of Revenue": 1346000000.0,
        "EBITDA": 792000000.0,
        "EBIT": 465000000.0,
        "Net Interest Income": -590000000.0,
        "Interest Expense": 592000000.0,
        "Interest Income": 2000000.0,
        "Normalized Income": -115340000.0,
        "Net Income From Continuing And Discontinued Operation": -158000000.0,
        "Total Expenses": 2251000000.0,
        "Total Operating Income As Reported": 485000000.0,
        "Diluted Average Shares": 216000000.0,
        "Basic Average Shares": 216000000.0,
        "Diluted EPS": -0.73,
        "Basic EPS": -0.73,
        "Diluted NI Availto Com Stockholders": -158000000.0,
        "Net Income Common Stockholders": -158000000.0,
        "Net Income": -158000000.0,
        "Minority Interests": -16000000.0,
        "Net Income Including Noncontrolling Interests": -142000000.0,
        "Net Income Discontinuous Operations": NaN,
        "Net Income Continuous Operations": -142000000.0,
        "Tax Provision": 15000000.0,
        "Pretax Income": -127000000.0,
        "Other Income Expense": -28000000.0,
        "Other Non Operating Income Expenses": 26000000.0,
        "Special Income Charges": -54000000.0,
        "Other Special Charges": 48000000.0,
        "Impairment Of Capital Assets": NaN,
        "Restructuring And Mergern Acquisition": 6000000.0,
        "Net Non Operating Interest Income Expense": -590000000.0,
        "Interest Expense Non Operating": 592000000.0,
        "Interest Income Non Operating": 2000000.0,
        "Operating Income": 491000000.0,
        "Operating Expense": 905000000.0,
        "Other Operating Expenses": 78000000.0,
        "Depreciation Amortization Depletion Income Statement": 327000000.0,
        "Depreciation And Amortization In Income Statement": 327000000.0,
        "Selling General And Administration": 500000000.0,
        "General And Administrative Expense": 500000000.0,
        "Other Gand A": 500000000.0,
        "Gross Profit": 1396000000.0,
        "Cost Of Revenue": 1346000000.0,
        "Total Revenue": 2742000000.0,
        "Operating Revenue": 2450000000.0
    },
    "2024-06-30": {
        "Tax Effect Of Unusual Items": -28140000.0,
        "Tax Rate For Calcs": 0.21,
        "Normalized EBITDA": 964000000.0,
        "Total Unusual Items": -134000000.0,
        "Total Unusual Items Excluding Goodwill": -134000000.0,
        "Net Income From Continuing Operation Net Minority Interest": -122000000.0,
        "Reconciled Depreciation": 326000000.0,
        "Reconciled Cost Of Revenue": 1322000000.0,
        "EBITDA": 830000000.0,
        "EBIT": 504000000.0,
        "Net Interest Income": -594000000.0,
        "Interest Expense": 596000000.0,
        "Interest Income": 2000000.0,
        "Normalized Income": -16140000.0,
        "Net Income From Continuing And Discontinued Operation": -122000000.0,
        "Total Expenses": 2193000000.0,
        "Total Operating Income As Reported": 506000000.0,
        "Diluted Average Shares": 216000000.0,
        "Basic Average Shares": 216000000.0,
        "Diluted EPS": -0.56,
        "Basic EPS": -0.56,
        "Diluted NI Availto Com Stockholders": -122000000.0,
        "Net Income Common Stockholders": -122000000.0,
        "Net Income": -122000000.0,
        "Minority Interests": -20000000.0,
        "Net Income Including Noncontrolling Interests": -102000000.0,
        "Net Income Discontinuous Operations": NaN,
        "Net Income Continuous Operations": -102000000.0,
        "Tax Provision": 10000000.0,
        "Pretax Income": -92000000.0,
        "Other Income Expense": -135000000.0,
        "Other Non Operating Income Expenses": -1000000.0,
        "Special Income Charges": -134000000.0,
        "Other Special Charges": 3000000.0,
        "Impairment Of Capital Assets": 118000000.0,
        "Restructuring And Mergern Acquisition": 13000000.0,
        "Net Non Operating Interest Income Expense": -594000000.0,
        "Interest Expense Non Operating": 596000000.0,
        "Interest Income Non Operating": 2000000.0,
        "Operating Income": 637000000.0,
        "Operating Expense": 871000000.0,
        "Other Operating Expenses": 80000000.0,
        "Depreciation Amortization Depletion Income Statement": 326000000.0,
        "Depreciation And Amortization In Income Statement": 326000000.0,
        "Selling General And Administration": 465000000.0,
        "General And Administrative Expense": 465000000.0,
        "Other Gand A": 465000000.0,
        "Gross Profit": 1508000000.0,
        "Cost Of Revenue": 1322000000.0,
        "Total Revenue": 2830000000.0,
        "Operating Revenue": 2506000000.0
    }
}