{
    "2023-06-30": {
        "Tax Effect Of Unusual Items": 2295.0,
        "Tax Rate For Calcs": 0.255,
        "Total Unusual Items": 9000.0,
        "Total Unusual Items Excluding Goodwill": 9000.0,
        "Net Income From Continuing Operation Net Minority Interest": 3206000.0,
        "Reconciled Depreciation": 938000.0,
        "Net Interest Income": 11686000.0,
        "Interest Expense": 9091000.0,
        "Interest Income": 20777000.0,
        "Normalized Income": 3199295.0,
        "Net Income From Continuing And Discontinued Operation": 3206000.0,
        "Diluted Average Shares": 10478000.0,
        "Basic Average Shares": 10478000.0,
        "Diluted EPS": 0.31,
        "Basic EPS": 0.31,
        "Diluted NI Availto Com Stockholders": 3206000.0,
        "Net Income Common Stockholders": 3206000.0,
        "Net Income": 3206000.0,
        "Net Income Including Noncontrolling Interests": 3206000.0,
        "Net Income Continuous Operations": 3206000.0,
        "Tax Provision": 1097000.0,
        "Pretax Income": 4303000.0,
        "Gain On Sale Of Security": 10000.0,
        "Depreciation Amortization Depletion Income Statement": 193000.0,
        "Depreciation And Amortization In Income Statement": 193000.0,
        "Amortization": 193000.0,
        "Amortization Of Intangibles Income Statement": 193000.0,
        "Selling General And Administration": 5690000.0,
        "Selling And Marketing Expense": 151000.0,
        "General And Administrative Expense": 5539000.0,
        "Insurance And Claims": 203000.0,
        "Salaries And Wages": 5336000.0,
        "Total Revenue": 14608000.0,
        "Operating Revenue": 14608000.0
    },
    "2023-03-31": {
        "Tax Effect Of Unusual Items": 7395.0,
        "Tax Rate For Calcs": 0.255,
        "Total Unusual Items": 29000.0,
        "Total Unusual Items Excluding Goodwill": 29000.0,
        "Net Income From Continuing Operation Net Minority Interest": 3662000.0,
        "Reconciled Depreciation": 968000.0,
        "Net Interest Income": 12795000.0,
        "Interest Expense": 6878000.0,
        "Interest Income": 19673000.0,
        "Normalized Income": 3640395.0,
        "Net Income From Continuing And Discontinued Operation": 3662000.0,
        "Diluted Average Shares": 10478000.0,
        "Basic Average Shares": 10472000.0,
        "Diluted EPS": 0.35,
        "Basic EPS": 0.35,
        "Diluted NI Availto Com Stockholders": 3662000.0,
        "Net Income Common Stockholders": 3662000.0,
        "Net Income": 3662000.0,
        "Net Income Including Noncontrolling Interests": 3662000.0,
        "Net Income Continuous Operations": 3662000.0,
        "Tax Provision": 1254000.0,
        "Pretax Income": 4916000.0,
        "Gain On Sale Of Security": 56000.0,
        "Depreciation Amortization Depletion Income Statement": 204000.0,
        "Depreciation And Amortization In Income Statement": 204000.0,
        "Amortization": 204000.0,
        "Amortization Of Intangibles Income Statement": 204000.0,
        "Selling General And Administration": 5675000.0,
        "Selling And Marketing Expense": 136000.0,
        "General And Administrative Expense": 5539000.0,
        "Insurance And Claims": 201000.0,
        "Salaries And Wages": 5338000.0,
        "Total Revenue": 15116000.0,
        "Operating Revenue": 15116000.0
    },
    "2022-12-31": {
        "Tax Effect Of Unusual Items": 96909.263658,
        "Tax Rate For Calcs": 0.256374,
        "Total Unusual Items": 378000.0,
        "Total Unusual Items Excluding Goodwill": 378000.0,
        "Net Income From Continuing Operation Net Minority Interest": 4696000.0,
        "Reconciled Depreciation": 993000.0,
        "Net Interest Income": 14478000.0,
        "Interest Expense": 4881000.0,
        "Interest Income": 19359000.0,
        "Normalized Income": 4414909.263658,
        "Net Income From Continuing And Discontinued Operation": 4696000.0,
        "Diluted Average Shares": 10460025.0,
        "Basic Average Shares": 10435556.0,
        "Diluted EPS": 0.45,
        "Basic EPS": 0.45,
        "Diluted NI Availto Com Stockholders": 4696000.0,
        "Net Income Common Stockholders": 4696000.0,
        "Net Income": 4696000.0,
        "Net Income Including Noncontrolling Interests": 4696000.0,
        "Net Income Continuous Operations": 4696000.0,
        "Tax Provision": 1619000.0,
        "Pretax Income": 6315000.0,
        "Gain On Sale Of Security": 708000.0,
        "Depreciation Amortization Depletion Income Statement": 252000.0,
        "Depreciation And Amortization In Income Statement": 252000.0,
        "Amortization": 252000.0,
        "Amortization Of Intangibles Income Statement": 252000.0,
        "Selling General And Administration": 5614000.0,
        "Selling And Marketing Expense": 255000.0,
        "General And Administrative Expense": 5359000.0,
        "Insurance And Claims": 118000.0,
        "Salaries And Wages": 5241000.0,
        "Total Revenue": 17729000.0,
        "Operating Revenue": 17729000.0
    },
    "2022-09-30": {
        "Tax Effect Of Unusual Items": 1944.0,
        "Tax Rate For Calcs": 0.243,
        "Total Unusual Items": 8000.0,
        "Total Unusual Items Excluding Goodwill": 8000.0,
        "Net Income From Continuing Operation Net Minority Interest": 3993000.0,
        "Reconciled Depreciation": 399000.0,
        "Net Interest Income": 14457000.0,
        "Interest Expense": 3502000.0,
        "Interest Income": 17959000.0,
        "Normalized Income": 3986944.0,
        "Net Income From Continuing And Discontinued Operation": 3993000.0,
        "Diluted Average Shares": 10507895.0,
        "Basic Average Shares": 10507895.0,
        "Diluted EPS": 0.38,
        "Basic EPS": 0.38,
        "Diluted NI Availto Com Stockholders": 3993000.0,
        "Net Income Common Stockholders": 3993000.0,
        "Net Income": 3993000.0,
        "Net Income Including Noncontrolling Interests": 3993000.0,
        "Net Income Continuous Operations": 3993000.0,
        "Tax Provision": 1284000.0,
        "Pretax Income": 5277000.0,
        "Gain On Sale Of Security": -55000.0,
        "Depreciation Amortization Depletion Income Statement": 399000.0,
        "Depreciation And Amortization In Income Statement": 399000.0,
        "Amortization": 399000.0,
        "Amortization Of Intangibles Income Statement": 399000.0,
        "Selling General And Administration": 6319000.0,
        "Selling And Marketing Expense": 300000.0,
        "General And Administrative Expense": 6019000.0,
        "Other Gand A": 1382000.0,
        "Insurance And Claims": 119000.0,
        "Salaries And Wages": 5900000.0,
        "Total Revenue": 16937000.0,
        "Operating Revenue": 16937000.0
    },
    "2022-06-30": {
        "Tax Effect Of Unusual Items": 488.0,
        "Tax Rate For Calcs": 0.244,
        "Total Unusual Items": 2000.0,
        "Total Unusual Items Excluding Goodwill": 2000.0,
        "Net Income From Continuing Operation Net Minority Interest": 4366000.0,
        "Reconciled Depreciation": 399000.0,
        "Net Interest Income": 14267000.0,
        "Interest Expense": 2436000.0,
        "Interest Income": 16703000.0,
        "Normalized Income": 4364488.0,
        "Net Income From Continuing And Discontinued Operation": 4366000.0,
        "Diluted Average Shares": 10648780.0,
        "Basic Average Shares": 10648780.0,
        "Diluted EPS": 0.41,
        "Basic EPS": 0.41,
        "Diluted NI Availto Com Stockholders": 4366000.0,
        "Net Income Common Stockholders": 4366000.0,
        "Net Income": 4366000.0,
        "Net Income Including Noncontrolling Interests": 4366000.0,
        "Net Income Continuous Operations": 4366000.0,
        "Tax Provision": 1411000.0,
        "Pretax Income": 5777000.0,
        "Gain On Sale Of Security": -75000.0,
        "Depreciation Amortization Depletion Income Statement": 399000.0,
        "Depreciation And Amortization In Income Statement": 399000.0,
        "Amortization": 399000.0,
        "Amortization Of Intangibles Income Statement": 399000.0,
        "Selling General And Administration": 5957000.0,
        "Selling And Marketing Expense": 250000.0,
        "General And Administrative Expense": 5707000.0,
        "Other Gand A": 1415000.0,
        "Insurance And Claims": 118000.0,
        "Salaries And Wages": 5589000.0,
        "Total Revenue": 16641000.0,
        "Operating Revenue": 16641000.0
    },
    "2022-03-31": {
        "Diluted EPS": 0.45,
        "Total Revenue": 18,
        "Gross Profit": 16,
        "Operating Income": 6,
        "EBIT": NaN,
        "Net Income": 5
    },
    "2021-12-31": {
        "Diluted EPS": 0.57,
        "Total Revenue": 21,
        "Gross Profit": 19,
        "Operating Income": 8,
        "EBIT": NaN,
        "Net Income": 6
    },
    "2021-09-30": {
        "Diluted EPS": 0.47,
        "Total Revenue": 20,
        "Gross Profit": 17,
        "Operating Income": 7,
        "EBIT": NaN,
        "Net Income": 5
    },
    "2021-06-30": {
        "Diluted EPS": 0.44,
        "Total Revenue": 19,
        "Gross Profit": 17,
        "Operating Income": 6,
        "EBIT": NaN,
        "Net Income": 5
    },
    "2021-03-31": {
        "Diluted EPS": 0.5,
        "Total Revenue": 20,
        "Gross Profit": 17,
        "Operating Income": 7,
        "EBIT": NaN,
        "Net Income": 6
    },
    "2020-12-31": {
        "Diluted EPS": 0.32,
        "Total Revenue": 21,
        "Gross Profit": 18,
        "Operating Income": 5,
        "EBIT": NaN,
        "Net Income": 4
    },
    "2020-09-30": {
        "Diluted EPS": 0.31,
        "Total Revenue": 20,
        "Gross Profit": 17,
        "Operating Income": 5,
        "EBIT": NaN,
        "Net Income": 3
    },
    "2020-06-30": {
        "Diluted EPS": 0.28,
        "Total Revenue": 21,
        "Gross Profit": 17,
        "Operating Income": 4,
        "EBIT": NaN,
        "Net Income": 3
    },
    "2020-03-31": {
        "Diluted EPS": 0.23,
        "Total Revenue": 21,
        "Gross Profit": 16,
        "Operating Income": 4,
        "EBIT": NaN,
        "Net Income": 3
    },
    "2019-12-31": {
        "Diluted EPS": 0.28,
        "Total Revenue": 20,
        "Gross Profit": 16,
        "Operating Income": 4,
        "EBIT": NaN,
        "Net Income": 3
    },
    "2019-09-30": {
        "Diluted EPS": 0.11,
        "Total Revenue": 20,
        "Gross Profit": 15,
        "Operating Income": 2,
        "EBIT": NaN,
        "Net Income": 1
    },
    "2019-06-30": {
        "Diluted EPS": 0.37,
        "Total Revenue": 20,
        "Gross Profit": 15,
        "Operating Income": 6,
        "EBIT": NaN,
        "Net Income": 4
    },
    "2019-03-31": {
        "Diluted EPS": 0.09,
        "Total Revenue": 16,
        "Gross Profit": 12,
        "Operating Income": 1,
        "EBIT": NaN,
        "Net Income": 1
    },
    "2018-12-31": {
        "Diluted EPS": 0.1,
        "Total Revenue": 27,
        "Gross Profit": 22,
        "Operating Income": 4,
        "EBIT": NaN,
        "Net Income": 3
    },
    "2018-09-30": {
        "Diluted EPS": 0.1,
        "Total Revenue": 12,
        "Gross Profit": 10,
        "Operating Income": 2,
        "EBIT": NaN,
        "Net Income": 1
    },
    "2018-06-30": {
        "Diluted EPS": 0.08,
        "Total Revenue": 12,
        "Gross Profit": 9,
        "Operating Income": 1,
        "EBIT": NaN,
        "Net Income": 1
    },
    "2018-03-31": {
        "Diluted EPS": 0.23,
        "Total Revenue": 11,
        "Gross Profit": 9,
        "Operating Income": 2,
        "EBIT": NaN,
        "Net Income": 1
    },
    "2017-12-31": {
        "Diluted EPS": 0.23,
        "Total Revenue": NaN,
        "Gross Profit": -2,
        "Operating Income": -5,
        "EBIT": NaN,
        "Net Income": 1
    },
    "2017-09-30": {
        "Diluted EPS": 0.0,
        "Total Revenue": NaN,
        "Gross Profit": NaN,
        "Operating Income": NaN,
        "EBIT": NaN,
        "Net Income": NaN
    },
    "2017-06-30": {
        "Diluted EPS": 0.2,
        "Total Revenue": 8,
        "Gross Profit": 6,
        "Operating Income": 2,
        "EBIT": NaN,
        "Net Income": 1
    },
    "2017-03-31": {
        "Diluted EPS": 0.17,
        "Total Revenue": 8,
        "Gross Profit": 6,
        "Operating Income": 1,
        "EBIT": NaN,
        "Net Income": 1
    },
    "2016-12-31": {
        "Diluted EPS": 0.18,
        "Total Revenue": NaN,
        "Gross Profit": -1,
        "Operating Income": -4,
        "EBIT": NaN,
        "Net Income": 1
    },
    "2016-09-30": {
        "Diluted EPS": 0.0,
        "Total Revenue": NaN,
        "Gross Profit": NaN,
        "Operating Income": NaN,
        "EBIT": NaN,
        "Net Income": NaN
    },
    "2016-06-30": {
        "Diluted EPS": 0.16,
        "Total Revenue": 7,
        "Gross Profit": 6,
        "Operating Income": 1,
        "EBIT": NaN,
        "Net Income": 1
    },
    "2016-03-31": {
        "Diluted EPS": 0.13,
        "Total Revenue": 7,
        "Gross Profit": 5,
        "Operating Income": 1,
        "EBIT": NaN,
        "Net Income": 1
    },
    "2015-12-31": {
        "Diluted EPS": 0.16,
        "Total Revenue": NaN,
        "Gross Profit": -1,
        "Operating Income": -3,
        "EBIT": NaN,
        "Net Income": 1
    },
    "2015-09-30": {
        "Diluted EPS": 0.0,
        "Total Revenue": NaN,
        "Gross Profit": NaN,
        "Operating Income": NaN,
        "EBIT": NaN,
        "Net Income": NaN
    },
    "2015-06-30": {
        "Diluted EPS": 0.12,
        "Total Revenue": 7,
        "Gross Profit": 5,
        "Operating Income": 1,
        "EBIT": NaN,
        "Net Income": 1
    },
    "2015-03-31": {
        "Diluted EPS": 0.11,
        "Total Revenue": 7,
        "Gross Profit": 6,
        "Operating Income": 1,
        "EBIT": NaN,
        "Net Income": 1
    },
    "2014-12-31": {
        "Diluted EPS": 0.14,
        "Total Revenue": NaN,
        "Gross Profit": -1,
        "Operating Income": -4,
        "EBIT": NaN,
        "Net Income": 1
    },
    "2014-09-30": {
        "Diluted EPS": 0.0,
        "Total Revenue": NaN,
        "Gross Profit": NaN,
        "Operating Income": NaN,
        "EBIT": NaN,
        "Net Income": NaN
    },
    "2014-06-30": {
        "Diluted EPS": 0.11,
        "Total Revenue": 7,
        "Gross Profit": 6,
        "Operating Income": 1,
        "EBIT": NaN,
        "Net Income": 1
    },
    "2014-03-31": {
        "Diluted EPS": 0.06,
        "Total Revenue": 7,
        "Gross Profit": 5,
        "Operating Income": 1,
        "EBIT": NaN,
        "Net Income": 0
    },
    "2013-12-31": {
        "Diluted EPS": 0.06,
        "Total Revenue": NaN,
        "Gross Profit": -1,
        "Operating Income": -4,
        "EBIT": NaN,
        "Net Income": 0
    },
    "2013-09-30": {
        "Diluted EPS": 0.0,
        "Total Revenue": NaN,
        "Gross Profit": NaN,
        "Operating Income": NaN,
        "EBIT": NaN,
        "Net Income": NaN
    },
    "2013-06-30": {
        "Diluted EPS": 0.03,
        "Total Revenue": 7,
        "Gross Profit": 5,
        "Operating Income": 0,
        "EBIT": NaN,
        "Net Income": 0
    },
    "2013-03-31": {
        "Diluted EPS": 0.06,
        "Total Revenue": 7,
        "Gross Profit": 5,
        "Operating Income": 1,
        "EBIT": NaN,
        "Net Income": 0
    },
    "2012-12-31": {
        "Diluted EPS": 0.05,
        "Total Revenue": NaN,
        "Gross Profit": -1,
        "Operating Income": -4,
        "EBIT": NaN,
        "Net Income": 0
    },
    "2012-09-30": {
        "Diluted EPS": 0.0,
        "Total Revenue": NaN,
        "Gross Profit": NaN,
        "Operating Income": NaN,
        "EBIT": NaN,
        "Net Income": NaN
    },
    "2012-06-30": {
        "Diluted EPS": 0.07,
        "Total Revenue": 7,
        "Gross Profit": 6,
        "Operating Income": 1,
        "EBIT": NaN,
        "Net Income": 0
    },
    "2012-03-31": {
        "Diluted EPS": 0.01,
        "Total Revenue": 7,
        "Gross Profit": 6,
        "Operating Income": 0,
        "EBIT": NaN,
        "Net Income": 0
    },
    "2011-12-31": {
        "Diluted EPS": -0.08,
        "Total Revenue": 7,
        "Gross Profit": 5,
        "Operating Income": -1,
        "EBIT": NaN,
        "Net Income": 0
    },
    "2011-09-30": {
        "Diluted EPS": 0.04,
        "Total Revenue": 8,
        "Gross Profit": 6,
        "Operating Income": 0,
        "EBIT": NaN,
        "Net Income": 0
    },
    "2011-06-30": {
        "Diluted EPS": 0.03,
        "Total Revenue": 8,
        "Gross Profit": 6,
        "Operating Income": 0,
        "EBIT": NaN,
        "Net Income": 0
    },
    "2011-03-31": {
        "Diluted EPS": 0.02,
        "Total Revenue": 8,
        "Gross Profit": 6,
        "Operating Income": 0,
        "EBIT": NaN,
        "Net Income": 0
    },
    "2010-12-31": {
        "Diluted EPS": 0.0,
        "Total Revenue": 8,
        "Gross Profit": 5,
        "Operating Income": 0,
        "EBIT": NaN,
        "Net Income": 0
    },
    "2010-09-30": {
        "Diluted EPS": 0.0,
        "Total Revenue": 3,
        "Gross Profit": 0,
        "Operating Income": -9,
        "EBIT": NaN,
        "Net Income": -7
    },
    "2010-06-30": {
        "Diluted EPS": 0.03,
        "Total Revenue": 9,
        "Gross Profit": 6,
        "Operating Income": 0,
        "EBIT": NaN,
        "Net Income": 0
    },
    "2010-03-31": {
        "Diluted EPS": -0.02,
        "Total Revenue": 8,
        "Gross Profit": 5,
        "Operating Income": 0,
        "EBIT": NaN,
        "Net Income": 0
    },
    "2009-12-31": {
        "Diluted EPS": 0.0,
        "Total Revenue": NaN,
        "Gross Profit": NaN,
        "Operating Income": NaN,
        "EBIT": NaN,
        "Net Income": NaN
    },
    "2009-09-30": {
        "Diluted EPS": 0.1,
        "Total Revenue": 9,
        "Gross Profit": 9,
        "Operating Income": 9,
        "EBIT": NaN,
        "Net Income": 0
    },
    "2023-09-30": {
        "Tax Effect Of Unusual Items": -21000.0,
        "Tax Rate For Calcs": 0.21,
        "Total Unusual Items": -100000.0,
        "Total Unusual Items Excluding Goodwill": -100000.0,
        "Net Income From Continuing Operation Net Minority Interest": 2498000.0,
        "Reconciled Depreciation": 913000.0,
        "Net Interest Income": 12121000.0,
        "Interest Expense": 9651000.0,
        "Interest Income": 21772000.0,
        "Normalized Income": 2577000.0,
        "Net Income From Continuing And Discontinued Operation": 2498000.0,
        "Diluted Average Shares": 10470000.0,
        "Basic Average Shares": 10470000.0,
        "Diluted EPS": 0.24,
        "Basic EPS": 0.24,
        "Diluted NI Availto Com Stockholders": 2498000.0,
        "Net Income Common Stockholders": 2498000.0,
        "Net Income": 2498000.0,
        "Net Income Including Noncontrolling Interests": 2498000.0,
        "Net Income Continuous Operations": 2498000.0,
        "Tax Provision": 2544000.0,
        "Pretax Income": 5042000.0,
        "Gain On Sale Of Security": 116000.0,
        "Depreciation Amortization Depletion Income Statement": 179000.0,
        "Depreciation And Amortization In Income Statement": 179000.0,
        "Amortization": 179000.0,
        "Amortization Of Intangibles Income Statement": 179000.0,
        "Selling General And Administration": 5682000.0,
        "Selling And Marketing Expense": 185000.0,
        "General And Administrative Expense": 5497000.0,
        "Insurance And Claims": 204000.0,
        "Salaries And Wages": 5293000.0,
        "Total Revenue": 14586000.0,
        "Operating Revenue": 14586000.0
    },
    "2023-12-31": {
        "Tax Effect Of Unusual Items": 0.0,
        "Tax Rate For Calcs": 0.209377,
        "Total Unusual Items": 0.0,
        "Total Unusual Items Excluding Goodwill": 0.0,
        "Net Income From Continuing Operation Net Minority Interest": 3693000.0,
        "Reconciled Depreciation": 922000.0,
        "Net Interest Income": 11747000.0,
        "Interest Expense": 10279000.0,
        "Interest Income": 22026000.0,
        "Normalized Income": 3693000.0,
        "Net Income From Continuing And Discontinued Operation": 3693000.0,
        "Diluted Average Shares": 10551429.0,
        "Basic Average Shares": 10551429.0,
        "Diluted EPS": 0.35,
        "Basic EPS": 0.35,
        "Diluted NI Availto Com Stockholders": 3693000.0,
        "Net Income Common Stockholders": 3693000.0,
        "Net Income": 3693000.0,
        "Net Income Including Noncontrolling Interests": 3693000.0,
        "Net Income Continuous Operations": 3693000.0,
        "Tax Provision": 978000.0,
        "Pretax Income": 4671000.0,
        "Gain On Sale Of Security": 277000.0,
        "Depreciation Amortization Depletion Income Statement": 179000.0,
        "Depreciation And Amortization In Income Statement": 179000.0,
        "Amortization": 179000.0,
        "Amortization Of Intangibles Income Statement": 179000.0,
        "Selling General And Administration": 5605000.0,
        "Selling And Marketing Expense": 262000.0,
        "General And Administrative Expense": 5343000.0,
        "Insurance And Claims": 204000.0,
        "Salaries And Wages": 5139000.0,
        "Total Revenue": 14227000.0,
        "Operating Revenue": 14227000.0
    },
    "2024-03-31": {
        "Tax Effect Of Unusual Items": 0.0,
        "Tax Rate For Calcs": 0.213,
        "Total Unusual Items": 0.0,
        "Total Unusual Items Excluding Goodwill": 0.0,
        "Net Income From Continuing Operation Net Minority Interest": 4088000.0,
        "Reconciled Depreciation": 888000.0,
        "Net Interest Income": 11905000.0,
        "Interest Expense": 10774000.0,
        "Interest Income": 22679000.0,
        "Normalized Income": 4088000.0,
        "Net Income From Continuing And Discontinued Operation": 4088000.0,
        "Diluted Average Shares": 10443000.0,
        "Basic Average Shares": 10439000.0,
        "Diluted EPS": 0.39,
        "Basic EPS": 0.39,
        "Diluted NI Availto Com Stockholders": 4088000.0,
        "Net Income Common Stockholders": 4088000.0,
        "Net Income": 4088000.0,
        "Net Income Including Noncontrolling Interests": 4088000.0,
        "Net Income Continuous Operations": 4088000.0,
        "Tax Provision": 1104000.0,
        "Pretax Income": 5192000.0,
        "Gain On Sale Of Security": 167000.0,
        "Depreciation Amortization Depletion Income Statement": 179000.0,
        "Depreciation And Amortization In Income Statement": 179000.0,
        "Amortization": 179000.0,
        "Amortization Of Intangibles Income Statement": 179000.0,
        "Selling General And Administration": 5852000.0,
        "Selling And Marketing Expense": 164000.0,
        "General And Administrative Expense": 5688000.0,
        "Insurance And Claims": 205000.0,
        "Salaries And Wages": 5483000.0,
        "Total Revenue": 15169000.0,
        "Operating Revenue": 15169000.0
    }
}