{
    "2023-03-31": {
        "Tax Effect Of Unusual Items": NaN,
        "Tax Rate For Calcs": NaN,
        "Normalized EBITDA": NaN,
        "Net Income From Continuing Operation Net Minority Interest": NaN,
        "Reconciled Cost Of Revenue": NaN,
        "EBITDA": NaN,
        "EBIT": NaN,
        "Net Interest Income": NaN,
        "Interest Expense": NaN,
        "Normalized Income": NaN,
        "Net Income From Continuing And Discontinued Operation": NaN,
        "Total Expenses": NaN,
        "Total Operating Income As Reported": NaN,
        "Diluted Average Shares": NaN,
        "Basic Average Shares": NaN,
        "Diluted EPS": NaN,
        "Basic EPS": NaN,
        "Diluted NI Availto Com Stockholders": NaN,
        "Net Income Common Stockholders": NaN,
        "Otherunder Preferred Stock Dividend": 0.0,
        "Net Income": NaN,
        "Net Income Including Noncontrolling Interests": NaN,
        "Net Income Continuous Operations": NaN,
        "Tax Provision": NaN,
        "Pretax Income": NaN,
        "Other Income Expense": NaN,
        "Other Non Operating Income Expenses": NaN,
        "Net Non Operating Interest Income Expense": NaN,
        "Interest Expense Non Operating": NaN,
        "Operating Income": NaN,
        "Operating Expense": NaN,
        "Other Operating Expenses": NaN,
        "Research And Development": NaN,
        "Selling General And Administration": NaN,
        "Selling And Marketing Expense": NaN,
        "General And Administrative Expense": NaN,
        "Other Gand A": NaN,
        "Gross Profit": NaN,
        "Cost Of Revenue": NaN,
        "Total Revenue": NaN,
        "Operating Revenue": NaN
    },
    "2022-12-31": {
        "Tax Effect Of Unusual Items": NaN,
        "Tax Rate For Calcs": NaN,
        "Normalized EBITDA": NaN,
        "Net Income From Continuing Operation Net Minority Interest": NaN,
        "Reconciled Cost Of Revenue": NaN,
        "EBITDA": NaN,
        "EBIT": NaN,
        "Net Interest Income": NaN,
        "Interest Expense": NaN,
        "Normalized Income": NaN,
        "Net Income From Continuing And Discontinued Operation": NaN,
        "Total Expenses": NaN,
        "Total Operating Income As Reported": NaN,
        "Diluted Average Shares": NaN,
        "Basic Average Shares": NaN,
        "Diluted EPS": NaN,
        "Basic EPS": NaN,
        "Diluted NI Availto Com Stockholders": NaN,
        "Net Income Common Stockholders": NaN,
        "Otherunder Preferred Stock Dividend": 0.0,
        "Net Income": NaN,
        "Net Income Including Noncontrolling Interests": NaN,
        "Net Income Continuous Operations": NaN,
        "Tax Provision": NaN,
        "Pretax Income": NaN,
        "Other Income Expense": NaN,
        "Other Non Operating Income Expenses": NaN,
        "Net Non Operating Interest Income Expense": NaN,
        "Interest Expense Non Operating": NaN,
        "Operating Income": NaN,
        "Operating Expense": NaN,
        "Other Operating Expenses": NaN,
        "Research And Development": NaN,
        "Selling General And Administration": NaN,
        "Selling And Marketing Expense": NaN,
        "General And Administrative Expense": NaN,
        "Other Gand A": NaN,
        "Gross Profit": NaN,
        "Cost Of Revenue": NaN,
        "Total Revenue": NaN,
        "Operating Revenue": NaN
    },
    "2022-09-30": {
        "Tax Effect Of Unusual Items": NaN,
        "Tax Rate For Calcs": NaN,
        "Normalized EBITDA": NaN,
        "Net Income From Continuing Operation Net Minority Interest": NaN,
        "Reconciled Cost Of Revenue": NaN,
        "EBITDA": NaN,
        "EBIT": NaN,
        "Net Interest Income": NaN,
        "Interest Expense": NaN,
        "Normalized Income": NaN,
        "Net Income From Continuing And Discontinued Operation": NaN,
        "Total Expenses": NaN,
        "Total Operating Income As Reported": NaN,
        "Diluted Average Shares": NaN,
        "Basic Average Shares": NaN,
        "Diluted EPS": NaN,
        "Basic EPS": NaN,
        "Diluted NI Availto Com Stockholders": NaN,
        "Net Income Common Stockholders": NaN,
        "Otherunder Preferred Stock Dividend": 0.0,
        "Net Income": NaN,
        "Net Income Including Noncontrolling Interests": NaN,
        "Net Income Continuous Operations": NaN,
        "Tax Provision": NaN,
        "Pretax Income": NaN,
        "Other Income Expense": NaN,
        "Other Non Operating Income Expenses": NaN,
        "Net Non Operating Interest Income Expense": NaN,
        "Interest Expense Non Operating": NaN,
        "Operating Income": NaN,
        "Operating Expense": NaN,
        "Other Operating Expenses": NaN,
        "Research And Development": NaN,
        "Selling General And Administration": NaN,
        "Selling And Marketing Expense": NaN,
        "General And Administrative Expense": NaN,
        "Other Gand A": NaN,
        "Gross Profit": NaN,
        "Cost Of Revenue": NaN,
        "Total Revenue": NaN,
        "Operating Revenue": NaN
    },
    "2022-06-30": {
        "Tax Effect Of Unusual Items": 0.0,
        "Tax Rate For Calcs": 0.00216,
        "Normalized EBITDA": -578712000.0,
        "Net Income From Continuing Operation Net Minority Interest": -578847000.0,
        "Reconciled Cost Of Revenue": 1431286000.0,
        "EBITDA": -578712000.0,
        "EBIT": -578712000.0,
        "Net Interest Income": -1388000.0,
        "Interest Expense": 1388000.0,
        "Normalized Income": -578847000.0,
        "Net Income From Continuing And Discontinued Operation": -578847000.0,
        "Total Expenses": 2889812000.0,
        "Total Operating Income As Reported": -608720000.0,
        "Diluted Average Shares": 242215192.0,
        "Basic Average Shares": 242215192.0,
        "Diluted EPS": -2.4,
        "Basic EPS": -2.4,
        "Diluted NI Availto Com Stockholders": -578847000.0,
        "Net Income Common Stockholders": -578847000.0,
        "Otherunder Preferred Stock Dividend": 0.0,
        "Net Income": -578847000.0,
        "Net Income Including Noncontrolling Interests": -578847000.0,
        "Net Income Continuous Operations": -578847000.0,
        "Tax Provision": -1253000.0,
        "Pretax Income": -580100000.0,
        "Other Income Expense": 30008000.0,
        "Other Non Operating Income Expenses": 30008000.0,
        "Net Non Operating Interest Income Expense": -1388000.0,
        "Interest Expense Non Operating": 1388000.0,
        "Operating Income": -608720000.0,
        "Operating Expense": 1458526000.0,
        "Other Operating Expenses": 8302000.0,
        "Research And Development": 160038000.0,
        "Selling General And Administration": 1290186000.0,
        "Selling And Marketing Expense": 1190244000.0,
        "General And Administrative Expense": 99942000.0,
        "Other Gand A": 99942000.0,
        "Gross Profit": 849806000.0,
        "Cost Of Revenue": 1431286000.0,
        "Total Revenue": 2281092000.0,
        "Operating Revenue": 2281092000.0
    },
    "2022-03-31": {
        "Diluted EPS": -0.39,
        "Total Revenue": 319,
        "Gross Profit": 119,
        "Operating Income": -99,
        "EBIT": -99,
        "Net Income": -95
    },
    "2021-12-31": {
        "Diluted EPS": -0.41,
        "Total Revenue": 330,
        "Gross Profit": 106,
        "Operating Income": -100,
        "EBIT": -100,
        "Net Income": -95
    },
    "2021-09-30": {
        "Diluted EPS": -0.35,
        "Total Revenue": 261,
        "Gross Profit": 70,
        "Operating Income": -87,
        "EBIT": -87,
        "Net Income": -84
    },
    "2021-06-30": {
        "Diluted EPS": -0.42,
        "Total Revenue": 228,
        "Gross Profit": 52,
        "Operating Income": -103,
        "EBIT": -103,
        "Net Income": -99
    },
    "2021-03-31": {
        "Diluted EPS": -0.46,
        "Total Revenue": 258,
        "Gross Profit": 43,
        "Operating Income": -114,
        "EBIT": -114,
        "Net Income": -110
    },
    "2020-12-31": {
        "Diluted EPS": -0.16,
        "Total Revenue": 349,
        "Gross Profit": 65,
        "Operating Income": -97,
        "EBIT": -97,
        "Net Income": -99
    },
    "2020-09-30": {
        "Diluted EPS": -0.28,
        "Total Revenue": 188,
        "Gross Profit": 41,
        "Operating Income": -65,
        "EBIT": -65,
        "Net Income": -63
    },
    "2020-06-30": {
        "Diluted EPS": -0.72,
        "Total Revenue": 187,
        "Gross Profit": 32,
        "Operating Income": -67,
        "EBIT": -67,
        "Net Income": -87
    },
    "2020-03-31": {
        "Diluted EPS": -0.76,
        "Total Revenue": 155,
        "Gross Profit": 19,
        "Operating Income": -41,
        "EBIT": -34,
        "Net Income": -70
    },
    "2019-12-31": {
        "Diluted EPS": 0.0,
        "Total Revenue": NaN,
        "Gross Profit": NaN,
        "Operating Income": NaN,
        "EBIT": NaN,
        "Net Income": NaN
    },
    "2023-06-30": {
        "Tax Effect Of Unusual Items": NaN,
        "Tax Rate For Calcs": NaN,
        "Normalized EBITDA": NaN,
        "Net Income From Continuing Operation Net Minority Interest": NaN,
        "Reconciled Cost Of Revenue": NaN,
        "EBITDA": NaN,
        "EBIT": NaN,
        "Net Interest Income": NaN,
        "Interest Expense": NaN,
        "Normalized Income": NaN,
        "Net Income From Continuing And Discontinued Operation": NaN,
        "Total Expenses": NaN,
        "Total Operating Income As Reported": NaN,
        "Diluted Average Shares": NaN,
        "Basic Average Shares": NaN,
        "Diluted EPS": NaN,
        "Basic EPS": NaN,
        "Diluted NI Availto Com Stockholders": NaN,
        "Net Income Common Stockholders": NaN,
        "Otherunder Preferred Stock Dividend": 0.0,
        "Net Income": NaN,
        "Net Income Including Noncontrolling Interests": NaN,
        "Net Income Continuous Operations": NaN,
        "Tax Provision": NaN,
        "Pretax Income": NaN,
        "Other Income Expense": NaN,
        "Other Non Operating Income Expenses": NaN,
        "Net Non Operating Interest Income Expense": NaN,
        "Interest Expense Non Operating": NaN,
        "Operating Income": NaN,
        "Operating Expense": NaN,
        "Other Operating Expenses": NaN,
        "Research And Development": NaN,
        "Selling General And Administration": NaN,
        "Selling And Marketing Expense": NaN,
        "General And Administrative Expense": NaN,
        "Other Gand A": NaN,
        "Gross Profit": NaN,
        "Cost Of Revenue": NaN,
        "Total Revenue": NaN,
        "Operating Revenue": NaN
    },
    "2023-09-30": {
        "Tax Effect Of Unusual Items": 0.0,
        "Tax Rate For Calcs": 0.007493,
        "Normalized EBITDA": -167232000.0,
        "Net Income From Continuing Operation Net Minority Interest": -165979000.0,
        "Reconciled Cost Of Revenue": 1711235000.0,
        "EBITDA": -167232000.0,
        "EBIT": -167232000.0,
        "Net Interest Income": 0.0,
        "Interest Expense": 0.0,
        "Normalized Income": -165979000.0,
        "Net Income From Continuing And Discontinued Operation": -165979000.0,
        "Total Expenses": 2832318000.0,
        "Total Operating Income As Reported": -210479000.0,
        "Diluted Average Shares": 260511423.0,
        "Basic Average Shares": 260511423.0,
        "Diluted EPS": -0.64,
        "Basic EPS": -0.64,
        "Diluted NI Availto Com Stockholders": -165979000.0,
        "Net Income Common Stockholders": -165979000.0,
        "Otherunder Preferred Stock Dividend": 0.0,
        "Net Income": -165979000.0,
        "Net Income Including Noncontrolling Interests": -165979000.0,
        "Net Income Continuous Operations": -165979000.0,
        "Tax Provision": -1253000.0,
        "Pretax Income": -167232000.0,
        "Other Income Expense": 43247000.0,
        "Other Non Operating Income Expenses": 43247000.0,
        "Net Non Operating Interest Income Expense": 0.0,
        "Interest Expense Non Operating": 0.0,
        "Operating Income": -210479000.0,
        "Operating Expense": 1121083000.0,
        "Other Operating Expenses": -20560000.0,
        "Research And Development": 94097000.0,
        "Selling General And Administration": 1047546000.0,
        "Selling And Marketing Expense": 1018496000.0,
        "General And Administrative Expense": 29050000.0,
        "Other Gand A": 29050000.0,
        "Gross Profit": 910604000.0,
        "Cost Of Revenue": 1711235000.0,
        "Total Revenue": 2621839000.0,
        "Operating Revenue": 2621839000.0
    },
    "2023-12-31": {
        "Tax Effect Of Unusual Items": 0.0,
        "Tax Rate For Calcs": 0.000976,
        "Normalized EBITDA": -1283642000.0,
        "Net Income From Continuing Operation Net Minority Interest": -1282389000.0,
        "Reconciled Cost Of Revenue": 1918942000.0,
        "EBITDA": -1283642000.0,
        "EBIT": -1283642000.0,
        "Net Interest Income": 0.0,
        "Interest Expense": 0.0,
        "Normalized Income": -1282389000.0,
        "Net Income From Continuing And Discontinued Operation": -1282389000.0,
        "Total Expenses": 3109317000.0,
        "Total Operating Income As Reported": -1314733000.0,
        "Diluted Average Shares": 262420857.0,
        "Basic Average Shares": 262420857.0,
        "Diluted EPS": -4.88,
        "Basic EPS": -4.88,
        "Diluted NI Availto Com Stockholders": -1282389000.0,
        "Net Income Common Stockholders": -1282389000.0,
        "Otherunder Preferred Stock Dividend": NaN,
        "Net Income": -1282389000.0,
        "Net Income Including Noncontrolling Interests": -1282389000.0,
        "Net Income Continuous Operations": -1282389000.0,
        "Tax Provision": -1253000.0,
        "Pretax Income": -1283642000.0,
        "Other Income Expense": -926514000.0,
        "Other Non Operating Income Expenses": 31091000.0,
        "Net Non Operating Interest Income Expense": 0.0,
        "Interest Expense Non Operating": 0.0,
        "Operating Income": -357128000.0,
        "Operating Expense": 1190375000.0,
        "Other Operating Expenses": 7838000.0,
        "Research And Development": 91490000.0,
        "Selling General And Administration": 1091047000.0,
        "Selling And Marketing Expense": 1002293000.0,
        "General And Administrative Expense": 88754000.0,
        "Other Gand A": 88754000.0,
        "Gross Profit": 833247000.0,
        "Cost Of Revenue": 1918942000.0,
        "Total Revenue": 2752189000.0,
        "Operating Revenue": 2752189000.0
    },
    "2024-03-31": {
        "Tax Effect Of Unusual Items": 0.0,
        "Tax Rate For Calcs": 0.006227,
        "Normalized EBITDA": -330026000.0,
        "Net Income From Continuing Operation Net Minority Interest": -327971000.0,
        "Reconciled Cost Of Revenue": 1840027000.0,
        "EBITDA": -330026000.0,
        "EBIT": -330026000.0,
        "Net Interest Income": 0.0,
        "Interest Expense": 0.0,
        "Normalized Income": -327971000.0,
        "Net Income From Continuing And Discontinued Operation": -327971000.0,
        "Total Expenses": 2816603000.0,
        "Total Operating Income As Reported": -364848000.0,
        "Diluted Average Shares": 264284823.0,
        "Basic Average Shares": 264284823.0,
        "Diluted EPS": -1.24,
        "Basic EPS": -1.24,
        "Diluted NI Availto Com Stockholders": -327971000.0,
        "Net Income Common Stockholders": -327971000.0,
        "Otherunder Preferred Stock Dividend": NaN,
        "Net Income": -327971000.0,
        "Net Income Including Noncontrolling Interests": -327971000.0,
        "Net Income Continuous Operations": -327971000.0,
        "Tax Provision": -2055000.0,
        "Pretax Income": -330026000.0,
        "Other Income Expense": 34822000.0,
        "Other Non Operating Income Expenses": 34822000.0,
        "Net Non Operating Interest Income Expense": 0.0,
        "Interest Expense Non Operating": 0.0,
        "Operating Income": -364848000.0,
        "Operating Expense": 976576000.0,
        "Other Operating Expenses": 13656000.0,
        "Research And Development": 94059000.0,
        "Selling General And Administration": 868861000.0,
        "Selling And Marketing Expense": 818298000.0,
        "General And Administrative Expense": 50563000.0,
        "Other Gand A": 50563000.0,
        "Gross Profit": 611728000.0,
        "Cost Of Revenue": 1840027000.0,
        "Total Revenue": 2451755000.0,
        "Operating Revenue": 2451755000.0
    },
    "2024-06-30": {
        "Tax Effect Of Unusual Items": 0.0,
        "Tax Rate For Calcs": 0.007194,
        "Normalized EBITDA": -288305000.0,
        "Net Income From Continuing Operation Net Minority Interest": -286231000.0,
        "Reconciled Cost Of Revenue": 1735748000.0,
        "EBITDA": -288305000.0,
        "EBIT": -288305000.0,
        "Net Interest Income": 0.0,
        "Interest Expense": 0.0,
        "Normalized Income": -286231000.0,
        "Net Income From Continuing And Discontinued Operation": -286231000.0,
        "Total Expenses": 2660398000.0,
        "Total Operating Income As Reported": -310491000.0,
        "Diluted Average Shares": 260993031.0,
        "Basic Average Shares": 260993031.0,
        "Diluted EPS": -1.08,
        "Basic EPS": -1.08,
        "Diluted NI Availto Com Stockholders": -286231000.0,
        "Net Income Common Stockholders": -286231000.0,
        "Otherunder Preferred Stock Dividend": NaN,
        "Net Income": -286231000.0,
        "Net Income Including Noncontrolling Interests": -286231000.0,
        "Net Income Continuous Operations": -286231000.0,
        "Tax Provision": -2074000.0,
        "Pretax Income": -288305000.0,
        "Other Income Expense": 22186000.0,
        "Other Non Operating Income Expenses": 22186000.0,
        "Net Non Operating Interest Income Expense": 0.0,
        "Interest Expense Non Operating": 0.0,
        "Operating Income": -310491000.0,
        "Operating Expense": 924650000.0,
        "Other Operating Expenses": 9253000.0,
        "Research And Development": 85364000.0,
        "Selling General And Administration": 830033000.0,
        "Selling And Marketing Expense": 781910000.0,
        "General And Administrative Expense": 48123000.0,
        "Other Gand A": 48123000.0,
        "Gross Profit": 614159000.0,
        "Cost Of Revenue": 1735748000.0,
        "Total Revenue": 2349907000.0,
        "Operating Revenue": 2349907000.0
    },
    "2024-09-30": {
        "Tax Effect Of Unusual Items": 0.0,
        "Tax Rate For Calcs": 0.010471,
        "Normalized EBITDA": -199415000.0,
        "Net Income From Continuing Operation Net Minority Interest": -197327000.0,
        "Reconciled Cost Of Revenue": 1731655000.0,
        "EBITDA": -199415000.0,
        "EBIT": -199415000.0,
        "Net Interest Income": 0.0,
        "Interest Expense": 0.0,
        "Normalized Income": -197327000.0,
        "Net Income From Continuing And Discontinued Operation": -197327000.0,
        "Total Expenses": 2656224000.0,
        "Total Operating Income As Reported": -226785000.0,
        "Diluted Average Shares": 259915478.0,
        "Basic Average Shares": 259915478.0,
        "Diluted EPS": -0.76,
        "Basic EPS": -0.76,
        "Diluted NI Availto Com Stockholders": -197327000.0,
        "Net Income Common Stockholders": -197327000.0,
        "Otherunder Preferred Stock Dividend": NaN,
        "Net Income": -197327000.0,
        "Net Income Including Noncontrolling Interests": -197327000.0,
        "Net Income Continuous Operations": -197327000.0,
        "Tax Provision": -2088000.0,
        "Pretax Income": -199415000.0,
        "Other Income Expense": 27370000.0,
        "Other Non Operating Income Expenses": 27370000.0,
        "Net Non Operating Interest Income Expense": 0.0,
        "Interest Expense Non Operating": 0.0,
        "Operating Income": -226785000.0,
        "Operating Expense": 924569000.0,
        "Other Operating Expenses": 9104000.0,
        "Research And Development": 90314000.0,
        "Selling General And Administration": 825151000.0,
        "Selling And Marketing Expense": 717428000.0,
        "General And Administrative Expense": 107723000.0,
        "Other Gand A": 107723000.0,
        "Gross Profit": 697784000.0,
        "Cost Of Revenue": 1731655000.0,
        "Total Revenue": 2429439000.0,
        "Operating Revenue": 2429439000.0
    }
}