{
    "2023-04-30": {
        "Tax Effect Of Unusual Items": -838740.0,
        "Tax Rate For Calcs": 0.21,
        "Normalized EBITDA": 26707000.0,
        "Total Unusual Items": -3994000.0,
        "Total Unusual Items Excluding Goodwill": -3994000.0,
        "Net Income From Continuing Operation Net Minority Interest": 21399000.0,
        "Reconciled Depreciation": 4450000.0,
        "Reconciled Cost Of Revenue": 157718000.0,
        "EBITDA": 22713000.0,
        "EBIT": 18263000.0,
        "Net Interest Income": -199000.0,
        "Interest Expense": NaN,
        "Normalized Income": 24554260.0,
        "Net Income From Continuing And Discontinued Operation": 21399000.0,
        "Total Expenses": 191599000.0,
        "Total Operating Income As Reported": 18263000.0,
        "Diluted Average Shares": 45910000.0,
        "Basic Average Shares": 45659000.0,
        "Diluted EPS": 0.47,
        "Basic EPS": 0.47,
        "Diluted NI Availto Com Stockholders": 21399000.0,
        "Average Dilution Earnings": NaN,
        "Net Income Common Stockholders": 21399000.0,
        "Net Income": 21399000.0,
        "Net Income Including Noncontrolling Interests": 21399000.0,
        "Net Income Continuous Operations": 21399000.0,
        "Tax Provision": -8211000.0,
        "Pretax Income": 13188000.0,
        "Other Income Expense": -4876000.0,
        "Other Non Operating Income Expenses": 2450000.0,
        "Special Income Charges": -4473000.0,
        "Impairment Of Capital Assets": 0.0,
        "Net Non Operating Interest Income Expense": -199000.0,
        "Total Other Finance Cost": 199000.0,
        "Interest Expense Non Operating": NaN,
        "Operating Income": 18263000.0,
        "Operating Expense": 33881000.0,
        "Research And Development": 8334000.0,
        "Selling General And Administration": 25547000.0,
        "Selling And Marketing Expense": 14789000.0,
        "General And Administrative Expense": 10758000.0,
        "Other Gand A": 10758000.0,
        "Gross Profit": 52144000.0,
        "Cost Of Revenue": 157718000.0,
        "Total Revenue": 209862000.0,
        "Operating Revenue": 209862000.0
    },
    "2023-01-31": {
        "Tax Effect Of Unusual Items": -1395680.0,
        "Tax Rate For Calcs": 0.305,
        "Normalized EBITDA": 14632000.0,
        "Total Unusual Items": -4576000.0,
        "Total Unusual Items Excluding Goodwill": -4576000.0,
        "Net Income From Continuing Operation Net Minority Interest": 3713000.0,
        "Reconciled Depreciation": 4318000.0,
        "Reconciled Cost Of Revenue": 143262000.0,
        "EBITDA": 10056000.0,
        "EBIT": 5738000.0,
        "Net Interest Income": -398000.0,
        "Interest Expense": 398000.0,
        "Normalized Income": 6893320.0,
        "Net Income From Continuing And Discontinued Operation": 3713000.0,
        "Total Expenses": 173281000.0,
        "Total Operating Income As Reported": -7118000.0,
        "Diluted Average Shares": 45448000.0,
        "Basic Average Shares": 45387000.0,
        "Diluted EPS": 0.08,
        "Basic EPS": 0.08,
        "Diluted NI Availto Com Stockholders": 3713000.0,
        "Average Dilution Earnings": 0.0,
        "Net Income Common Stockholders": 3713000.0,
        "Net Income": 3713000.0,
        "Net Income Including Noncontrolling Interests": 3713000.0,
        "Net Income Continuous Operations": 3713000.0,
        "Tax Provision": 1627000.0,
        "Pretax Income": 5340000.0,
        "Other Income Expense": -5956000.0,
        "Other Non Operating Income Expenses": -1380000.0,
        "Special Income Charges": -4576000.0,
        "Impairment Of Capital Assets": 4576000.0,
        "Net Non Operating Interest Income Expense": -398000.0,
        "Total Other Finance Cost": 398000.0,
        "Interest Expense Non Operating": 398000.0,
        "Operating Income": 11694000.0,
        "Operating Expense": 30019000.0,
        "Research And Development": 7250000.0,
        "Selling General And Administration": 22769000.0,
        "Selling And Marketing Expense": 12908000.0,
        "General And Administrative Expense": 9861000.0,
        "Other Gand A": 9861000.0,
        "Gross Profit": 41713000.0,
        "Cost Of Revenue": 143262000.0,
        "Total Revenue": 184975000.0,
        "Operating Revenue": 184975000.0
    },
    "2022-10-31": {
        "Tax Effect Of Unusual Items": NaN,
        "Tax Rate For Calcs": NaN,
        "Normalized EBITDA": NaN,
        "Total Unusual Items": NaN,
        "Total Unusual Items Excluding Goodwill": NaN,
        "Net Income From Continuing Operation Net Minority Interest": NaN,
        "Reconciled Depreciation": NaN,
        "Reconciled Cost Of Revenue": NaN,
        "EBITDA": NaN,
        "EBIT": NaN,
        "Net Interest Income": NaN,
        "Interest Expense": 263000.0,
        "Normalized Income": NaN,
        "Net Income From Continuing And Discontinued Operation": NaN,
        "Total Expenses": NaN,
        "Total Operating Income As Reported": NaN,
        "Diluted Average Shares": NaN,
        "Basic Average Shares": NaN,
        "Diluted EPS": NaN,
        "Basic EPS": NaN,
        "Diluted NI Availto Com Stockholders": NaN,
        "Average Dilution Earnings": NaN,
        "Net Income Common Stockholders": NaN,
        "Net Income": NaN,
        "Net Income Including Noncontrolling Interests": NaN,
        "Net Income Continuous Operations": NaN,
        "Tax Provision": NaN,
        "Pretax Income": NaN,
        "Other Income Expense": NaN,
        "Other Non Operating Income Expenses": NaN,
        "Special Income Charges": NaN,
        "Impairment Of Capital Assets": NaN,
        "Net Non Operating Interest Income Expense": NaN,
        "Total Other Finance Cost": NaN,
        "Interest Expense Non Operating": 263000.0,
        "Operating Income": NaN,
        "Operating Expense": NaN,
        "Research And Development": NaN,
        "Selling General And Administration": NaN,
        "Selling And Marketing Expense": NaN,
        "General And Administrative Expense": NaN,
        "Other Gand A": NaN,
        "Gross Profit": NaN,
        "Cost Of Revenue": NaN,
        "Total Revenue": NaN,
        "Operating Revenue": NaN
    },
    "2022-07-31": {
        "Tax Effect Of Unusual Items": 0.0,
        "Tax Rate For Calcs": 0.158,
        "Normalized EBITDA": -1494000.0,
        "Total Unusual Items": NaN,
        "Total Unusual Items Excluding Goodwill": NaN,
        "Net Income From Continuing Operation Net Minority Interest": -5326000.0,
        "Reconciled Depreciation": 4025000.0,
        "Reconciled Cost Of Revenue": 146126000.0,
        "EBITDA": -1494000.0,
        "EBIT": -5519000.0,
        "Net Interest Income": -60000.0,
        "Interest Expense": NaN,
        "Normalized Income": -5326000.0,
        "Net Income From Continuing And Discontinued Operation": -5326000.0,
        "Total Expenses": 177439000.0,
        "Total Operating Income As Reported": -5519000.0,
        "Diluted Average Shares": 45097000.0,
        "Basic Average Shares": 45097000.0,
        "Diluted EPS": -0.12,
        "Basic EPS": -0.12,
        "Diluted NI Availto Com Stockholders": -5326000.0,
        "Net Income Common Stockholders": -5326000.0,
        "Net Income": -5326000.0,
        "Net Income Including Noncontrolling Interests": -5326000.0,
        "Net Income Continuous Operations": -5326000.0,
        "Tax Provision": -1000000.0,
        "Pretax Income": -6326000.0,
        "Other Income Expense": -747000.0,
        "Other Non Operating Income Expenses": -747000.0,
        "Special Income Charges": NaN,
        "Impairment Of Capital Assets": NaN,
        "Net Non Operating Interest Income Expense": -60000.0,
        "Total Other Finance Cost": 60000.0,
        "Interest Expense Non Operating": NaN,
        "Operating Income": -5519000.0,
        "Operating Expense": 31313000.0,
        "Research And Development": 7439000.0,
        "Selling General And Administration": 23874000.0,
        "Selling And Marketing Expense": 14433000.0,
        "General And Administrative Expense": 9441000.0,
        "Other Gand A": 9441000.0,
        "Gross Profit": 25794000.0,
        "Cost Of Revenue": 146126000.0,
        "Total Revenue": 171920000.0,
        "Operating Revenue": 171920000.0
    },
    "2022-04-30": {
        "Diluted EPS": -0.02,
        "Total Revenue": 162,
        "Gross Profit": 30,
        "Operating Income": 0,
        "EBIT": 4,
        "Net Income": -1
    },
    "2022-01-31": {
        "Diluted EPS": -0.1,
        "Total Revenue": 140,
        "Gross Profit": 22,
        "Operating Income": -6,
        "EBIT": -2,
        "Net Income": -4
    },
    "2021-10-31": {
        "Diluted EPS": 0.05,
        "Total Revenue": 164,
        "Gross Profit": 32,
        "Operating Income": 4,
        "EBIT": 8,
        "Net Income": 2
    },
    "2021-07-31": {
        "Diluted EPS": 0.08,
        "Total Revenue": 145,
        "Gross Profit": 32,
        "Operating Income": 6,
        "EBIT": 10,
        "Net Income": 4
    },
    "2021-04-30": {
        "Diluted EPS": -0.01,
        "Total Revenue": 117,
        "Gross Profit": 28,
        "Operating Income": 1,
        "EBIT": 5,
        "Net Income": 0
    },
    "2021-01-31": {
        "Diluted EPS": 0.0,
        "Total Revenue": 94,
        "Gross Profit": 24,
        "Operating Income": 0,
        "EBIT": 4,
        "Net Income": 0
    },
    "2020-10-31": {
        "Diluted EPS": 0.08,
        "Total Revenue": 127,
        "Gross Profit": 33,
        "Operating Income": 7,
        "EBIT": 11,
        "Net Income": 3
    },
    "2020-07-31": {
        "Diluted EPS": 0.17,
        "Total Revenue": 144,
        "Gross Profit": 36,
        "Operating Income": 10,
        "EBIT": 14,
        "Net Income": 7
    },
    "2020-04-30": {
        "Diluted EPS": -0.03,
        "Total Revenue": 126,
        "Gross Profit": 29,
        "Operating Income": -3,
        "EBIT": 1,
        "Net Income": -1
    },
    "2020-01-31": {
        "Diluted EPS": -0.28,
        "Total Revenue": 128,
        "Gross Profit": 24,
        "Operating Income": -9,
        "EBIT": -5,
        "Net Income": -13
    },
    "2019-10-31": {
        "Diluted EPS": 0.16,
        "Total Revenue": 175,
        "Gross Profit": 40,
        "Operating Income": 5,
        "EBIT": 9,
        "Net Income": 7
    },
    "2019-07-31": {
        "Diluted EPS": 0.16,
        "Total Revenue": 180,
        "Gross Profit": 46,
        "Operating Income": 8,
        "EBIT": 12,
        "Net Income": 7
    },
    "2019-04-30": {
        "Diluted EPS": -0.24,
        "Total Revenue": 128,
        "Gross Profit": 24,
        "Operating Income": -10,
        "EBIT": -6,
        "Net Income": -11
    },
    "2019-01-31": {
        "Diluted EPS": -0.07,
        "Total Revenue": 115,
        "Gross Profit": 25,
        "Operating Income": -8,
        "EBIT": -3,
        "Net Income": -3
    },
    "2018-10-31": {
        "Diluted EPS": 0.19,
        "Total Revenue": 173,
        "Gross Profit": 43,
        "Operating Income": 9,
        "EBIT": 14,
        "Net Income": 9
    },
    "2018-07-31": {
        "Diluted EPS": 0.1,
        "Total Revenue": 154,
        "Gross Profit": 38,
        "Operating Income": 4,
        "EBIT": 9,
        "Net Income": 5
    },
    "2018-04-30": {
        "Diluted EPS": -0.09,
        "Total Revenue": 138,
        "Gross Profit": 30,
        "Operating Income": -5,
        "EBIT": -1,
        "Net Income": -4
    },
    "2018-01-31": {
        "Diluted EPS": -0.14,
        "Total Revenue": 130,
        "Gross Profit": 29,
        "Operating Income": -3,
        "EBIT": 1,
        "Net Income": -6
    },
    "2017-10-31": {
        "Diluted EPS": 0.16,
        "Total Revenue": 169,
        "Gross Profit": 43,
        "Operating Income": 9,
        "EBIT": 14,
        "Net Income": 7
    },
    "2017-07-31": {
        "Diluted EPS": 0.19,
        "Total Revenue": 173,
        "Gross Profit": 45,
        "Operating Income": 12,
        "EBIT": 16,
        "Net Income": 8
    },
    "2017-04-30": {
        "Diluted EPS": 0.02,
        "Total Revenue": 144,
        "Gross Profit": 34,
        "Operating Income": 2,
        "EBIT": 6,
        "Net Income": 1
    },
    "2017-01-31": {
        "Diluted EPS": -0.12,
        "Total Revenue": 116,
        "Gross Profit": 23,
        "Operating Income": -7,
        "EBIT": -2,
        "Net Income": -5
    },
    "2016-10-31": {
        "Diluted EPS": 0.2,
        "Total Revenue": 170,
        "Gross Profit": 44,
        "Operating Income": 13,
        "EBIT": 17,
        "Net Income": 9
    },
    "2016-07-31": {
        "Diluted EPS": 0.13,
        "Total Revenue": 157,
        "Gross Profit": 39,
        "Operating Income": 8,
        "EBIT": 13,
        "Net Income": 6
    },
    "2016-04-30": {
        "Diluted EPS": -0.07,
        "Total Revenue": 138,
        "Gross Profit": 28,
        "Operating Income": -4,
        "EBIT": 1,
        "Net Income": -3
    },
    "2016-01-31": {
        "Diluted EPS": -0.04,
        "Total Revenue": 124,
        "Gross Profit": 22,
        "Operating Income": -6,
        "EBIT": -1,
        "Net Income": -2
    },
    "2015-10-31": {
        "Diluted EPS": 0.07,
        "Total Revenue": 158,
        "Gross Profit": 36,
        "Operating Income": 6,
        "EBIT": 10,
        "Net Income": 3
    },
    "2015-07-31": {
        "Diluted EPS": 0.09,
        "Total Revenue": 150,
        "Gross Profit": 36,
        "Operating Income": 6,
        "EBIT": 10,
        "Net Income": 4
    },
    "2015-04-30": {
        "Diluted EPS": 0.08,
        "Total Revenue": 158,
        "Gross Profit": 35,
        "Operating Income": 7,
        "EBIT": 11,
        "Net Income": 4
    },
    "2015-01-31": {
        "Diluted EPS": 0.01,
        "Total Revenue": 118,
        "Gross Profit": 25,
        "Operating Income": -2,
        "EBIT": 2,
        "Net Income": 1
    },
    "2014-10-31": {
        "Diluted EPS": 0.18,
        "Total Revenue": 173,
        "Gross Profit": 41,
        "Operating Income": 12,
        "EBIT": 16,
        "Net Income": 8
    },
    "2014-07-31": {
        "Diluted EPS": 0.2,
        "Total Revenue": 167,
        "Gross Profit": 43,
        "Operating Income": 14,
        "EBIT": 17,
        "Net Income": 9
    },
    "2014-04-30": {
        "Diluted EPS": 0.04,
        "Total Revenue": 136,
        "Gross Profit": 34,
        "Operating Income": 7,
        "EBIT": 10,
        "Net Income": 2
    },
    "2014-01-31": {
        "Diluted EPS": 0.07,
        "Total Revenue": 115,
        "Gross Profit": 29,
        "Operating Income": 4,
        "EBIT": 7,
        "Net Income": 3
    },
    "2013-10-31": {
        "Diluted EPS": 0.27,
        "Total Revenue": 162,
        "Gross Profit": 43,
        "Operating Income": 18,
        "EBIT": 21,
        "Net Income": 12
    },
    "2013-07-31": {
        "Diluted EPS": 0.13,
        "Total Revenue": 139,
        "Gross Profit": 36,
        "Operating Income": 9,
        "EBIT": 12,
        "Net Income": 6
    },
    "2013-04-30": {
        "Diluted EPS": 0.04,
        "Total Revenue": 124,
        "Gross Profit": 28,
        "Operating Income": 2,
        "EBIT": 6,
        "Net Income": 2
    },
    "2013-01-31": {
        "Diluted EPS": 0.06,
        "Total Revenue": 111,
        "Gross Profit": 27,
        "Operating Income": 1,
        "EBIT": 5,
        "Net Income": 3
    },
    "2012-10-31": {
        "Diluted EPS": 0.27,
        "Total Revenue": 150,
        "Gross Profit": 42,
        "Operating Income": 17,
        "EBIT": 21,
        "Net Income": 12
    },
    "2012-07-31": {
        "Diluted EPS": 0.16,
        "Total Revenue": 133,
        "Gross Profit": 36,
        "Operating Income": 11,
        "EBIT": 15,
        "Net Income": 7
    },
    "2012-04-30": {
        "Diluted EPS": -0.01,
        "Total Revenue": 112,
        "Gross Profit": 25,
        "Operating Income": -3,
        "EBIT": 2,
        "Net Income": -1
    },
    "2012-01-31": {
        "Diluted EPS": 0.04,
        "Total Revenue": 123,
        "Gross Profit": 28,
        "Operating Income": 2,
        "EBIT": 6,
        "Net Income": 2
    },
    "2011-10-31": {
        "Diluted EPS": 0.09,
        "Total Revenue": 136,
        "Gross Profit": 31,
        "Operating Income": 6,
        "EBIT": 10,
        "Net Income": 4
    },
    "2011-07-31": {
        "Diluted EPS": 0.08,
        "Total Revenue": 119,
        "Gross Profit": 30,
        "Operating Income": 5,
        "EBIT": 10,
        "Net Income": 3
    },
    "2011-04-30": {
        "Diluted EPS": 0.07,
        "Total Revenue": 114,
        "Gross Profit": 28,
        "Operating Income": 5,
        "EBIT": 9,
        "Net Income": 3
    },
    "2011-01-31": {
        "Diluted EPS": 0.04,
        "Total Revenue": 100,
        "Gross Profit": 24,
        "Operating Income": 1,
        "EBIT": 6,
        "Net Income": 2
    },
    "2010-10-31": {
        "Diluted EPS": 0.17,
        "Total Revenue": 127,
        "Gross Profit": 33,
        "Operating Income": 10,
        "EBIT": 15,
        "Net Income": 7
    },
    "2010-07-31": {
        "Diluted EPS": 0.06,
        "Total Revenue": 101,
        "Gross Profit": 27,
        "Operating Income": 4,
        "EBIT": 9,
        "Net Income": 2
    },
    "2010-04-30": {
        "Diluted EPS": -0.12,
        "Total Revenue": 92,
        "Gross Profit": 20,
        "Operating Income": -5,
        "EBIT": 0,
        "Net Income": -5
    },
    "2010-01-31": {
        "Diluted EPS": -0.2,
        "Total Revenue": 72,
        "Gross Profit": 11,
        "Operating Income": -14,
        "EBIT": -7,
        "Net Income": -8
    },
    "2009-10-31": {
        "Diluted EPS": 0.12,
        "Total Revenue": 115,
        "Gross Profit": 34,
        "Operating Income": 9,
        "EBIT": 15,
        "Net Income": 5
    },
    "2009-07-31": {
        "Diluted EPS": 0.03,
        "Total Revenue": 113,
        "Gross Profit": 30,
        "Operating Income": 3,
        "EBIT": 9,
        "Net Income": 1
    },
    "2009-04-30": {
        "Diluted EPS": 0.0,
        "Total Revenue": 120,
        "Gross Profit": 28,
        "Operating Income": 1,
        "EBIT": 7,
        "Net Income": 0
    },
    "2009-01-31": {
        "Diluted EPS": 0.1,
        "Total Revenue": 129,
        "Gross Profit": 34,
        "Operating Income": 7,
        "EBIT": 13,
        "Net Income": 4
    },
    "2023-07-31": {
        "Tax Effect Of Unusual Items": 0.0,
        "Tax Rate For Calcs": 0.317,
        "Normalized EBITDA": 44885000.0,
        "Total Unusual Items": NaN,
        "Total Unusual Items Excluding Goodwill": NaN,
        "Net Income From Continuing Operation Net Minority Interest": 19196000.0,
        "Reconciled Depreciation": 4669000.0,
        "Reconciled Cost Of Revenue": 161384000.0,
        "EBITDA": 44885000.0,
        "EBIT": 40216000.0,
        "Net Interest Income": -881000.0,
        "Interest Expense": 881000.0,
        "Normalized Income": 19196000.0,
        "Net Income From Continuing And Discontinued Operation": 19196000.0,
        "Total Expenses": 192315000.0,
        "Total Operating Income As Reported": 40216000.0,
        "Diluted Average Shares": 46198000.0,
        "Basic Average Shares": 45645000.0,
        "Diluted EPS": 0.42,
        "Basic EPS": 0.42,
        "Diluted NI Availto Com Stockholders": 19196000.0,
        "Average Dilution Earnings": NaN,
        "Net Income Common Stockholders": 19196000.0,
        "Net Income": 19196000.0,
        "Net Income Including Noncontrolling Interests": 19196000.0,
        "Net Income Continuous Operations": 19196000.0,
        "Tax Provision": 8900000.0,
        "Pretax Income": 28096000.0,
        "Other Income Expense": -11239000.0,
        "Other Non Operating Income Expenses": -11239000.0,
        "Special Income Charges": NaN,
        "Impairment Of Capital Assets": NaN,
        "Net Non Operating Interest Income Expense": -881000.0,
        "Total Other Finance Cost": 881000.0,
        "Interest Expense Non Operating": 881000.0,
        "Operating Income": 40216000.0,
        "Operating Expense": 30931000.0,
        "Research And Development": 8403000.0,
        "Selling General And Administration": 22528000.0,
        "Selling And Marketing Expense": 12929000.0,
        "General And Administrative Expense": 9599000.0,
        "Other Gand A": 9599000.0,
        "Gross Profit": 71147000.0,
        "Cost Of Revenue": 161384000.0,
        "Total Revenue": 232531000.0,
        "Operating Revenue": 232531000.0
    },
    "2023-10-31": {
        "Tax Effect Of Unusual Items": 0.0,
        "Tax Rate For Calcs": 0.21,
        "Normalized EBITDA": 12308000.0,
        "Total Unusual Items": NaN,
        "Total Unusual Items Excluding Goodwill": NaN,
        "Net Income From Continuing Operation Net Minority Interest": 2165000.0,
        "Reconciled Depreciation": 4825000.0,
        "Reconciled Cost Of Revenue": 145170000.0,
        "EBITDA": 12308000.0,
        "EBIT": 7483000.0,
        "Net Interest Income": -1326000.0,
        "Interest Expense": 1326000.0,
        "Normalized Income": 2165000.0,
        "Net Income From Continuing And Discontinued Operation": 2165000.0,
        "Total Expenses": 179933000.0,
        "Total Operating Income As Reported": 19436000.0,
        "Diluted Average Shares": 46705000.0,
        "Basic Average Shares": 46030000.0,
        "Diluted EPS": 0.05,
        "Basic EPS": 0.05,
        "Diluted NI Availto Com Stockholders": 2165000.0,
        "Average Dilution Earnings": NaN,
        "Net Income Common Stockholders": 2165000.0,
        "Net Income": 2165000.0,
        "Net Income Including Noncontrolling Interests": 2165000.0,
        "Net Income Continuous Operations": 2165000.0,
        "Tax Provision": 3992000.0,
        "Pretax Income": 6157000.0,
        "Other Income Expense": -11953000.0,
        "Other Non Operating Income Expenses": -11953000.0,
        "Special Income Charges": NaN,
        "Impairment Of Capital Assets": NaN,
        "Net Non Operating Interest Income Expense": -1326000.0,
        "Total Other Finance Cost": NaN,
        "Interest Expense Non Operating": 1326000.0,
        "Operating Income": 19436000.0,
        "Operating Expense": 34763000.0,
        "Research And Development": 9221000.0,
        "Selling General And Administration": 25542000.0,
        "Selling And Marketing Expense": 14653000.0,
        "General And Administrative Expense": 10889000.0,
        "Other Gand A": 10889000.0,
        "Gross Profit": 54199000.0,
        "Cost Of Revenue": 145170000.0,
        "Total Revenue": 199369000.0,
        "Operating Revenue": 199369000.0
    },
    "2024-01-31": {
        "Tax Effect Of Unusual Items": 0.0,
        "Tax Rate For Calcs": 0.15,
        "Normalized EBITDA": 18252000.0,
        "Total Unusual Items": 0.0,
        "Total Unusual Items Excluding Goodwill": 0.0,
        "Net Income From Continuing Operation Net Minority Interest": 10742000.0,
        "Reconciled Depreciation": 4876000.0,
        "Reconciled Cost Of Revenue": 128585000.0,
        "EBITDA": 18252000.0,
        "EBIT": 13376000.0,
        "Net Interest Income": -745000.0,
        "Interest Expense": 745000.0,
        "Normalized Income": 10742000.0,
        "Net Income From Continuing And Discontinued Operation": 10742000.0,
        "Total Expenses": 162267000.0,
        "Total Operating Income As Reported": -8036000.0,
        "Diluted Average Shares": 50837000.0,
        "Basic Average Shares": 46173000.0,
        "Diluted EPS": 0.09,
        "Basic EPS": 0.23,
        "Diluted NI Availto Com Stockholders": 4806000.0,
        "Average Dilution Earnings": -5936000.0,
        "Net Income Common Stockholders": 10742000.0,
        "Net Income": 10742000.0,
        "Net Income Including Noncontrolling Interests": 10742000.0,
        "Net Income Continuous Operations": 10742000.0,
        "Tax Provision": 1889000.0,
        "Pretax Income": 12631000.0,
        "Other Income Expense": 5340000.0,
        "Other Non Operating Income Expenses": 5340000.0,
        "Special Income Charges": 0.0,
        "Impairment Of Capital Assets": 0.0,
        "Net Non Operating Interest Income Expense": -745000.0,
        "Total Other Finance Cost": NaN,
        "Interest Expense Non Operating": 745000.0,
        "Operating Income": 8036000.0,
        "Operating Expense": 33682000.0,
        "Research And Development": 8835000.0,
        "Selling General And Administration": 24847000.0,
        "Selling And Marketing Expense": 14258000.0,
        "General And Administrative Expense": 10589000.0,
        "Other Gand A": 10589000.0,
        "Gross Profit": 41718000.0,
        "Cost Of Revenue": 128585000.0,
        "Total Revenue": 170303000.0,
        "Operating Revenue": 170303000.0
    }
}