{
    "2023-06-30": {
        "Tax Effect Of Unusual Items": 0.0,
        "Tax Rate For Calcs": 0.21,
        "Normalized EBITDA": -863000.0,
        "Total Unusual Items": 0.0,
        "Total Unusual Items Excluding Goodwill": 0.0,
        "Net Income From Continuing Operation Net Minority Interest": -868000.0,
        "Reconciled Depreciation": 357000.0,
        "Reconciled Cost Of Revenue": 19639000.0,
        "EBITDA": -863000.0,
        "EBIT": -1220000.0,
        "Normalized Income": -868000.0,
        "Net Income From Continuing And Discontinued Operation": -868000.0,
        "Total Expenses": 37232000.0,
        "Total Operating Income As Reported": -1220000.0,
        "Diluted Average Shares": 5352490.0,
        "Basic Average Shares": 5352490.0,
        "Diluted EPS": -0.16,
        "Basic EPS": -0.16,
        "Diluted NI Availto Com Stockholders": -868000.0,
        "Net Income Common Stockholders": -868000.0,
        "Net Income": -868000.0,
        "Net Income Including Noncontrolling Interests": -868000.0,
        "Net Income Continuous Operations": -868000.0,
        "Tax Provision": 26000.0,
        "Pretax Income": -842000.0,
        "Other Income Expense": 378000.0,
        "Other Non Operating Income Expenses": 378000.0,
        "Special Income Charges": 0.0,
        "Impairment Of Capital Assets": 0.0,
        "Operating Income": -1220000.0,
        "Operating Expense": 17593000.0,
        "Depreciation Amortization Depletion Income Statement": 357000.0,
        "Depreciation And Amortization In Income Statement": 357000.0,
        "Depreciation Income Statement": 357000.0,
        "Selling General And Administration": 17236000.0,
        "General And Administrative Expense": 17236000.0,
        "Salaries And Wages": 17236000.0,
        "Gross Profit": 16373000.0,
        "Cost Of Revenue": 19639000.0,
        "Total Revenue": 36012000.0,
        "Operating Revenue": 36012000.0
    },
    "2023-03-31": {
        "Tax Effect Of Unusual Items": 0.0,
        "Tax Rate For Calcs": 0.21,
        "Normalized EBITDA": -2383000.0,
        "Total Unusual Items": NaN,
        "Total Unusual Items Excluding Goodwill": NaN,
        "Net Income From Continuing Operation Net Minority Interest": -2626000.0,
        "Reconciled Depreciation": 373000.0,
        "Reconciled Cost Of Revenue": 20212000.0,
        "EBITDA": -2383000.0,
        "EBIT": -2756000.0,
        "Normalized Income": -2626000.0,
        "Net Income From Continuing And Discontinued Operation": -2626000.0,
        "Total Expenses": 37958000.0,
        "Total Operating Income As Reported": -2756000.0,
        "Diluted Average Shares": 5352490.0,
        "Basic Average Shares": 5352490.0,
        "Diluted EPS": -0.49,
        "Basic EPS": -0.49,
        "Diluted NI Availto Com Stockholders": -2626000.0,
        "Net Income Common Stockholders": -2626000.0,
        "Net Income": -2626000.0,
        "Net Income Including Noncontrolling Interests": -2626000.0,
        "Net Income Continuous Operations": -2626000.0,
        "Tax Provision": 232000.0,
        "Pretax Income": -2394000.0,
        "Other Income Expense": 362000.0,
        "Other Non Operating Income Expenses": 362000.0,
        "Special Income Charges": NaN,
        "Impairment Of Capital Assets": NaN,
        "Operating Income": -2756000.0,
        "Operating Expense": 17746000.0,
        "Depreciation Amortization Depletion Income Statement": 373000.0,
        "Depreciation And Amortization In Income Statement": 373000.0,
        "Depreciation Income Statement": 373000.0,
        "Selling General And Administration": 17373000.0,
        "General And Administrative Expense": 17373000.0,
        "Salaries And Wages": 17373000.0,
        "Gross Profit": 14990000.0,
        "Cost Of Revenue": 20212000.0,
        "Total Revenue": 35202000.0,
        "Operating Revenue": 35202000.0
    },
    "2022-12-31": {
        "Tax Effect Of Unusual Items": -12180.0,
        "Tax Rate For Calcs": 0.21,
        "Normalized EBITDA": -1242000.0,
        "Total Unusual Items": -58000.0,
        "Total Unusual Items Excluding Goodwill": -58000.0,
        "Net Income From Continuing Operation Net Minority Interest": -2141000.0,
        "Reconciled Depreciation": 582000.0,
        "Reconciled Cost Of Revenue": 22949000.0,
        "EBITDA": -1300000.0,
        "EBIT": -1882000.0,
        "Normalized Income": -2095180.0,
        "Net Income From Continuing And Discontinued Operation": -2141000.0,
        "Total Expenses": 40985000.0,
        "Total Operating Income As Reported": -1940000.0,
        "Diluted Average Shares": 5352490.0,
        "Basic Average Shares": 5352490.0,
        "Diluted EPS": -0.4,
        "Basic EPS": -0.4,
        "Diluted NI Availto Com Stockholders": -2141000.0,
        "Net Income Common Stockholders": -2141000.0,
        "Net Income": -2141000.0,
        "Net Income Including Noncontrolling Interests": -2141000.0,
        "Net Income Continuous Operations": -2141000.0,
        "Tax Provision": 8000.0,
        "Pretax Income": -2133000.0,
        "Other Income Expense": -251000.0,
        "Other Non Operating Income Expenses": -193000.0,
        "Special Income Charges": -58000.0,
        "Gain On Sale Of Ppe": -58000.0,
        "Impairment Of Capital Assets": 0.0,
        "Operating Income": -1882000.0,
        "Operating Expense": 18036000.0,
        "Depreciation Amortization Depletion Income Statement": 582000.0,
        "Depreciation And Amortization In Income Statement": 582000.0,
        "Amortization": 0.0,
        "Amortization Of Intangibles Income Statement": 0.0,
        "Depreciation Income Statement": 582000.0,
        "Selling General And Administration": 17454000.0,
        "General And Administrative Expense": 17454000.0,
        "Salaries And Wages": 17454000.0,
        "Gross Profit": 16154000.0,
        "Cost Of Revenue": 22949000.0,
        "Total Revenue": 39103000.0,
        "Operating Revenue": 39103000.0
    },
    "2022-09-30": {
        "Tax Effect Of Unusual Items": 0.0,
        "Tax Rate For Calcs": 0.4,
        "Normalized EBITDA": -1592000.0,
        "Total Unusual Items": 0.0,
        "Total Unusual Items Excluding Goodwill": 0.0,
        "Net Income From Continuing Operation Net Minority Interest": -2586000.0,
        "Reconciled Depreciation": 699000.0,
        "Reconciled Cost Of Revenue": 22852000.0,
        "EBITDA": -1592000.0,
        "EBIT": -2291000.0,
        "Normalized Income": -2586000.0,
        "Net Income From Continuing And Discontinued Operation": -2586000.0,
        "Total Expenses": 39979000.0,
        "Total Operating Income As Reported": -2291000.0,
        "Diluted Average Shares": 5352490.0,
        "Basic Average Shares": 5352490.0,
        "Diluted EPS": -0.48,
        "Basic EPS": -0.48,
        "Diluted NI Availto Com Stockholders": -2586000.0,
        "Net Income Common Stockholders": -2586000.0,
        "Net Income": -2586000.0,
        "Net Income Including Noncontrolling Interests": -2586000.0,
        "Net Income Continuous Operations": -2586000.0,
        "Tax Provision": 201000.0,
        "Pretax Income": -2385000.0,
        "Other Income Expense": -94000.0,
        "Other Non Operating Income Expenses": -94000.0,
        "Special Income Charges": 0.0,
        "Gain On Sale Of Ppe": 0.0,
        "Write Off": NaN,
        "Impairment Of Capital Assets": 0.0,
        "Operating Income": -2291000.0,
        "Operating Expense": 17127000.0,
        "Depreciation Amortization Depletion Income Statement": 699000.0,
        "Depreciation And Amortization In Income Statement": 699000.0,
        "Amortization": 0.0,
        "Amortization Of Intangibles Income Statement": 0.0,
        "Depreciation Income Statement": 699000.0,
        "Selling General And Administration": 16428000.0,
        "General And Administrative Expense": 16428000.0,
        "Salaries And Wages": 16428000.0,
        "Gross Profit": 14836000.0,
        "Cost Of Revenue": 22852000.0,
        "Total Revenue": 37688000.0,
        "Operating Revenue": 37688000.0
    },
    "2022-06-30": {
        "Tax Effect Of Unusual Items": -40800.0,
        "Tax Rate For Calcs": 0.4,
        "Normalized EBITDA": -1358000.0,
        "Total Unusual Items": -102000.0,
        "Total Unusual Items Excluding Goodwill": -102000.0,
        "Net Income From Continuing Operation Net Minority Interest": -2415000.0,
        "Reconciled Depreciation": 716000.0,
        "Reconciled Cost Of Revenue": 22229000.0,
        "EBITDA": -1460000.0,
        "EBIT": -2176000.0,
        "Normalized Income": -2353800.0,
        "Net Income From Continuing And Discontinued Operation": -2415000.0,
        "Total Expenses": 39749000.0,
        "Total Operating Income As Reported": -2278000.0,
        "Diluted Average Shares": 5352490.0,
        "Basic Average Shares": 5352490.0,
        "Diluted EPS": -0.45,
        "Basic EPS": -0.45,
        "Diluted NI Availto Com Stockholders": -2415000.0,
        "Net Income Common Stockholders": -2415000.0,
        "Net Income": -2415000.0,
        "Net Income Including Noncontrolling Interests": -2415000.0,
        "Net Income Continuous Operations": -2415000.0,
        "Tax Provision": 165000.0,
        "Pretax Income": -2250000.0,
        "Other Income Expense": -74000.0,
        "Other Non Operating Income Expenses": 28000.0,
        "Special Income Charges": -102000.0,
        "Gain On Sale Of Ppe": 0.0,
        "Write Off": NaN,
        "Impairment Of Capital Assets": 102000.0,
        "Operating Income": -2176000.0,
        "Operating Expense": 17520000.0,
        "Depreciation Amortization Depletion Income Statement": 716000.0,
        "Depreciation And Amortization In Income Statement": 716000.0,
        "Amortization": 0.0,
        "Amortization Of Intangibles Income Statement": 0.0,
        "Depreciation Income Statement": 716000.0,
        "Selling General And Administration": 16804000.0,
        "General And Administrative Expense": 16804000.0,
        "Salaries And Wages": 16804000.0,
        "Gross Profit": 15344000.0,
        "Cost Of Revenue": 22229000.0,
        "Total Revenue": 37573000.0,
        "Operating Revenue": 37573000.0
    },
    "2022-03-31": {
        "Diluted EPS": -0.49,
        "Total Revenue": 36,
        "Gross Profit": 34,
        "Operating Income": -2,
        "EBIT": -2,
        "Net Income": -3
    },
    "2021-12-31": {
        "Diluted EPS": 0.41,
        "Total Revenue": 41,
        "Gross Profit": 38,
        "Operating Income": -1,
        "EBIT": 0,
        "Net Income": 2
    },
    "2021-09-30": {
        "Diluted EPS": 0.3,
        "Total Revenue": 38,
        "Gross Profit": 36,
        "Operating Income": -3,
        "EBIT": -2,
        "Net Income": 2
    },
    "2021-06-30": {
        "Diluted EPS": -0.28,
        "Total Revenue": 39,
        "Gross Profit": 36,
        "Operating Income": -3,
        "EBIT": -2,
        "Net Income": -1
    },
    "2021-03-31": {
        "Diluted EPS": -0.52,
        "Total Revenue": 37,
        "Gross Profit": 34,
        "Operating Income": -4,
        "EBIT": -3,
        "Net Income": -3
    },
    "2020-12-31": {
        "Diluted EPS": -0.3,
        "Total Revenue": 41,
        "Gross Profit": 39,
        "Operating Income": -4,
        "EBIT": -2,
        "Net Income": -2
    },
    "2020-09-30": {
        "Diluted EPS": -0.02,
        "Total Revenue": 38,
        "Gross Profit": 35,
        "Operating Income": -2,
        "EBIT": -1,
        "Net Income": 0
    },
    "2020-06-30": {
        "Diluted EPS": -0.64,
        "Total Revenue": 35,
        "Gross Profit": 33,
        "Operating Income": -4,
        "EBIT": -3,
        "Net Income": -3
    },
    "2020-03-31": {
        "Diluted EPS": -0.32,
        "Total Revenue": 40,
        "Gross Profit": 37,
        "Operating Income": -5,
        "EBIT": -3,
        "Net Income": -2
    },
    "2019-12-31": {
        "Diluted EPS": -0.2,
        "Total Revenue": 47,
        "Gross Profit": 43,
        "Operating Income": -2,
        "EBIT": 0,
        "Net Income": -1
    },
    "2019-09-30": {
        "Diluted EPS": -0.76,
        "Total Revenue": 43,
        "Gross Profit": 39,
        "Operating Income": -7,
        "EBIT": -5,
        "Net Income": -4
    },
    "2019-06-30": {
        "Diluted EPS": 3.08,
        "Total Revenue": 47,
        "Gross Profit": 43,
        "Operating Income": 23,
        "EBIT": 25,
        "Net Income": 17
    },
    "2019-03-31": {
        "Diluted EPS": -0.4,
        "Total Revenue": 47,
        "Gross Profit": 42,
        "Operating Income": -4,
        "EBIT": -1,
        "Net Income": -2
    },
    "2018-12-31": {
        "Diluted EPS": -3.6,
        "Total Revenue": 53,
        "Gross Profit": 47,
        "Operating Income": -18,
        "EBIT": -15,
        "Net Income": -20
    },
    "2018-09-30": {
        "Diluted EPS": -0.2,
        "Total Revenue": 49,
        "Gross Profit": 44,
        "Operating Income": -1,
        "EBIT": 1,
        "Net Income": -1
    },
    "2018-06-30": {
        "Diluted EPS": -0.12,
        "Total Revenue": 51,
        "Gross Profit": 46,
        "Operating Income": -1,
        "EBIT": 1,
        "Net Income": -1
    },
    "2018-03-31": {
        "Diluted EPS": -0.76,
        "Total Revenue": 49,
        "Gross Profit": 44,
        "Operating Income": -6,
        "EBIT": -4,
        "Net Income": -4
    },
    "2017-12-31": {
        "Diluted EPS": 2.36,
        "Total Revenue": 64,
        "Gross Profit": 58,
        "Operating Income": -1,
        "EBIT": 1,
        "Net Income": 13
    },
    "2017-09-30": {
        "Diluted EPS": 0.48,
        "Total Revenue": 61,
        "Gross Profit": 55,
        "Operating Income": 0,
        "EBIT": 3,
        "Net Income": 3
    },
    "2017-06-30": {
        "Diluted EPS": -0.16,
        "Total Revenue": 63,
        "Gross Profit": 57,
        "Operating Income": -1,
        "EBIT": 2,
        "Net Income": -1
    },
    "2017-03-31": {
        "Diluted EPS": -0.84,
        "Total Revenue": 61,
        "Gross Profit": 55,
        "Operating Income": -5,
        "EBIT": -2,
        "Net Income": -4
    },
    "2016-12-31": {
        "Diluted EPS": -3.52,
        "Total Revenue": 66,
        "Gross Profit": 59,
        "Operating Income": -24,
        "EBIT": -21,
        "Net Income": -19
    },
    "2016-09-30": {
        "Diluted EPS": -0.08,
        "Total Revenue": 65,
        "Gross Profit": 58,
        "Operating Income": 0,
        "EBIT": 2,
        "Net Income": 0
    },
    "2016-06-30": {
        "Diluted EPS": 0.12,
        "Total Revenue": 67,
        "Gross Profit": 60,
        "Operating Income": 3,
        "EBIT": 5,
        "Net Income": 1
    },
    "2016-03-31": {
        "Diluted EPS": -0.12,
        "Total Revenue": 62,
        "Gross Profit": 56,
        "Operating Income": -2,
        "EBIT": 1,
        "Net Income": -1
    },
    "2015-12-31": {
        "Diluted EPS": -2.6,
        "Total Revenue": 73,
        "Gross Profit": 65,
        "Operating Income": -10,
        "EBIT": -6,
        "Net Income": -14
    },
    "2015-09-30": {
        "Diluted EPS": -0.72,
        "Total Revenue": 67,
        "Gross Profit": 60,
        "Operating Income": -3,
        "EBIT": 0,
        "Net Income": -4
    },
    "2015-06-30": {
        "Diluted EPS": -0.12,
        "Total Revenue": 67,
        "Gross Profit": 59,
        "Operating Income": -1,
        "EBIT": 3,
        "Net Income": -1
    },
    "2015-03-31": {
        "Diluted EPS": 0.08,
        "Total Revenue": 65,
        "Gross Profit": 57,
        "Operating Income": -5,
        "EBIT": -2,
        "Net Income": 0
    },
    "2014-12-31": {
        "Diluted EPS": 10.12,
        "Total Revenue": 73,
        "Gross Profit": 65,
        "Operating Income": -7,
        "EBIT": -3,
        "Net Income": 57
    },
    "2014-09-30": {
        "Diluted EPS": 3.36,
        "Total Revenue": 66,
        "Gross Profit": 58,
        "Operating Income": 1,
        "EBIT": 4,
        "Net Income": 18
    },
    "2014-06-30": {
        "Diluted EPS": 3.8,
        "Total Revenue": 69,
        "Gross Profit": 61,
        "Operating Income": 2,
        "EBIT": 6,
        "Net Income": 22
    },
    "2014-03-31": {
        "Diluted EPS": -0.76,
        "Total Revenue": 64,
        "Gross Profit": 56,
        "Operating Income": -4,
        "EBIT": 0,
        "Net Income": -4
    },
    "2013-12-31": {
        "Diluted EPS": 3.16,
        "Total Revenue": 53,
        "Gross Profit": 47,
        "Operating Income": 5,
        "EBIT": 9,
        "Net Income": 18
    },
    "2013-09-30": {
        "Diluted EPS": 0.96,
        "Total Revenue": 67,
        "Gross Profit": 59,
        "Operating Income": 0,
        "EBIT": 4,
        "Net Income": 5
    },
    "2013-06-30": {
        "Diluted EPS": 0.2,
        "Total Revenue": 69,
        "Gross Profit": 61,
        "Operating Income": 1,
        "EBIT": 3,
        "Net Income": 1
    },
    "2013-03-31": {
        "Diluted EPS": -1.48,
        "Total Revenue": 87,
        "Gross Profit": 75,
        "Operating Income": -5,
        "EBIT": 0,
        "Net Income": -8
    },
    "2012-12-31": {
        "Diluted EPS": 0.44,
        "Total Revenue": 99,
        "Gross Profit": 87,
        "Operating Income": 5,
        "EBIT": 2,
        "Net Income": 3
    },
    "2012-09-30": {
        "Diluted EPS": 0.24,
        "Total Revenue": 92,
        "Gross Profit": 80,
        "Operating Income": 3,
        "EBIT": 5,
        "Net Income": 1
    },
    "2012-06-30": {
        "Diluted EPS": 0.04,
        "Total Revenue": 109,
        "Gross Profit": 94,
        "Operating Income": 0,
        "EBIT": 10,
        "Net Income": 0
    },
    "2012-03-31": {
        "Diluted EPS": -0.72,
        "Total Revenue": 105,
        "Gross Profit": 91,
        "Operating Income": -4,
        "EBIT": 4,
        "Net Income": -4
    },
    "2011-12-31": {
        "Diluted EPS": 0.52,
        "Total Revenue": 58,
        "Gross Profit": 53,
        "Operating Income": 17,
        "EBIT": 19,
        "Net Income": 3
    },
    "2011-09-30": {
        "Diluted EPS": -0.04,
        "Total Revenue": 110,
        "Gross Profit": 95,
        "Operating Income": 0,
        "EBIT": 8,
        "Net Income": 0
    },
    "2011-06-30": {
        "Diluted EPS": -1.28,
        "Total Revenue": 114,
        "Gross Profit": 99,
        "Operating Income": -3,
        "EBIT": 6,
        "Net Income": -7
    },
    "2011-03-31": {
        "Diluted EPS": -1.24,
        "Total Revenue": 112,
        "Gross Profit": 98,
        "Operating Income": -7,
        "EBIT": 2,
        "Net Income": -7
    },
    "2010-12-31": {
        "Diluted EPS": -22.68,
        "Total Revenue": 131,
        "Gross Profit": 112,
        "Operating Income": -129,
        "EBIT": -120,
        "Net Income": -120
    },
    "2010-09-30": {
        "Diluted EPS": 0.8,
        "Total Revenue": 119,
        "Gross Profit": 106,
        "Operating Income": 4,
        "EBIT": 12,
        "Net Income": 5
    },
    "2010-06-30": {
        "Diluted EPS": -0.04,
        "Total Revenue": 122,
        "Gross Profit": 109,
        "Operating Income": -5,
        "EBIT": 5,
        "Net Income": 0
    },
    "2010-03-31": {
        "Diluted EPS": -1.76,
        "Total Revenue": 116,
        "Gross Profit": 105,
        "Operating Income": -8,
        "EBIT": 2,
        "Net Income": -9
    },
    "2009-12-31": {
        "Diluted EPS": 1.12,
        "Total Revenue": 135,
        "Gross Profit": 123,
        "Operating Income": 6,
        "EBIT": 17,
        "Net Income": 6
    },
    "2009-09-30": {
        "Diluted EPS": -1.12,
        "Total Revenue": 127,
        "Gross Profit": 115,
        "Operating Income": -17,
        "EBIT": -6,
        "Net Income": -6
    },
    "2009-06-30": {
        "Diluted EPS": -1.36,
        "Total Revenue": 128,
        "Gross Profit": 111,
        "Operating Income": -5,
        "EBIT": 7,
        "Net Income": -7
    },
    "2009-03-31": {
        "Diluted EPS": -19.64,
        "Total Revenue": 128,
        "Gross Profit": 109,
        "Operating Income": -103,
        "EBIT": -91,
        "Net Income": -101
    },
    "2023-09-30": {
        "Tax Effect Of Unusual Items": 0.0,
        "Tax Rate For Calcs": 0.21,
        "Normalized EBITDA": -1226000.0,
        "Total Unusual Items": 0.0,
        "Total Unusual Items Excluding Goodwill": 0.0,
        "Net Income From Continuing Operation Net Minority Interest": -1411000.0,
        "Reconciled Depreciation": 388000.0,
        "Reconciled Cost Of Revenue": 19160000.0,
        "EBITDA": -1226000.0,
        "EBIT": -1614000.0,
        "Normalized Income": -1411000.0,
        "Net Income From Continuing And Discontinued Operation": -1411000.0,
        "Total Expenses": 36113000.0,
        "Total Operating Income As Reported": -1614000.0,
        "Diluted Average Shares": 5352490.0,
        "Basic Average Shares": 5352490.0,
        "Diluted EPS": -0.26,
        "Basic EPS": -0.26,
        "Diluted NI Availto Com Stockholders": -1411000.0,
        "Net Income Common Stockholders": -1411000.0,
        "Net Income": -1411000.0,
        "Net Income Including Noncontrolling Interests": -1411000.0,
        "Net Income Continuous Operations": -1411000.0,
        "Tax Provision": 139000.0,
        "Pretax Income": -1272000.0,
        "Other Income Expense": 342000.0,
        "Other Non Operating Income Expenses": 342000.0,
        "Special Income Charges": 0.0,
        "Impairment Of Capital Assets": 0.0,
        "Operating Income": -1614000.0,
        "Operating Expense": 16953000.0,
        "Depreciation Amortization Depletion Income Statement": 388000.0,
        "Depreciation And Amortization In Income Statement": 388000.0,
        "Depreciation Income Statement": 388000.0,
        "Selling General And Administration": 16565000.0,
        "General And Administrative Expense": 16565000.0,
        "Salaries And Wages": 16565000.0,
        "Gross Profit": 15339000.0,
        "Cost Of Revenue": 19160000.0,
        "Total Revenue": 34499000.0,
        "Operating Revenue": 34499000.0
    },
    "2023-12-31": {
        "Tax Effect Of Unusual Items": 0.0,
        "Tax Rate For Calcs": 0.21,
        "Normalized EBITDA": -2078000.0,
        "Total Unusual Items": 0.0,
        "Total Unusual Items Excluding Goodwill": 0.0,
        "Net Income From Continuing Operation Net Minority Interest": -2207000.0,
        "Reconciled Depreciation": 402000.0,
        "Reconciled Cost Of Revenue": 17790000.0,
        "EBITDA": -2078000.0,
        "EBIT": -2480000.0,
        "Normalized Income": -2207000.0,
        "Net Income From Continuing And Discontinued Operation": -2207000.0,
        "Total Expenses": 36463000.0,
        "Total Operating Income As Reported": -2480000.0,
        "Diluted Average Shares": NaN,
        "Basic Average Shares": NaN,
        "Diluted EPS": NaN,
        "Basic EPS": NaN,
        "Diluted NI Availto Com Stockholders": -2207000.0,
        "Net Income Common Stockholders": -2207000.0,
        "Net Income": -2207000.0,
        "Net Income Including Noncontrolling Interests": -2207000.0,
        "Net Income Continuous Operations": -2207000.0,
        "Tax Provision": 67000.0,
        "Pretax Income": -2140000.0,
        "Other Income Expense": 340000.0,
        "Other Non Operating Income Expenses": 340000.0,
        "Special Income Charges": 0.0,
        "Impairment Of Capital Assets": 0.0,
        "Operating Income": -2480000.0,
        "Operating Expense": 18673000.0,
        "Depreciation Amortization Depletion Income Statement": 402000.0,
        "Depreciation And Amortization In Income Statement": 402000.0,
        "Depreciation Income Statement": 402000.0,
        "Selling General And Administration": 18271000.0,
        "General And Administrative Expense": 18271000.0,
        "Salaries And Wages": 18271000.0,
        "Gross Profit": 16193000.0,
        "Cost Of Revenue": 17790000.0,
        "Total Revenue": 33983000.0,
        "Operating Revenue": 33983000.0
    },
    "2024-03-31": {
        "Tax Effect Of Unusual Items": 0.0,
        "Tax Rate For Calcs": 0.4,
        "Normalized EBITDA": -1358000.0,
        "Total Unusual Items": NaN,
        "Total Unusual Items Excluding Goodwill": NaN,
        "Net Income From Continuing Operation Net Minority Interest": -1363000.0,
        "Reconciled Depreciation": 398000.0,
        "Reconciled Cost Of Revenue": 16343000.0,
        "EBITDA": -1358000.0,
        "EBIT": -1756000.0,
        "Normalized Income": -1363000.0,
        "Net Income From Continuing And Discontinued Operation": -1363000.0,
        "Total Expenses": 32858000.0,
        "Total Operating Income As Reported": -1756000.0,
        "Diluted Average Shares": 5352490.0,
        "Basic Average Shares": 5352490.0,
        "Diluted EPS": -0.25,
        "Basic EPS": -0.25,
        "Diluted NI Availto Com Stockholders": -1363000.0,
        "Net Income Common Stockholders": -1363000.0,
        "Net Income": -1363000.0,
        "Net Income Including Noncontrolling Interests": -1363000.0,
        "Net Income Continuous Operations": -1363000.0,
        "Tax Provision": 218000.0,
        "Pretax Income": -1145000.0,
        "Other Income Expense": 611000.0,
        "Other Non Operating Income Expenses": 611000.0,
        "Special Income Charges": NaN,
        "Impairment Of Capital Assets": NaN,
        "Operating Income": -1756000.0,
        "Operating Expense": 16515000.0,
        "Depreciation Amortization Depletion Income Statement": 398000.0,
        "Depreciation And Amortization In Income Statement": 398000.0,
        "Depreciation Income Statement": 398000.0,
        "Selling General And Administration": 16117000.0,
        "General And Administrative Expense": 16117000.0,
        "Salaries And Wages": 16117000.0,
        "Gross Profit": 14759000.0,
        "Cost Of Revenue": 16343000.0,
        "Total Revenue": 31102000.0,
        "Operating Revenue": 31102000.0
    }
}