{
    "2023-03-31": {
        "Tax Effect Of Unusual Items": NaN,
        "Tax Rate For Calcs": NaN,
        "Normalized EBITDA": NaN,
        "Net Income From Continuing Operation Net Minority Interest": NaN,
        "Reconciled Cost Of Revenue": NaN,
        "EBITDA": NaN,
        "EBIT": NaN,
        "Net Interest Income": NaN,
        "Interest Expense": NaN,
        "Interest Income": NaN,
        "Normalized Income": NaN,
        "Net Income From Continuing And Discontinued Operation": NaN,
        "Total Expenses": NaN,
        "Total Operating Income As Reported": NaN,
        "Diluted Average Shares": NaN,
        "Basic Average Shares": NaN,
        "Diluted EPS": NaN,
        "Basic EPS": NaN,
        "Diluted NI Availto Com Stockholders": NaN,
        "Net Income Common Stockholders": NaN,
        "Net Income": NaN,
        "Minority Interests": NaN,
        "Net Income Including Noncontrolling Interests": NaN,
        "Net Income Discontinuous Operations": 0.0,
        "Net Income Continuous Operations": NaN,
        "Tax Provision": NaN,
        "Pretax Income": NaN,
        "Other Income Expense": NaN,
        "Other Non Operating Income Expenses": NaN,
        "Net Non Operating Interest Income Expense": NaN,
        "Interest Expense Non Operating": NaN,
        "Interest Income Non Operating": NaN,
        "Operating Income": NaN,
        "Operating Expense": NaN,
        "Research And Development": NaN,
        "Selling General And Administration": NaN,
        "Selling And Marketing Expense": NaN,
        "General And Administrative Expense": NaN,
        "Other Gand A": NaN,
        "Salaries And Wages": NaN,
        "Gross Profit": NaN,
        "Cost Of Revenue": NaN,
        "Total Revenue": NaN,
        "Operating Revenue": NaN
    },
    "2022-12-31": {
        "Tax Effect Of Unusual Items": NaN,
        "Tax Rate For Calcs": NaN,
        "Normalized EBITDA": NaN,
        "Net Income From Continuing Operation Net Minority Interest": NaN,
        "Reconciled Cost Of Revenue": NaN,
        "EBITDA": NaN,
        "EBIT": NaN,
        "Net Interest Income": NaN,
        "Interest Expense": NaN,
        "Interest Income": NaN,
        "Normalized Income": NaN,
        "Net Income From Continuing And Discontinued Operation": NaN,
        "Total Expenses": NaN,
        "Total Operating Income As Reported": NaN,
        "Diluted Average Shares": NaN,
        "Basic Average Shares": NaN,
        "Diluted EPS": NaN,
        "Basic EPS": NaN,
        "Diluted NI Availto Com Stockholders": NaN,
        "Net Income Common Stockholders": NaN,
        "Net Income": NaN,
        "Minority Interests": NaN,
        "Net Income Including Noncontrolling Interests": NaN,
        "Net Income Discontinuous Operations": 0.0,
        "Net Income Continuous Operations": NaN,
        "Tax Provision": NaN,
        "Pretax Income": NaN,
        "Other Income Expense": NaN,
        "Other Non Operating Income Expenses": NaN,
        "Net Non Operating Interest Income Expense": NaN,
        "Interest Expense Non Operating": NaN,
        "Interest Income Non Operating": NaN,
        "Operating Income": NaN,
        "Operating Expense": NaN,
        "Research And Development": NaN,
        "Selling General And Administration": NaN,
        "Selling And Marketing Expense": NaN,
        "General And Administrative Expense": NaN,
        "Other Gand A": NaN,
        "Salaries And Wages": NaN,
        "Gross Profit": NaN,
        "Cost Of Revenue": NaN,
        "Total Revenue": NaN,
        "Operating Revenue": NaN
    },
    "2022-09-30": {
        "Tax Effect Of Unusual Items": NaN,
        "Tax Rate For Calcs": NaN,
        "Normalized EBITDA": NaN,
        "Net Income From Continuing Operation Net Minority Interest": NaN,
        "Reconciled Cost Of Revenue": NaN,
        "EBITDA": NaN,
        "EBIT": NaN,
        "Net Interest Income": NaN,
        "Interest Expense": NaN,
        "Interest Income": NaN,
        "Normalized Income": NaN,
        "Net Income From Continuing And Discontinued Operation": NaN,
        "Total Expenses": NaN,
        "Total Operating Income As Reported": NaN,
        "Diluted Average Shares": NaN,
        "Basic Average Shares": NaN,
        "Diluted EPS": NaN,
        "Basic EPS": NaN,
        "Diluted NI Availto Com Stockholders": NaN,
        "Net Income Common Stockholders": NaN,
        "Net Income": NaN,
        "Minority Interests": NaN,
        "Net Income Including Noncontrolling Interests": NaN,
        "Net Income Discontinuous Operations": NaN,
        "Net Income Continuous Operations": NaN,
        "Tax Provision": NaN,
        "Pretax Income": NaN,
        "Other Income Expense": NaN,
        "Other Non Operating Income Expenses": NaN,
        "Net Non Operating Interest Income Expense": NaN,
        "Interest Expense Non Operating": NaN,
        "Interest Income Non Operating": NaN,
        "Operating Income": NaN,
        "Operating Expense": NaN,
        "Research And Development": NaN,
        "Selling General And Administration": NaN,
        "Selling And Marketing Expense": NaN,
        "General And Administrative Expense": NaN,
        "Other Gand A": NaN,
        "Salaries And Wages": 7680000.0,
        "Gross Profit": NaN,
        "Cost Of Revenue": NaN,
        "Total Revenue": NaN,
        "Operating Revenue": NaN
    },
    "2022-06-30": {
        "Tax Effect Of Unusual Items": 0.0,
        "Tax Rate For Calcs": 0.4,
        "Normalized EBITDA": -449877000.0,
        "Total Unusual Items": NaN,
        "Total Unusual Items Excluding Goodwill": NaN,
        "Net Income From Continuing Operation Net Minority Interest": -453886000.0,
        "Reconciled Cost Of Revenue": 546498000.0,
        "EBITDA": -449877000.0,
        "EBIT": -449877000.0,
        "Net Interest Income": -6333000.0,
        "Interest Expense": 10102000.0,
        "Interest Income": 3769000.0,
        "Normalized Income": -453886000.0,
        "Net Income From Continuing And Discontinued Operation": -453886000.0,
        "Total Expenses": 1411438000.0,
        "Total Operating Income As Reported": -455213000.0,
        "Diluted Average Shares": 123703353.0,
        "Basic Average Shares": 123703353.0,
        "Diluted EPS": -3.67,
        "Basic EPS": -3.67,
        "Diluted NI Availto Com Stockholders": -453886000.0,
        "Net Income Common Stockholders": -453886000.0,
        "Net Income": -453886000.0,
        "Minority Interests": 6646000.0,
        "Net Income Including Noncontrolling Interests": -460532000.0,
        "Net Income Discontinuous Operations": 0.0,
        "Net Income Continuous Operations": -460532000.0,
        "Tax Provision": 553000.0,
        "Pretax Income": -459979000.0,
        "Other Income Expense": 1567000.0,
        "Other Non Operating Income Expenses": 1567000.0,
        "Special Income Charges": NaN,
        "Impairment Of Capital Assets": NaN,
        "Net Non Operating Interest Income Expense": -6333000.0,
        "Interest Expense Non Operating": 10102000.0,
        "Interest Income Non Operating": 3769000.0,
        "Operating Income": -455213000.0,
        "Operating Expense": 864940000.0,
        "Research And Development": 208411000.0,
        "Selling General And Administration": 656529000.0,
        "Selling And Marketing Expense": 595997000.0,
        "General And Administrative Expense": 60532000.0,
        "Other Gand A": 60532000.0,
        "Gross Profit": 409727000.0,
        "Cost Of Revenue": 546498000.0,
        "Total Revenue": 956225000.0,
        "Operating Revenue": 956225000.0
    },
    "2022-03-31": {
        "Diluted EPS": -0.13,
        "Total Revenue": 189,
        "Gross Profit": 101,
        "Operating Income": -20,
        "EBIT": -20,
        "Net Income": -16
    },
    "2021-12-31": {
        "Diluted EPS": -0.04,
        "Total Revenue": 10,
        "Gross Profit": -32,
        "Operating Income": 5,
        "EBIT": 5,
        "Net Income": -5
    },
    "2021-09-30": {
        "Diluted EPS": -0.16,
        "Total Revenue": 215,
        "Gross Profit": 122,
        "Operating Income": -20,
        "EBIT": -20,
        "Net Income": -20
    },
    "2021-06-30": {
        "Diluted EPS": -0.66,
        "Total Revenue": 200,
        "Gross Profit": 105,
        "Operating Income": -84,
        "EBIT": -84,
        "Net Income": -81
    },
    "2021-03-31": {
        "Diluted EPS": -0.42,
        "Total Revenue": 205,
        "Gross Profit": 117,
        "Operating Income": -49,
        "EBIT": -49,
        "Net Income": -50
    },
    "2020-12-31": {
        "Diluted EPS": -0.7,
        "Total Revenue": 189,
        "Gross Profit": 89,
        "Operating Income": -80,
        "EBIT": -79,
        "Net Income": -79
    },
    "2020-09-30": {
        "Diluted EPS": -1.14,
        "Total Revenue": 132,
        "Gross Profit": 61,
        "Operating Income": -132,
        "EBIT": -132,
        "Net Income": -129
    },
    "2020-06-30": {
        "Diluted EPS": -0.33,
        "Total Revenue": 88,
        "Gross Profit": 40,
        "Operating Income": -40,
        "EBIT": -40,
        "Net Income": -36
    },
    "2020-03-31": {
        "Diluted EPS": -0.21,
        "Total Revenue": 76,
        "Gross Profit": 33,
        "Operating Income": -25,
        "EBIT": -25,
        "Net Income": -24
    },
    "2019-09-30": {
        "Diluted EPS": -0.37,
        "Total Revenue": 48,
        "Gross Profit": 12,
        "Operating Income": -33,
        "EBIT": -33,
        "Net Income": -34
    },
    "2018-12-31": {
        "Diluted EPS": 0.0,
        "Total Revenue": NaN,
        "Gross Profit": NaN,
        "Operating Income": NaN,
        "EBIT": NaN,
        "Net Income": NaN
    },
    "2023-06-30": {
        "Tax Effect Of Unusual Items": NaN,
        "Tax Rate For Calcs": NaN,
        "Normalized EBITDA": NaN,
        "Net Income From Continuing Operation Net Minority Interest": NaN,
        "Reconciled Cost Of Revenue": NaN,
        "EBITDA": NaN,
        "EBIT": NaN,
        "Net Interest Income": NaN,
        "Interest Expense": NaN,
        "Interest Income": NaN,
        "Normalized Income": NaN,
        "Net Income From Continuing And Discontinued Operation": NaN,
        "Total Expenses": NaN,
        "Total Operating Income As Reported": NaN,
        "Diluted Average Shares": NaN,
        "Basic Average Shares": NaN,
        "Diluted EPS": NaN,
        "Basic EPS": NaN,
        "Diluted NI Availto Com Stockholders": NaN,
        "Net Income Common Stockholders": NaN,
        "Net Income": NaN,
        "Minority Interests": NaN,
        "Net Income Including Noncontrolling Interests": NaN,
        "Net Income Discontinuous Operations": 0.0,
        "Net Income Continuous Operations": NaN,
        "Tax Provision": NaN,
        "Pretax Income": NaN,
        "Other Income Expense": NaN,
        "Other Non Operating Income Expenses": NaN,
        "Net Non Operating Interest Income Expense": NaN,
        "Interest Expense Non Operating": NaN,
        "Interest Income Non Operating": NaN,
        "Operating Income": NaN,
        "Operating Expense": NaN,
        "Research And Development": NaN,
        "Selling General And Administration": NaN,
        "Selling And Marketing Expense": NaN,
        "General And Administrative Expense": NaN,
        "Other Gand A": NaN,
        "Salaries And Wages": NaN,
        "Gross Profit": NaN,
        "Cost Of Revenue": NaN,
        "Total Revenue": NaN,
        "Operating Revenue": NaN
    },
    "2023-09-30": {
        "Tax Effect Of Unusual Items": 0.0,
        "Tax Rate For Calcs": 0.25,
        "Normalized EBITDA": -76617000.0,
        "Net Income From Continuing Operation Net Minority Interest": -102905000.0,
        "Reconciled Cost Of Revenue": 679147000.0,
        "EBITDA": -76617000.0,
        "EBIT": -76617000.0,
        "Net Interest Income": -15586000.0,
        "Interest Expense": 17753000.0,
        "Interest Income": 2167000.0,
        "Normalized Income": -102905000.0,
        "Net Income From Continuing And Discontinued Operation": -102905000.0,
        "Total Expenses": 1596470000.0,
        "Total Operating Income As Reported": -57687000.0,
        "Diluted Average Shares": 121275391.0,
        "Basic Average Shares": 121275391.0,
        "Diluted EPS": -0.85,
        "Basic EPS": -0.85,
        "Diluted NI Availto Com Stockholders": -102905000.0,
        "Net Income Common Stockholders": -102905000.0,
        "Net Income": -102905000.0,
        "Minority Interests": -5978000.0,
        "Net Income Including Noncontrolling Interests": -96927000.0,
        "Net Income Discontinuous Operations": 0.0,
        "Net Income Continuous Operations": -96927000.0,
        "Tax Provision": 2557000.0,
        "Pretax Income": -94370000.0,
        "Other Income Expense": -21097000.0,
        "Other Non Operating Income Expenses": -21097000.0,
        "Net Non Operating Interest Income Expense": -15586000.0,
        "Interest Expense Non Operating": 17753000.0,
        "Interest Income Non Operating": 2167000.0,
        "Operating Income": -57687000.0,
        "Operating Expense": 917323000.0,
        "Research And Development": 187328000.0,
        "Selling General And Administration": 729995000.0,
        "Selling And Marketing Expense": 674173000.0,
        "General And Administrative Expense": 55822000.0,
        "Other Gand A": 55822000.0,
        "Salaries And Wages": 4914000.0,
        "Gross Profit": 859636000.0,
        "Cost Of Revenue": 679147000.0,
        "Total Revenue": 1538783000.0,
        "Operating Revenue": 1538783000.0
    },
    "2023-12-31": {
        "Tax Effect Of Unusual Items": 0.0,
        "Tax Rate For Calcs": 0.007797,
        "Normalized EBITDA": 75427000.0,
        "Net Income From Continuing Operation Net Minority Interest": 56482000.0,
        "Reconciled Cost Of Revenue": 741720000.0,
        "EBITDA": 75427000.0,
        "EBIT": 75427000.0,
        "Net Interest Income": -17136000.0,
        "Interest Expense": 18869000.0,
        "Interest Income": 1733000.0,
        "Normalized Income": 56482000.0,
        "Net Income From Continuing And Discontinued Operation": 56482000.0,
        "Total Expenses": 1371452000.0,
        "Total Operating Income As Reported": 76283000.0,
        "Diluted Average Shares": 120426624.0,
        "Basic Average Shares": 119764891.0,
        "Diluted EPS": 0.47,
        "Basic EPS": 0.47,
        "Diluted NI Availto Com Stockholders": 56482000.0,
        "Net Income Common Stockholders": 56482000.0,
        "Net Income": 56482000.0,
        "Minority Interests": 365000.0,
        "Net Income Including Noncontrolling Interests": 56117000.0,
        "Net Income Discontinuous Operations": 0.0,
        "Net Income Continuous Operations": 56117000.0,
        "Tax Provision": 441000.0,
        "Pretax Income": 56558000.0,
        "Other Income Expense": -35375000.0,
        "Other Non Operating Income Expenses": 5673000.0,
        "Net Non Operating Interest Income Expense": -17136000.0,
        "Interest Expense Non Operating": 18869000.0,
        "Interest Income Non Operating": 1733000.0,
        "Operating Income": 109069000.0,
        "Operating Expense": 629732000.0,
        "Research And Development": 168130000.0,
        "Selling General And Administration": 494388000.0,
        "Selling And Marketing Expense": 441399000.0,
        "General And Administrative Expense": 52989000.0,
        "Other Gand A": 52989000.0,
        "Salaries And Wages": NaN,
        "Gross Profit": 738801000.0,
        "Cost Of Revenue": 741720000.0,
        "Total Revenue": 1480521000.0,
        "Operating Revenue": 1480521000.0
    },
    "2024-03-31": {
        "Tax Effect Of Unusual Items": 0.0,
        "Tax Rate For Calcs": 0.25,
        "Normalized EBITDA": 33791000.0,
        "Net Income From Continuing Operation Net Minority Interest": 12432000.0,
        "Reconciled Cost Of Revenue": 710356000.0,
        "EBITDA": 33791000.0,
        "EBIT": 33791000.0,
        "Net Interest Income": -19359000.0,
        "Interest Expense": 20334000.0,
        "Interest Income": 975000.0,
        "Normalized Income": 12432000.0,
        "Net Income From Continuing And Discontinued Operation": 12432000.0,
        "Total Expenses": 1361935000.0,
        "Total Operating Income As Reported": 29924000.0,
        "Diluted Average Shares": 118928848.0,
        "Basic Average Shares": 118317220.0,
        "Diluted EPS": 0.1,
        "Basic EPS": 0.11,
        "Diluted NI Availto Com Stockholders": 12432000.0,
        "Net Income Common Stockholders": 12432000.0,
        "Net Income": 12432000.0,
        "Minority Interests": -2053000.0,
        "Net Income Including Noncontrolling Interests": 14485000.0,
        "Net Income Discontinuous Operations": NaN,
        "Net Income Continuous Operations": 14485000.0,
        "Tax Provision": -1028000.0,
        "Pretax Income": 13457000.0,
        "Other Income Expense": 2892000.0,
        "Other Non Operating Income Expenses": 2892000.0,
        "Net Non Operating Interest Income Expense": -19359000.0,
        "Interest Expense Non Operating": 20334000.0,
        "Interest Income Non Operating": 975000.0,
        "Operating Income": 29924000.0,
        "Operating Expense": 651579000.0,
        "Research And Development": 146723000.0,
        "Selling General And Administration": 504856000.0,
        "Selling And Marketing Expense": 455440000.0,
        "General And Administrative Expense": 49416000.0,
        "Other Gand A": 49416000.0,
        "Salaries And Wages": NaN,
        "Gross Profit": 681503000.0,
        "Cost Of Revenue": 710356000.0,
        "Total Revenue": 1391859000.0,
        "Operating Revenue": 1391859000.0
    },
    "2024-06-30": {
        "Tax Effect Of Unusual Items": 0.0,
        "Tax Rate For Calcs": 0.25,
        "Normalized EBITDA": -72545000.0,
        "Net Income From Continuing Operation Net Minority Interest": -99475000.0,
        "Reconciled Cost Of Revenue": 684942000.0,
        "EBITDA": -72545000.0,
        "EBIT": -72545000.0,
        "Net Interest Income": -19899000.0,
        "Interest Expense": 20816000.0,
        "Interest Income": 917000.0,
        "Normalized Income": -99475000.0,
        "Net Income From Continuing And Discontinued Operation": -99475000.0,
        "Total Expenses": 1394274000.0,
        "Total Operating Income As Reported": -72553000.0,
        "Diluted Average Shares": 117173272.0,
        "Basic Average Shares": 117173272.0,
        "Diluted EPS": -0.85,
        "Basic EPS": -0.85,
        "Diluted NI Availto Com Stockholders": -99475000.0,
        "Net Income Common Stockholders": -99475000.0,
        "Net Income": -99475000.0,
        "Minority Interests": 939000.0,
        "Net Income Including Noncontrolling Interests": -100414000.0,
        "Net Income Discontinuous Operations": NaN,
        "Net Income Continuous Operations": -100414000.0,
        "Tax Provision": 7053000.0,
        "Pretax Income": -93361000.0,
        "Other Income Expense": -909000.0,
        "Other Non Operating Income Expenses": -909000.0,
        "Net Non Operating Interest Income Expense": -19899000.0,
        "Interest Expense Non Operating": 20816000.0,
        "Interest Income Non Operating": 917000.0,
        "Operating Income": -72553000.0,
        "Operating Expense": 709332000.0,
        "Research And Development": 152987000.0,
        "Selling General And Administration": 556345000.0,
        "Selling And Marketing Expense": 515711000.0,
        "General And Administrative Expense": 40634000.0,
        "Other Gand A": 40634000.0,
        "Salaries And Wages": NaN,
        "Gross Profit": 636779000.0,
        "Cost Of Revenue": 684942000.0,
        "Total Revenue": 1321721000.0,
        "Operating Revenue": 1321721000.0
    },
    "2024-09-30": {
        "Tax Effect Of Unusual Items": 0.0,
        "Tax Rate For Calcs": 0.025979,
        "Normalized EBITDA": 106339000.0,
        "Net Income From Continuing Operation Net Minority Interest": 86253000.0,
        "Reconciled Cost Of Revenue": 783085000.0,
        "EBITDA": 106339000.0,
        "EBIT": 106339000.0,
        "Net Interest Income": -14055000.0,
        "Interest Expense": 15112000.0,
        "Interest Income": 1057000.0,
        "Normalized Income": 86253000.0,
        "Net Income From Continuing And Discontinued Operation": 86253000.0,
        "Total Expenses": 1465267000.0,
        "Total Operating Income As Reported": 107274000.0,
        "Diluted Average Shares": 117343848.0,
        "Basic Average Shares": 116965181.0,
        "Diluted EPS": 0.74,
        "Basic EPS": 0.74,
        "Diluted NI Availto Com Stockholders": 86253000.0,
        "Net Income Common Stockholders": 86253000.0,
        "Net Income": 86253000.0,
        "Minority Interests": -2604000.0,
        "Net Income Including Noncontrolling Interests": 88857000.0,
        "Net Income Discontinuous Operations": NaN,
        "Net Income Continuous Operations": 88857000.0,
        "Tax Provision": 2370000.0,
        "Pretax Income": 91227000.0,
        "Other Income Expense": -1992000.0,
        "Other Non Operating Income Expenses": -1992000.0,
        "Net Non Operating Interest Income Expense": -14055000.0,
        "Interest Expense Non Operating": 15112000.0,
        "Interest Income Non Operating": 1057000.0,
        "Operating Income": 107274000.0,
        "Operating Expense": 682182000.0,
        "Research And Development": 119594000.0,
        "Selling General And Administration": 562588000.0,
        "Selling And Marketing Expense": 519620000.0,
        "General And Administrative Expense": 42968000.0,
        "Other Gand A": 42968000.0,
        "Salaries And Wages": NaN,
        "Gross Profit": 789456000.0,
        "Cost Of Revenue": 783085000.0,
        "Total Revenue": 1572541000.0,
        "Operating Revenue": 1572541000.0
    }
}