{
    "2023-03-31": {
        "Tax Effect Of Unusual Items": NaN,
        "Tax Rate For Calcs": NaN,
        "Normalized EBITDA": NaN,
        "Total Unusual Items": 3379000.0,
        "Total Unusual Items Excluding Goodwill": 3379000.0,
        "Net Income From Continuing Operation Net Minority Interest": NaN,
        "Reconciled Cost Of Revenue": NaN,
        "EBITDA": NaN,
        "EBIT": NaN,
        "Net Interest Income": NaN,
        "Interest Income": NaN,
        "Normalized Income": NaN,
        "Net Income From Continuing And Discontinued Operation": NaN,
        "Total Expenses": NaN,
        "Total Operating Income As Reported": NaN,
        "Diluted Average Shares": 58210601.0,
        "Basic Average Shares": 57603730.0,
        "Diluted EPS": 0.42,
        "Basic EPS": 0.42,
        "Diluted NI Availto Com Stockholders": NaN,
        "Net Income Common Stockholders": NaN,
        "Net Income": NaN,
        "Net Income Including Noncontrolling Interests": NaN,
        "Net Income Continuous Operations": NaN,
        "Tax Provision": NaN,
        "Pretax Income": NaN,
        "Other Income Expense": 3379000.0,
        "Special Income Charges": 3379000.0,
        "Write Off": -3379000.0,
        "Net Non Operating Interest Income Expense": NaN,
        "Total Other Finance Cost": -284000.0,
        "Interest Income Non Operating": NaN,
        "Operating Income": NaN,
        "Operating Expense": NaN,
        "Selling General And Administration": NaN,
        "Gross Profit": NaN,
        "Cost Of Revenue": NaN,
        "Total Revenue": NaN,
        "Operating Revenue": NaN
    },
    "2022-12-31": {
        "Tax Effect Of Unusual Items": NaN,
        "Tax Rate For Calcs": NaN,
        "Normalized EBITDA": NaN,
        "Total Unusual Items": -2340000.0,
        "Total Unusual Items Excluding Goodwill": -2340000.0,
        "Net Income From Continuing Operation Net Minority Interest": NaN,
        "Reconciled Cost Of Revenue": NaN,
        "EBITDA": NaN,
        "EBIT": NaN,
        "Net Interest Income": NaN,
        "Interest Income": NaN,
        "Normalized Income": NaN,
        "Net Income From Continuing And Discontinued Operation": NaN,
        "Total Expenses": NaN,
        "Total Operating Income As Reported": NaN,
        "Diluted Average Shares": NaN,
        "Basic Average Shares": NaN,
        "Diluted EPS": NaN,
        "Basic EPS": NaN,
        "Diluted NI Availto Com Stockholders": NaN,
        "Net Income Common Stockholders": NaN,
        "Net Income": NaN,
        "Net Income Including Noncontrolling Interests": NaN,
        "Net Income Continuous Operations": NaN,
        "Tax Provision": NaN,
        "Pretax Income": NaN,
        "Other Income Expense": -2340000.0,
        "Special Income Charges": -2340000.0,
        "Write Off": 2340000.0,
        "Net Non Operating Interest Income Expense": NaN,
        "Total Other Finance Cost": NaN,
        "Interest Income Non Operating": NaN,
        "Operating Income": NaN,
        "Operating Expense": NaN,
        "Selling General And Administration": NaN,
        "Gross Profit": NaN,
        "Cost Of Revenue": NaN,
        "Total Revenue": NaN,
        "Operating Revenue": NaN
    },
    "2022-09-30": {
        "Tax Effect Of Unusual Items": NaN,
        "Tax Rate For Calcs": NaN,
        "Normalized EBITDA": NaN,
        "Total Unusual Items": -1304000.0,
        "Total Unusual Items Excluding Goodwill": -1304000.0,
        "Net Income From Continuing Operation Net Minority Interest": NaN,
        "Reconciled Cost Of Revenue": NaN,
        "EBITDA": NaN,
        "EBIT": NaN,
        "Net Interest Income": NaN,
        "Interest Income": 11335000.0,
        "Normalized Income": NaN,
        "Net Income From Continuing And Discontinued Operation": NaN,
        "Total Expenses": NaN,
        "Total Operating Income As Reported": NaN,
        "Diluted Average Shares": NaN,
        "Basic Average Shares": NaN,
        "Diluted EPS": NaN,
        "Basic EPS": NaN,
        "Diluted NI Availto Com Stockholders": NaN,
        "Net Income Common Stockholders": NaN,
        "Net Income": NaN,
        "Net Income Including Noncontrolling Interests": NaN,
        "Net Income Continuous Operations": NaN,
        "Tax Provision": NaN,
        "Pretax Income": NaN,
        "Other Income Expense": -1304000.0,
        "Special Income Charges": -1304000.0,
        "Write Off": 1304000.0,
        "Net Non Operating Interest Income Expense": NaN,
        "Total Other Finance Cost": NaN,
        "Interest Income Non Operating": 11335000.0,
        "Operating Income": NaN,
        "Operating Expense": NaN,
        "Selling General And Administration": NaN,
        "Gross Profit": NaN,
        "Cost Of Revenue": NaN,
        "Total Revenue": NaN,
        "Operating Revenue": NaN
    },
    "2022-06-30": {
        "Tax Effect Of Unusual Items": 182398.941245,
        "Tax Rate For Calcs": 0.1678,
        "Normalized EBITDA": 24477000.0,
        "Total Unusual Items": 1087000.0,
        "Total Unusual Items Excluding Goodwill": 1087000.0,
        "Net Income From Continuing Operation Net Minority Interest": 27039000.0,
        "Reconciled Depreciation": NaN,
        "Reconciled Cost Of Revenue": 122645000.0,
        "EBITDA": 25564000.0,
        "EBIT": 25564000.0,
        "Net Interest Income": 5840000.0,
        "Normalized Income": 26134398.941245,
        "Net Income From Continuing And Discontinued Operation": 27039000.0,
        "Total Expenses": 154840000.0,
        "Total Operating Income As Reported": 26651000.0,
        "Diluted Average Shares": 58236153.0,
        "Basic Average Shares": 56680204.0,
        "Diluted EPS": 0.47,
        "Basic EPS": 0.48,
        "Diluted NI Availto Com Stockholders": 27039000.0,
        "Net Income Common Stockholders": 27039000.0,
        "Net Income": 27039000.0,
        "Net Income Including Noncontrolling Interests": 27039000.0,
        "Net Income Continuous Operations": 27039000.0,
        "Tax Provision": 5452000.0,
        "Pretax Income": 32491000.0,
        "Other Income Expense": 1087000.0,
        "Special Income Charges": 1087000.0,
        "Write Off": -1087000.0,
        "Net Non Operating Interest Income Expense": 5840000.0,
        "Total Other Finance Cost": -5840000.0,
        "Operating Income": 25564000.0,
        "Operating Expense": 32195000.0,
        "Depreciation Amortization Depletion Income Statement": NaN,
        "Depreciation And Amortization In Income Statement": NaN,
        "Selling General And Administration": 32195000.0,
        "General And Administrative Expense": NaN,
        "Other Gand A": NaN,
        "Salaries And Wages": NaN,
        "Gross Profit": 57759000.0,
        "Cost Of Revenue": 122645000.0,
        "Total Revenue": 180404000.0,
        "Operating Revenue": 180404000.0
    },
    "2022-03-31": {
        "Diluted EPS": 0.47,
        "Total Revenue": 227,
        "Gross Profit": 74,
        "Operating Income": 34,
        "EBIT": 34,
        "Net Income": 27
    },
    "2021-12-31": {
        "Diluted EPS": 0.36,
        "Total Revenue": 213,
        "Gross Profit": 70,
        "Operating Income": 27,
        "EBIT": 27,
        "Net Income": 21
    },
    "2021-09-30": {
        "Diluted EPS": 0.5,
        "Total Revenue": 203,
        "Gross Profit": 73,
        "Operating Income": 35,
        "EBIT": 35,
        "Net Income": 28
    },
    "2021-06-30": {
        "Diluted EPS": 0.37,
        "Total Revenue": 184,
        "Gross Profit": 62,
        "Operating Income": 27,
        "EBIT": 27,
        "Net Income": 22
    },
    "2021-03-31": {
        "Diluted EPS": 0.32,
        "Total Revenue": 155,
        "Gross Profit": 53,
        "Operating Income": 25,
        "EBIT": 25,
        "Net Income": 18
    },
    "2020-12-31": {
        "Diluted EPS": 0.19,
        "Total Revenue": 139,
        "Gross Profit": 49,
        "Operating Income": 19,
        "EBIT": 19,
        "Net Income": 10
    },
    "2020-09-30": {
        "Diluted EPS": 0.16,
        "Total Revenue": 123,
        "Gross Profit": 43,
        "Operating Income": 15,
        "EBIT": 15,
        "Net Income": 9
    },
    "2020-06-30": {
        "Diluted EPS": 0.15,
        "Total Revenue": 112,
        "Gross Profit": 34,
        "Operating Income": 9,
        "EBIT": 9,
        "Net Income": 8
    },
    "2020-03-31": {
        "Diluted EPS": 0.33,
        "Total Revenue": 118,
        "Gross Profit": 46,
        "Operating Income": 18,
        "EBIT": 18,
        "Net Income": 19
    },
    "2019-12-31": {
        "Diluted EPS": -0.32,
        "Total Revenue": 111,
        "Gross Profit": 10,
        "Operating Income": -15,
        "EBIT": -15,
        "Net Income": -18
    },
    "2019-09-30": {
        "Diluted EPS": 0.32,
        "Total Revenue": 102,
        "Gross Profit": 37,
        "Operating Income": 15,
        "EBIT": 15,
        "Net Income": 18
    },
    "2019-06-30": {
        "Diluted EPS": 0.19,
        "Total Revenue": 98,
        "Gross Profit": 33,
        "Operating Income": 11,
        "EBIT": 11,
        "Net Income": 11
    },
    "2019-03-31": {
        "Diluted EPS": 0.14,
        "Total Revenue": 95,
        "Gross Profit": 33,
        "Operating Income": 10,
        "EBIT": 10,
        "Net Income": 8
    },
    "2018-12-31": {
        "Diluted EPS": 0.18,
        "Total Revenue": 92,
        "Gross Profit": 33,
        "Operating Income": 12,
        "EBIT": 12,
        "Net Income": 10
    },
    "2018-09-30": {
        "Diluted EPS": 0.05,
        "Total Revenue": 87,
        "Gross Profit": 29,
        "Operating Income": 10,
        "EBIT": 10,
        "Net Income": 3
    },
    "2018-06-30": {
        "Diluted EPS": 0.14,
        "Total Revenue": 8,
        "Gross Profit": 8,
        "Operating Income": 8,
        "EBIT": 11,
        "Net Income": 7
    },
    "2018-03-31": {
        "Diluted EPS": 0.0,
        "Total Revenue": NaN,
        "Gross Profit": NaN,
        "Operating Income": NaN,
        "EBIT": NaN,
        "Net Income": NaN
    },
    "2017-06-30": {
        "Diluted EPS": 0.0,
        "Total Revenue": NaN,
        "Gross Profit": NaN,
        "Operating Income": NaN,
        "EBIT": NaN,
        "Net Income": NaN
    },
    "2016-06-30": {
        "Diluted EPS": 0.0,
        "Total Revenue": NaN,
        "Gross Profit": NaN,
        "Operating Income": NaN,
        "EBIT": NaN,
        "Net Income": NaN
    },
    "2023-06-30": {
        "Tax Effect Of Unusual Items": -858114.051973,
        "Tax Rate For Calcs": 0.075313,
        "Normalized EBITDA": 38838000.0,
        "Total Unusual Items": -11394000.0,
        "Total Unusual Items Excluding Goodwill": -11394000.0,
        "Net Income From Continuing Operation Net Minority Interest": 23058000.0,
        "Reconciled Cost Of Revenue": 130269000.0,
        "EBITDA": 27444000.0,
        "EBIT": 27444000.0,
        "Net Interest Income": 12950000.0,
        "Interest Income": NaN,
        "Normalized Income": 33593885.948027,
        "Net Income From Continuing And Discontinued Operation": 23058000.0,
        "Total Expenses": 166411000.0,
        "Total Operating Income As Reported": 22713000.0,
        "Diluted Average Shares": 58092245.0,
        "Basic Average Shares": 57730072.0,
        "Diluted EPS": 0.4,
        "Basic EPS": 0.4,
        "Diluted NI Availto Com Stockholders": 23058000.0,
        "Net Income Common Stockholders": 23058000.0,
        "Net Income": 23058000.0,
        "Net Income Including Noncontrolling Interests": 23058000.0,
        "Net Income Continuous Operations": 23058000.0,
        "Tax Provision": 1878000.0,
        "Pretax Income": 24936000.0,
        "Other Income Expense": -11394000.0,
        "Special Income Charges": -667000.0,
        "Write Off": 667000.0,
        "Net Non Operating Interest Income Expense": 12950000.0,
        "Total Other Finance Cost": -12733000.0,
        "Interest Income Non Operating": NaN,
        "Operating Income": 23380000.0,
        "Operating Expense": 36142000.0,
        "Selling General And Administration": 36142000.0,
        "Gross Profit": 59522000.0,
        "Cost Of Revenue": 130269000.0,
        "Total Revenue": 189791000.0,
        "Operating Revenue": 189791000.0
    },
    "2023-09-30": {
        "Tax Effect Of Unusual Items": 0.0,
        "Tax Rate For Calcs": 0.285739,
        "Normalized EBITDA": 16107000.0,
        "Total Unusual Items": NaN,
        "Total Unusual Items Excluding Goodwill": NaN,
        "Net Income From Continuing Operation Net Minority Interest": 12366000.0,
        "Reconciled Cost Of Revenue": 133951000.0,
        "EBITDA": 16107000.0,
        "EBIT": 16107000.0,
        "Net Interest Income": 1206000.0,
        "Interest Income": 1206000.0,
        "Normalized Income": 12366000.0,
        "Net Income From Continuing And Discontinued Operation": 12366000.0,
        "Total Expenses": 172314000.0,
        "Total Operating Income As Reported": 16107000.0,
        "Diluted Average Shares": 58438198.0,
        "Basic Average Shares": 57901454.0,
        "Diluted EPS": 0.21,
        "Basic EPS": 0.21,
        "Diluted NI Availto Com Stockholders": 12366000.0,
        "Net Income Common Stockholders": 12366000.0,
        "Net Income": 12366000.0,
        "Net Income Including Noncontrolling Interests": 12366000.0,
        "Net Income Continuous Operations": 12366000.0,
        "Tax Provision": 4947000.0,
        "Pretax Income": 17313000.0,
        "Other Income Expense": NaN,
        "Special Income Charges": NaN,
        "Write Off": NaN,
        "Net Non Operating Interest Income Expense": 1206000.0,
        "Total Other Finance Cost": NaN,
        "Interest Income Non Operating": 1206000.0,
        "Operating Income": 16107000.0,
        "Operating Expense": 38363000.0,
        "Selling General And Administration": 38363000.0,
        "Gross Profit": 54470000.0,
        "Cost Of Revenue": 133951000.0,
        "Total Revenue": 188421000.0,
        "Operating Revenue": 188421000.0
    },
    "2023-12-31": {
        "Tax Effect Of Unusual Items": 0.0,
        "Tax Rate For Calcs": 0.212918,
        "Normalized EBITDA": 4618000.0,
        "Total Unusual Items": NaN,
        "Total Unusual Items Excluding Goodwill": NaN,
        "Net Income From Continuing Operation Net Minority Interest": 8347000.0,
        "Reconciled Cost Of Revenue": 138679000.0,
        "EBITDA": 4618000.0,
        "EBIT": 4618000.0,
        "Net Interest Income": 5987000.0,
        "Interest Income": NaN,
        "Normalized Income": 8347000.0,
        "Net Income From Continuing And Discontinued Operation": 8347000.0,
        "Total Expenses": 178934000.0,
        "Total Operating Income As Reported": 4618000.0,
        "Diluted Average Shares": 58602535.0,
        "Basic Average Shares": 58300691.0,
        "Diluted EPS": 0.14,
        "Basic EPS": 0.14,
        "Diluted NI Availto Com Stockholders": 8347000.0,
        "Net Income Common Stockholders": 8347000.0,
        "Net Income": 8347000.0,
        "Net Income Including Noncontrolling Interests": 8347000.0,
        "Net Income Continuous Operations": 8347000.0,
        "Tax Provision": 2258000.0,
        "Pretax Income": 10605000.0,
        "Other Income Expense": NaN,
        "Special Income Charges": NaN,
        "Write Off": NaN,
        "Net Non Operating Interest Income Expense": 5987000.0,
        "Total Other Finance Cost": -5987000.0,
        "Interest Income Non Operating": NaN,
        "Operating Income": 4618000.0,
        "Operating Expense": 40255000.0,
        "Selling General And Administration": 40255000.0,
        "Gross Profit": 44873000.0,
        "Cost Of Revenue": 138679000.0,
        "Total Revenue": 183552000.0,
        "Operating Revenue": 183552000.0
    },
    "2024-03-31": {
        "Tax Effect Of Unusual Items": 0.0,
        "Tax Rate For Calcs": 0.25,
        "Normalized EBITDA": -1832000.0,
        "Total Unusual Items": NaN,
        "Total Unusual Items Excluding Goodwill": NaN,
        "Net Income From Continuing Operation Net Minority Interest": -1737000.0,
        "Reconciled Cost Of Revenue": 137172000.0,
        "EBITDA": -1832000.0,
        "EBIT": -1832000.0,
        "Net Interest Income": 1303000.0,
        "Interest Income": NaN,
        "Normalized Income": -1737000.0,
        "Net Income From Continuing And Discontinued Operation": -1737000.0,
        "Total Expenses": 176197000.0,
        "Total Operating Income As Reported": -1832000.0,
        "Diluted Average Shares": 58799599.0,
        "Basic Average Shares": 58439085.0,
        "Diluted EPS": -0.03,
        "Basic EPS": -0.03,
        "Diluted NI Availto Com Stockholders": -1737000.0,
        "Net Income Common Stockholders": -1737000.0,
        "Net Income": -1737000.0,
        "Net Income Including Noncontrolling Interests": -1737000.0,
        "Net Income Continuous Operations": -1737000.0,
        "Tax Provision": 1208000.0,
        "Pretax Income": -529000.0,
        "Other Income Expense": NaN,
        "Special Income Charges": NaN,
        "Write Off": NaN,
        "Net Non Operating Interest Income Expense": 1303000.0,
        "Total Other Finance Cost": -1303000.0,
        "Interest Income Non Operating": NaN,
        "Operating Income": -1832000.0,
        "Operating Expense": 39025000.0,
        "Selling General And Administration": 39025000.0,
        "Gross Profit": 37193000.0,
        "Cost Of Revenue": 137172000.0,
        "Total Revenue": 174365000.0,
        "Operating Revenue": 174365000.0
    },
    "2024-06-30": {
        "Tax Effect Of Unusual Items": 0.0,
        "Tax Rate For Calcs": 0.25,
        "Normalized EBITDA": 14354000.0,
        "Total Unusual Items": NaN,
        "Total Unusual Items Excluding Goodwill": NaN,
        "Net Income From Continuing Operation Net Minority Interest": -1854000.0,
        "Reconciled Cost Of Revenue": 151246000.0,
        "EBITDA": 14354000.0,
        "EBIT": 14354000.0,
        "Net Interest Income": 561000.0,
        "Interest Income": NaN,
        "Normalized Income": -1854000.0,
        "Net Income From Continuing And Discontinued Operation": -1854000.0,
        "Total Expenses": 193171000.0,
        "Total Operating Income As Reported": 1247000.0,
        "Diluted Average Shares": NaN,
        "Basic Average Shares": NaN,
        "Diluted EPS": NaN,
        "Basic EPS": NaN,
        "Diluted NI Availto Com Stockholders": -1854000.0,
        "Net Income Common Stockholders": -1854000.0,
        "Net Income": -1854000.0,
        "Net Income Including Noncontrolling Interests": -1854000.0,
        "Net Income Continuous Operations": -1854000.0,
        "Tax Provision": 1445000.0,
        "Pretax Income": -409000.0,
        "Other Income Expense": NaN,
        "Special Income Charges": NaN,
        "Write Off": NaN,
        "Net Non Operating Interest Income Expense": 561000.0,
        "Total Other Finance Cost": -637000.0,
        "Interest Income Non Operating": NaN,
        "Operating Income": 1247000.0,
        "Operating Expense": 41925000.0,
        "Selling General And Administration": 41925000.0,
        "Gross Profit": 43172000.0,
        "Cost Of Revenue": 151246000.0,
        "Total Revenue": 194418000.0,
        "Operating Revenue": 194418000.0
    }
}