{
    "2023-03-31": {
        "Tax Effect Of Unusual Items": NaN,
        "Tax Rate For Calcs": NaN,
        "Normalized EBITDA": NaN,
        "Total Unusual Items": NaN,
        "Total Unusual Items Excluding Goodwill": NaN,
        "Net Income From Continuing Operation Net Minority Interest": NaN,
        "Reconciled Depreciation": NaN,
        "Reconciled Cost Of Revenue": NaN,
        "EBITDA": NaN,
        "EBIT": NaN,
        "Net Interest Income": NaN,
        "Interest Expense": NaN,
        "Interest Income": NaN,
        "Normalized Income": NaN,
        "Net Income From Continuing And Discontinued Operation": NaN,
        "Total Expenses": NaN,
        "Diluted Average Shares": 11867050.0,
        "Basic Average Shares": 11867050.0,
        "Diluted EPS": -1.179737,
        "Basic EPS": -1.179737,
        "Diluted NI Availto Com Stockholders": NaN,
        "Average Dilution Earnings": 0.0,
        "Net Income Common Stockholders": NaN,
        "Otherunder Preferred Stock Dividend": 0.0,
        "Net Income": NaN,
        "Net Income Including Noncontrolling Interests": NaN,
        "Net Income Continuous Operations": NaN,
        "Tax Provision": NaN,
        "Pretax Income": NaN,
        "Other Income Expense": NaN,
        "Special Income Charges": NaN,
        "Other Special Charges": NaN,
        "Restructuring And Mergern Acquisition": NaN,
        "Gain On Sale Of Security": NaN,
        "Net Non Operating Interest Income Expense": NaN,
        "Interest Expense Non Operating": NaN,
        "Interest Income Non Operating": NaN,
        "Operating Income": NaN,
        "Operating Expense": NaN,
        "Other Operating Expenses": NaN,
        "Provision For Doubtful Accounts": NaN,
        "Selling General And Administration": NaN,
        "Selling And Marketing Expense": NaN,
        "General And Administrative Expense": NaN,
        "Salaries And Wages": NaN,
        "Gross Profit": NaN,
        "Cost Of Revenue": NaN,
        "Total Revenue": NaN,
        "Operating Revenue": NaN
    },
    "2022-12-31": {
        "Tax Effect Of Unusual Items": NaN,
        "Tax Rate For Calcs": NaN,
        "Normalized EBITDA": NaN,
        "Total Unusual Items": NaN,
        "Total Unusual Items Excluding Goodwill": NaN,
        "Net Income From Continuing Operation Net Minority Interest": NaN,
        "Reconciled Depreciation": NaN,
        "Reconciled Cost Of Revenue": NaN,
        "EBITDA": NaN,
        "EBIT": NaN,
        "Net Interest Income": NaN,
        "Interest Expense": NaN,
        "Interest Income": NaN,
        "Normalized Income": NaN,
        "Net Income From Continuing And Discontinued Operation": NaN,
        "Total Expenses": NaN,
        "Diluted Average Shares": NaN,
        "Basic Average Shares": NaN,
        "Diluted EPS": NaN,
        "Basic EPS": NaN,
        "Diluted NI Availto Com Stockholders": NaN,
        "Average Dilution Earnings": NaN,
        "Net Income Common Stockholders": NaN,
        "Otherunder Preferred Stock Dividend": NaN,
        "Net Income": NaN,
        "Net Income Including Noncontrolling Interests": NaN,
        "Net Income Continuous Operations": NaN,
        "Tax Provision": NaN,
        "Pretax Income": NaN,
        "Other Income Expense": NaN,
        "Special Income Charges": NaN,
        "Other Special Charges": -4853000.0,
        "Restructuring And Mergern Acquisition": NaN,
        "Gain On Sale Of Security": NaN,
        "Net Non Operating Interest Income Expense": NaN,
        "Total Other Finance Cost": -449000.0,
        "Interest Expense Non Operating": NaN,
        "Interest Income Non Operating": NaN,
        "Operating Income": NaN,
        "Operating Expense": NaN,
        "Other Operating Expenses": NaN,
        "Provision For Doubtful Accounts": NaN,
        "Selling General And Administration": NaN,
        "Selling And Marketing Expense": NaN,
        "General And Administrative Expense": NaN,
        "Salaries And Wages": NaN,
        "Gross Profit": NaN,
        "Cost Of Revenue": NaN,
        "Total Revenue": NaN,
        "Operating Revenue": NaN
    },
    "2022-09-30": {
        "Tax Effect Of Unusual Items": NaN,
        "Tax Rate For Calcs": NaN,
        "Normalized EBITDA": NaN,
        "Total Unusual Items": NaN,
        "Total Unusual Items Excluding Goodwill": NaN,
        "Net Income From Continuing Operation Net Minority Interest": NaN,
        "Reconciled Depreciation": NaN,
        "Reconciled Cost Of Revenue": NaN,
        "EBITDA": NaN,
        "EBIT": NaN,
        "Net Interest Income": NaN,
        "Interest Expense": NaN,
        "Interest Income": NaN,
        "Normalized Income": NaN,
        "Net Income From Continuing And Discontinued Operation": NaN,
        "Total Expenses": NaN,
        "Diluted Average Shares": NaN,
        "Basic Average Shares": NaN,
        "Diluted EPS": NaN,
        "Basic EPS": NaN,
        "Diluted NI Availto Com Stockholders": NaN,
        "Average Dilution Earnings": 0.0,
        "Net Income Common Stockholders": NaN,
        "Otherunder Preferred Stock Dividend": 0.0,
        "Net Income": NaN,
        "Net Income Including Noncontrolling Interests": NaN,
        "Net Income Continuous Operations": NaN,
        "Tax Provision": NaN,
        "Pretax Income": NaN,
        "Other Income Expense": NaN,
        "Other Non Operating Income Expenses": -18000.0,
        "Special Income Charges": NaN,
        "Other Special Charges": 6845000.0,
        "Restructuring And Mergern Acquisition": NaN,
        "Gain On Sale Of Security": NaN,
        "Net Non Operating Interest Income Expense": NaN,
        "Total Other Finance Cost": 2209000.0,
        "Interest Expense Non Operating": NaN,
        "Interest Income Non Operating": NaN,
        "Operating Income": NaN,
        "Operating Expense": NaN,
        "Other Operating Expenses": NaN,
        "Provision For Doubtful Accounts": NaN,
        "Selling General And Administration": NaN,
        "Selling And Marketing Expense": NaN,
        "General And Administrative Expense": NaN,
        "Salaries And Wages": NaN,
        "Gross Profit": NaN,
        "Cost Of Revenue": NaN,
        "Total Revenue": NaN,
        "Operating Revenue": NaN
    },
    "2022-06-30": {
        "Tax Effect Of Unusual Items": 0.0,
        "Tax Rate For Calcs": 0.0,
        "Normalized EBITDA": -54900000.0,
        "Total Unusual Items": 29400000.0,
        "Total Unusual Items Excluding Goodwill": 29400000.0,
        "Net Income From Continuing Operation Net Minority Interest": -27100000.0,
        "Reconciled Depreciation": 1869000.0,
        "Reconciled Cost Of Revenue": 7600000.0,
        "EBITDA": -25500000.0,
        "EBIT": -25500000.0,
        "Net Interest Income": -3500000.0,
        "Interest Expense": 1600000.0,
        "Interest Income": 647000.0,
        "Normalized Income": -56500000.0,
        "Net Income From Continuing And Discontinued Operation": -27100000.0,
        "Total Expenses": 98800000.0,
        "Diluted Average Shares": 11641765.0,
        "Basic Average Shares": 11641765.0,
        "Diluted EPS": -2.327826,
        "Basic EPS": -2.327826,
        "Diluted NI Availto Com Stockholders": -27100000.0,
        "Average Dilution Earnings": 0.0,
        "Net Income Common Stockholders": -27100000.0,
        "Otherunder Preferred Stock Dividend": NaN,
        "Net Income": -27100000.0,
        "Net Income Including Noncontrolling Interests": -27100000.0,
        "Net Income Continuous Operations": -27100000.0,
        "Tax Provision": 0.0,
        "Pretax Income": -27100000.0,
        "Other Income Expense": 29400000.0,
        "Other Non Operating Income Expenses": 7600000.0,
        "Special Income Charges": 11900000.0,
        "Other Special Charges": -4300000.0,
        "Restructuring And Mergern Acquisition": -7600000.0,
        "Gain On Sale Of Security": 17500000.0,
        "Net Non Operating Interest Income Expense": -3500000.0,
        "Total Other Finance Cost": 1900000.0,
        "Interest Expense Non Operating": 1600000.0,
        "Interest Income Non Operating": 647000.0,
        "Operating Income": -53000000.0,
        "Operating Expense": 91200000.0,
        "Other Operating Expenses": 17400000.0,
        "Provision For Doubtful Accounts": 13900000.0,
        "Selling General And Administration": 59900000.0,
        "Selling And Marketing Expense": 20800000.0,
        "General And Administrative Expense": 39100000.0,
        "Salaries And Wages": 39100000.0,
        "Gross Profit": 38200000.0,
        "Cost Of Revenue": 7600000.0,
        "Total Revenue": 45800000.0,
        "Operating Revenue": 45800000.0
    },
    "2022-03-31": {
        "Diluted EPS": -2.91,
        "Total Revenue": 43,
        "Gross Profit": 43,
        "Operating Income": -23,
        "EBIT": -22,
        "Net Income": -33
    },
    "2021-12-31": {
        "Diluted EPS": -2.45,
        "Total Revenue": 41,
        "Gross Profit": 41,
        "Operating Income": -15,
        "EBIT": -14,
        "Net Income": -15
    },
    "2021-09-30": {
        "Diluted EPS": -1.92,
        "Total Revenue": 40,
        "Gross Profit": 40,
        "Operating Income": -16,
        "EBIT": -15,
        "Net Income": -8
    },
    "2021-06-30": {
        "Diluted EPS": -0.32,
        "Total Revenue": 37,
        "Gross Profit": 37,
        "Operating Income": -6,
        "EBIT": -8,
        "Net Income": -1
    },
    "2021-03-31": {
        "Diluted EPS": 0.0,
        "Total Revenue": 34,
        "Gross Profit": 34,
        "Operating Income": -10,
        "EBIT": -8,
        "Net Income": 4
    },
    "2023-06-30": {
        "Tax Effect Of Unusual Items": -31920.0,
        "Tax Rate For Calcs": 0.21,
        "Normalized EBITDA": -18210000.0,
        "Total Unusual Items": -152000.0,
        "Total Unusual Items Excluding Goodwill": -152000.0,
        "Net Income From Continuing Operation Net Minority Interest": -22618000.0,
        "Reconciled Depreciation": 1222000.0,
        "Reconciled Cost Of Revenue": 7232000.0,
        "EBITDA": -18362000.0,
        "EBIT": -19584000.0,
        "Net Interest Income": -1542000.0,
        "Interest Expense": 3027000.0,
        "Interest Income": 1485000.0,
        "Normalized Income": -22497920.0,
        "Net Income From Continuing And Discontinued Operation": -22618000.0,
        "Total Expenses": 82152000.0,
        "Diluted Average Shares": 11884473.0,
        "Basic Average Shares": 11884473.0,
        "Diluted EPS": -1.9,
        "Basic EPS": -1.9,
        "Diluted NI Availto Com Stockholders": -22618000.0,
        "Average Dilution Earnings": 0.0,
        "Net Income Common Stockholders": -22618000.0,
        "Otherunder Preferred Stock Dividend": 0.0,
        "Net Income": -22618000.0,
        "Net Income Including Noncontrolling Interests": -22618000.0,
        "Net Income Continuous Operations": -22618000.0,
        "Tax Provision": 7000.0,
        "Pretax Income": -22611000.0,
        "Other Income Expense": -152000.0,
        "Special Income Charges": 12000.0,
        "Other Special Charges": NaN,
        "Restructuring And Mergern Acquisition": -12000.0,
        "Gain On Sale Of Security": -164000.0,
        "Net Non Operating Interest Income Expense": -1542000.0,
        "Interest Expense Non Operating": 3027000.0,
        "Interest Income Non Operating": 1485000.0,
        "Operating Income": -20917000.0,
        "Operating Expense": 74920000.0,
        "Other Operating Expenses": 20078000.0,
        "Provision For Doubtful Accounts": 15925000.0,
        "Selling General And Administration": 38917000.0,
        "Selling And Marketing Expense": 14985000.0,
        "General And Administrative Expense": 23932000.0,
        "Salaries And Wages": 23932000.0,
        "Gross Profit": 54003000.0,
        "Cost Of Revenue": 7232000.0,
        "Total Revenue": 61235000.0,
        "Operating Revenue": 61235000.0
    },
    "2023-09-30": {
        "Tax Effect Of Unusual Items": 53550.0,
        "Tax Rate For Calcs": 0.21,
        "Normalized EBITDA": -7801000.0,
        "Total Unusual Items": 255000.0,
        "Total Unusual Items Excluding Goodwill": 255000.0,
        "Net Income From Continuing Operation Net Minority Interest": -12053000.0,
        "Reconciled Depreciation": 1441000.0,
        "Reconciled Cost Of Revenue": 7064000.0,
        "EBITDA": -7546000.0,
        "EBIT": -8987000.0,
        "Net Interest Income": -1725000.0,
        "Interest Expense": 3057000.0,
        "Interest Income": 1332000.0,
        "Normalized Income": -12254450.0,
        "Net Income From Continuing And Discontinued Operation": -12053000.0,
        "Total Expenses": 76385000.0,
        "Diluted Average Shares": 11960078.0,
        "Basic Average Shares": 11960078.0,
        "Diluted EPS": -1.01,
        "Basic EPS": -1.01,
        "Diluted NI Availto Com Stockholders": -12053000.0,
        "Average Dilution Earnings": 0.0,
        "Net Income Common Stockholders": -12053000.0,
        "Otherunder Preferred Stock Dividend": 0.0,
        "Net Income": -12053000.0,
        "Net Income Including Noncontrolling Interests": -12053000.0,
        "Net Income Continuous Operations": -12053000.0,
        "Tax Provision": 9000.0,
        "Pretax Income": -12044000.0,
        "Other Income Expense": 255000.0,
        "Special Income Charges": -2000.0,
        "Other Special Charges": NaN,
        "Restructuring And Mergern Acquisition": 2000.0,
        "Gain On Sale Of Security": 257000.0,
        "Net Non Operating Interest Income Expense": -1725000.0,
        "Interest Expense Non Operating": 3057000.0,
        "Interest Income Non Operating": 1332000.0,
        "Operating Income": -10574000.0,
        "Operating Expense": 69321000.0,
        "Other Operating Expenses": 16343000.0,
        "Provision For Doubtful Accounts": 15983000.0,
        "Selling General And Administration": 36995000.0,
        "Selling And Marketing Expense": 13914000.0,
        "General And Administrative Expense": 23081000.0,
        "Salaries And Wages": 23081000.0,
        "Gross Profit": 58747000.0,
        "Cost Of Revenue": 7064000.0,
        "Total Revenue": 65811000.0,
        "Operating Revenue": 65811000.0
    },
    "2023-12-31": {
        "Tax Effect Of Unusual Items": 2792.727273,
        "Tax Rate For Calcs": 0.349091,
        "Normalized EBITDA": 4740000.0,
        "Total Unusual Items": 8000.0,
        "Total Unusual Items Excluding Goodwill": 8000.0,
        "Net Income From Continuing Operation Net Minority Interest": 179000.0,
        "Reconciled Depreciation": 1681000.0,
        "Reconciled Cost Of Revenue": 7512000.0,
        "EBITDA": 4748000.0,
        "EBIT": 3067000.0,
        "Net Interest Income": -1506000.0,
        "Interest Expense": 2792000.0,
        "Interest Income": 1286000.0,
        "Normalized Income": 173792.727273,
        "Net Income From Continuing And Discontinued Operation": 179000.0,
        "Total Expenses": 71346000.0,
        "Diluted Average Shares": NaN,
        "Basic Average Shares": NaN,
        "Diluted EPS": NaN,
        "Basic EPS": NaN,
        "Diluted NI Availto Com Stockholders": 179000.0,
        "Average Dilution Earnings": NaN,
        "Net Income Common Stockholders": 179000.0,
        "Otherunder Preferred Stock Dividend": 0.0,
        "Net Income": 179000.0,
        "Net Income Including Noncontrolling Interests": 179000.0,
        "Net Income Continuous Operations": 179000.0,
        "Tax Provision": 96000.0,
        "Pretax Income": 275000.0,
        "Other Income Expense": 8000.0,
        "Special Income Charges": -13000.0,
        "Other Special Charges": NaN,
        "Restructuring And Mergern Acquisition": 13000.0,
        "Gain On Sale Of Security": 21000.0,
        "Net Non Operating Interest Income Expense": -1506000.0,
        "Interest Expense Non Operating": 2792000.0,
        "Interest Income Non Operating": 1286000.0,
        "Operating Income": 1773000.0,
        "Operating Expense": 63834000.0,
        "Other Operating Expenses": 15757000.0,
        "Provision For Doubtful Accounts": 14525000.0,
        "Selling General And Administration": 33552000.0,
        "Selling And Marketing Expense": 10022000.0,
        "General And Administrative Expense": 23530000.0,
        "Salaries And Wages": 23530000.0,
        "Gross Profit": 65607000.0,
        "Cost Of Revenue": 7512000.0,
        "Total Revenue": 73119000.0,
        "Operating Revenue": 73119000.0
    },
    "2024-03-31": {
        "Tax Effect Of Unusual Items": 2802945.761897,
        "Tax Rate For Calcs": 0.085537,
        "Normalized EBITDA": 8628000.0,
        "Total Unusual Items": 32769000.0,
        "Total Unusual Items Excluding Goodwill": 32769000.0,
        "Net Income From Continuing Operation Net Minority Interest": 34243000.0,
        "Reconciled Depreciation": 1734000.0,
        "Reconciled Cost Of Revenue": 7723000.0,
        "EBITDA": 41397000.0,
        "EBIT": 39663000.0,
        "Net Interest Income": -722000.0,
        "Interest Expense": 2217000.0,
        "Interest Income": 1495000.0,
        "Normalized Income": 4276945.761897,
        "Net Income From Continuing And Discontinued Operation": 34243000.0,
        "Total Expenses": 68231000.0,
        "Diluted Average Shares": 13182517.0,
        "Basic Average Shares": 12220199.0,
        "Diluted EPS": 2.6,
        "Basic EPS": 2.8,
        "Diluted NI Availto Com Stockholders": 34243000.0,
        "Average Dilution Earnings": NaN,
        "Net Income Common Stockholders": 34243000.0,
        "Otherunder Preferred Stock Dividend": NaN,
        "Net Income": 34243000.0,
        "Net Income Including Noncontrolling Interests": 34243000.0,
        "Net Income Continuous Operations": 34243000.0,
        "Tax Provision": 3203000.0,
        "Pretax Income": 37446000.0,
        "Other Income Expense": 32769000.0,
        "Special Income Charges": 33246000.0,
        "Other Special Charges": -33442000.0,
        "Restructuring And Mergern Acquisition": 196000.0,
        "Gain On Sale Of Security": -477000.0,
        "Net Non Operating Interest Income Expense": -722000.0,
        "Interest Expense Non Operating": 2217000.0,
        "Interest Income Non Operating": 1495000.0,
        "Operating Income": 5399000.0,
        "Operating Expense": 60508000.0,
        "Other Operating Expenses": 16916000.0,
        "Provision For Doubtful Accounts": 9943000.0,
        "Selling General And Administration": 33649000.0,
        "Selling And Marketing Expense": 9097000.0,
        "General And Administrative Expense": 24552000.0,
        "Salaries And Wages": 24552000.0,
        "Gross Profit": 65907000.0,
        "Cost Of Revenue": 7723000.0,
        "Total Revenue": 73630000.0,
        "Operating Revenue": 73630000.0
    },
    "2024-06-30": {
        "Tax Effect Of Unusual Items": 70350.0,
        "Tax Rate For Calcs": 0.21,
        "Normalized EBITDA": 7972000.0,
        "Total Unusual Items": 335000.0,
        "Total Unusual Items Excluding Goodwill": 335000.0,
        "Net Income From Continuing Operation Net Minority Interest": 6358000.0,
        "Reconciled Depreciation": 1766000.0,
        "Reconciled Cost Of Revenue": 7794000.0,
        "EBITDA": 8307000.0,
        "EBIT": 6541000.0,
        "Net Interest Income": -1428000.0,
        "Interest Expense": 1965000.0,
        "Interest Income": 537000.0,
        "Normalized Income": 6093350.0,
        "Net Income From Continuing And Discontinued Operation": 6358000.0,
        "Total Expenses": 74448000.0,
        "Diluted Average Shares": 13543648.0,
        "Basic Average Shares": 12416524.0,
        "Diluted EPS": 0.47,
        "Basic EPS": 0.51,
        "Diluted NI Availto Com Stockholders": 6358000.0,
        "Average Dilution Earnings": NaN,
        "Net Income Common Stockholders": 6358000.0,
        "Otherunder Preferred Stock Dividend": NaN,
        "Net Income": 6358000.0,
        "Net Income Including Noncontrolling Interests": 6358000.0,
        "Net Income Continuous Operations": 6358000.0,
        "Tax Provision": -1782000.0,
        "Pretax Income": 4576000.0,
        "Other Income Expense": 335000.0,
        "Special Income Charges": 63000.0,
        "Other Special Charges": NaN,
        "Restructuring And Mergern Acquisition": -63000.0,
        "Gain On Sale Of Security": 272000.0,
        "Net Non Operating Interest Income Expense": -1428000.0,
        "Interest Expense Non Operating": 1965000.0,
        "Interest Income Non Operating": 537000.0,
        "Operating Income": 5669000.0,
        "Operating Expense": 66654000.0,
        "Other Operating Expenses": 17031000.0,
        "Provision For Doubtful Accounts": 14365000.0,
        "Selling General And Administration": 35258000.0,
        "Selling And Marketing Expense": 10743000.0,
        "General And Administrative Expense": 24515000.0,
        "Salaries And Wages": 24515000.0,
        "Gross Profit": 72323000.0,
        "Cost Of Revenue": 7794000.0,
        "Total Revenue": 80117000.0,
        "Operating Revenue": 80117000.0
    }
}