{
    "2023-03-31": {
        "Tax Effect Of Unusual Items": 0.0,
        "Tax Rate For Calcs": 0.0,
        "Normalized EBITDA": -49232000.0,
        "Total Unusual Items": 3466000.0,
        "Total Unusual Items Excluding Goodwill": 3466000.0,
        "Net Income From Continuing Operation Net Minority Interest": -42393000.0,
        "Reconciled Depreciation": 89000.0,
        "EBITDA": -45766000.0,
        "EBIT": -45855000.0,
        "Net Interest Income": NaN,
        "Normalized Income": -45859000.0,
        "Net Income From Continuing And Discontinued Operation": -42393000.0,
        "Total Expenses": 45855000.0,
        "Total Operating Income As Reported": -45855000.0,
        "Diluted Average Shares": 71972888.0,
        "Basic Average Shares": 71972888.0,
        "Diluted EPS": -0.59,
        "Basic EPS": -0.59,
        "Diluted NI Availto Com Stockholders": -42393000.0,
        "Net Income Common Stockholders": -42393000.0,
        "Otherunder Preferred Stock Dividend": NaN,
        "Net Income": -42393000.0,
        "Minority Interests": NaN,
        "Net Income Including Noncontrolling Interests": -42393000.0,
        "Net Income Continuous Operations": -42393000.0,
        "Pretax Income": -42393000.0,
        "Other Income Expense": 3462000.0,
        "Other Non Operating Income Expenses": -4000.0,
        "Gain On Sale Of Security": 3466000.0,
        "Net Non Operating Interest Income Expense": NaN,
        "Operating Income": -45855000.0,
        "Operating Expense": 45855000.0,
        "Research And Development": 27828000.0,
        "Selling General And Administration": 18027000.0,
        "General And Administrative Expense": 18027000.0,
        "Other Gand A": 18027000.0,
        "Total Revenue": 0.0,
        "Operating Revenue": 0.0
    },
    "2022-12-31": {
        "Tax Effect Of Unusual Items": 0.0,
        "Tax Rate For Calcs": 0.0,
        "Normalized EBITDA": -42563000.0,
        "Total Unusual Items": NaN,
        "Total Unusual Items Excluding Goodwill": NaN,
        "Net Income From Continuing Operation Net Minority Interest": -40109000.0,
        "Reconciled Depreciation": 180000.0,
        "EBITDA": -42563000.0,
        "EBIT": -42743000.0,
        "Net Interest Income": 2660000.0,
        "Normalized Income": -40109000.0,
        "Net Income From Continuing And Discontinued Operation": -40109000.0,
        "Total Expenses": 42743000.0,
        "Total Operating Income As Reported": -42743000.0,
        "Diluted Average Shares": NaN,
        "Basic Average Shares": NaN,
        "Diluted EPS": NaN,
        "Basic EPS": NaN,
        "Diluted NI Availto Com Stockholders": -40109000.0,
        "Net Income Common Stockholders": -40109000.0,
        "Otherunder Preferred Stock Dividend": 0.0,
        "Net Income": -40109000.0,
        "Minority Interests": 0.0,
        "Net Income Including Noncontrolling Interests": -40109000.0,
        "Net Income Continuous Operations": -40109000.0,
        "Pretax Income": -40109000.0,
        "Other Income Expense": -26000.0,
        "Other Non Operating Income Expenses": -26000.0,
        "Gain On Sale Of Security": NaN,
        "Net Non Operating Interest Income Expense": 2660000.0,
        "Operating Income": -42743000.0,
        "Operating Expense": 42743000.0,
        "Research And Development": 26020000.0,
        "Selling General And Administration": 16723000.0,
        "General And Administrative Expense": 16723000.0,
        "Other Gand A": 16723000.0,
        "Total Revenue": 0.0,
        "Operating Revenue": 0.0
    },
    "2022-09-30": {
        "Tax Effect Of Unusual Items": 0.0,
        "Tax Rate For Calcs": 0.0,
        "Normalized EBITDA": -39534000.0,
        "Total Unusual Items": NaN,
        "Total Unusual Items Excluding Goodwill": NaN,
        "Net Income From Continuing Operation Net Minority Interest": -37795000.0,
        "Reconciled Depreciation": 165000.0,
        "EBITDA": -39534000.0,
        "EBIT": -39699000.0,
        "Net Interest Income": 1895000.0,
        "Interest Income": 1895000.0,
        "Normalized Income": -37795000.0,
        "Net Income From Continuing And Discontinued Operation": -37795000.0,
        "Total Expenses": 39699000.0,
        "Total Operating Income As Reported": -39699000.0,
        "Diluted Average Shares": 71008993.0,
        "Basic Average Shares": 71008993.0,
        "Diluted EPS": -0.53,
        "Basic EPS": -0.53,
        "Diluted NI Availto Com Stockholders": -37795000.0,
        "Net Income Common Stockholders": -37795000.0,
        "Otherunder Preferred Stock Dividend": 0.0,
        "Net Income": -37795000.0,
        "Minority Interests": 0.0,
        "Net Income Including Noncontrolling Interests": -37795000.0,
        "Net Income Continuous Operations": -37795000.0,
        "Pretax Income": -37795000.0,
        "Other Income Expense": 9000.0,
        "Other Non Operating Income Expenses": 9000.0,
        "Gain On Sale Of Security": NaN,
        "Net Non Operating Interest Income Expense": 1895000.0,
        "Interest Income Non Operating": 1895000.0,
        "Operating Income": -39699000.0,
        "Operating Expense": 39699000.0,
        "Research And Development": 22035000.0,
        "Selling General And Administration": 17664000.0,
        "General And Administrative Expense": 17664000.0,
        "Other Gand A": 17664000.0,
        "Total Revenue": 0.0,
        "Operating Revenue": 0.0
    },
    "2022-06-30": {
        "Tax Effect Of Unusual Items": 0.0,
        "Tax Rate For Calcs": 0.0,
        "Normalized EBITDA": -36586000.0,
        "Total Unusual Items": NaN,
        "Total Unusual Items Excluding Goodwill": NaN,
        "Net Income From Continuing Operation Net Minority Interest": -36530000.0,
        "Reconciled Depreciation": 133000.0,
        "EBITDA": -36586000.0,
        "EBIT": -36719000.0,
        "Net Interest Income": 189000.0,
        "Interest Income": NaN,
        "Normalized Income": -36530000.0,
        "Net Income From Continuing And Discontinued Operation": -36530000.0,
        "Total Expenses": 36719000.0,
        "Total Operating Income As Reported": -36719000.0,
        "Diluted Average Shares": 60760527.0,
        "Basic Average Shares": 60760527.0,
        "Diluted EPS": -0.6,
        "Basic EPS": -0.6,
        "Diluted NI Availto Com Stockholders": -36530000.0,
        "Net Income Common Stockholders": -36530000.0,
        "Otherunder Preferred Stock Dividend": 0.0,
        "Net Income": -36530000.0,
        "Minority Interests": 0.0,
        "Net Income Including Noncontrolling Interests": -36530000.0,
        "Net Income Continuous Operations": -36530000.0,
        "Pretax Income": -36530000.0,
        "Other Income Expense": NaN,
        "Other Non Operating Income Expenses": NaN,
        "Gain On Sale Of Security": NaN,
        "Net Non Operating Interest Income Expense": 189000.0,
        "Total Other Finance Cost": -189000.0,
        "Interest Income Non Operating": NaN,
        "Operating Income": -36719000.0,
        "Operating Expense": 36719000.0,
        "Research And Development": 22560000.0,
        "Selling General And Administration": 14159000.0,
        "General And Administrative Expense": 14159000.0,
        "Other Gand A": 14159000.0,
        "Total Revenue": 0.0,
        "Operating Revenue": 0.0
    },
    "2022-03-31": {
        "Diluted EPS": -0.48,
        "Total Revenue": NaN,
        "Gross Profit": NaN,
        "Operating Income": -28,
        "EBIT": -28,
        "Net Income": -28
    },
    "2021-12-31": {
        "Diluted EPS": 3.33,
        "Total Revenue": NaN,
        "Gross Profit": NaN,
        "Operating Income": -22,
        "EBIT": -22,
        "Net Income": -22
    },
    "2021-09-30": {
        "Diluted EPS": -0.33,
        "Total Revenue": NaN,
        "Gross Profit": NaN,
        "Operating Income": -19,
        "EBIT": -19,
        "Net Income": -19
    },
    "2021-06-30": {
        "Diluted EPS": -5.04,
        "Total Revenue": NaN,
        "Gross Profit": NaN,
        "Operating Income": -15,
        "EBIT": -15,
        "Net Income": -114
    },
    "2021-03-31": {
        "Diluted EPS": -2.58,
        "Total Revenue": NaN,
        "Gross Profit": NaN,
        "Operating Income": -16,
        "EBIT": -16,
        "Net Income": -15
    },
    "2020-12-31": {
        "Diluted EPS": -6.22,
        "Total Revenue": NaN,
        "Gross Profit": NaN,
        "Operating Income": -6,
        "EBIT": -6,
        "Net Income": -34
    },
    "2020-09-30": {
        "Diluted EPS": -0.5,
        "Total Revenue": NaN,
        "Gross Profit": NaN,
        "Operating Income": -4,
        "EBIT": -4,
        "Net Income": -3
    },
    "2020-06-30": {
        "Diluted EPS": -0.32,
        "Total Revenue": NaN,
        "Gross Profit": NaN,
        "Operating Income": -2,
        "EBIT": -2,
        "Net Income": -2
    },
    "2020-03-31": {
        "Diluted EPS": -0.29,
        "Total Revenue": NaN,
        "Gross Profit": NaN,
        "Operating Income": -2,
        "EBIT": -2,
        "Net Income": -2
    },
    "2019-12-31": {
        "Diluted EPS": 0.0,
        "Total Revenue": NaN,
        "Gross Profit": NaN,
        "Operating Income": NaN,
        "EBIT": NaN,
        "Net Income": NaN
    },
    "2023-06-30": {
        "Tax Effect Of Unusual Items": 0.0,
        "Tax Rate For Calcs": 0.0,
        "Normalized EBITDA": -52568000.0,
        "Total Unusual Items": 3406000.0,
        "Total Unusual Items Excluding Goodwill": 3406000.0,
        "Net Income From Continuing Operation Net Minority Interest": -45863000.0,
        "Reconciled Depreciation": 92000.0,
        "EBITDA": -49162000.0,
        "EBIT": -49254000.0,
        "Net Interest Income": NaN,
        "Normalized Income": -49269000.0,
        "Net Income From Continuing And Discontinued Operation": -45863000.0,
        "Total Expenses": 49254000.0,
        "Total Operating Income As Reported": -49254000.0,
        "Diluted Average Shares": 74964878.0,
        "Basic Average Shares": 74964878.0,
        "Diluted EPS": -0.61,
        "Basic EPS": -0.61,
        "Diluted NI Availto Com Stockholders": -45863000.0,
        "Net Income Common Stockholders": -45863000.0,
        "Otherunder Preferred Stock Dividend": NaN,
        "Net Income": -45863000.0,
        "Minority Interests": NaN,
        "Net Income Including Noncontrolling Interests": -45863000.0,
        "Net Income Continuous Operations": -45863000.0,
        "Pretax Income": -45863000.0,
        "Other Income Expense": 3391000.0,
        "Other Non Operating Income Expenses": -15000.0,
        "Gain On Sale Of Security": 3406000.0,
        "Net Non Operating Interest Income Expense": NaN,
        "Operating Income": -49254000.0,
        "Operating Expense": 49254000.0,
        "Research And Development": 32182000.0,
        "Selling General And Administration": 17072000.0,
        "General And Administrative Expense": 17072000.0,
        "Other Gand A": 17072000.0,
        "Total Revenue": 0.0,
        "Operating Revenue": 0.0
    },
    "2023-09-30": {
        "Tax Effect Of Unusual Items": 0.0,
        "Tax Rate For Calcs": 0.0,
        "Normalized EBITDA": -56630000.0,
        "Total Unusual Items": 5291000.0,
        "Total Unusual Items Excluding Goodwill": 5291000.0,
        "Net Income From Continuing Operation Net Minority Interest": -46150000.0,
        "Reconciled Depreciation": 99000.0,
        "EBITDA": -51339000.0,
        "EBIT": -51438000.0,
        "Net Interest Income": NaN,
        "Normalized Income": -51441000.0,
        "Net Income From Continuing And Discontinued Operation": -46150000.0,
        "Total Expenses": 51438000.0,
        "Total Operating Income As Reported": -51438000.0,
        "Diluted Average Shares": 85952501.0,
        "Basic Average Shares": 85952501.0,
        "Diluted EPS": -0.54,
        "Basic EPS": -0.54,
        "Diluted NI Availto Com Stockholders": -46150000.0,
        "Net Income Common Stockholders": -46150000.0,
        "Otherunder Preferred Stock Dividend": NaN,
        "Net Income": -46150000.0,
        "Minority Interests": NaN,
        "Net Income Including Noncontrolling Interests": -46150000.0,
        "Net Income Continuous Operations": -46150000.0,
        "Pretax Income": -46150000.0,
        "Other Income Expense": 5288000.0,
        "Other Non Operating Income Expenses": -3000.0,
        "Gain On Sale Of Security": 5291000.0,
        "Net Non Operating Interest Income Expense": NaN,
        "Operating Income": -51438000.0,
        "Operating Expense": 51438000.0,
        "Research And Development": 33163000.0,
        "Selling General And Administration": 18275000.0,
        "General And Administrative Expense": 18275000.0,
        "Other Gand A": 18275000.0,
        "Total Revenue": 0.0,
        "Operating Revenue": 0.0
    },
    "2023-12-31": {
        "Tax Effect Of Unusual Items": 0.0,
        "Tax Rate For Calcs": 0.0,
        "Normalized EBITDA": -64438000.0,
        "Total Unusual Items": 5024000.0,
        "Total Unusual Items Excluding Goodwill": 5024000.0,
        "Net Income From Continuing Operation Net Minority Interest": -54511000.0,
        "Reconciled Depreciation": 103000.0,
        "EBITDA": -59414000.0,
        "EBIT": -59517000.0,
        "Net Interest Income": NaN,
        "Normalized Income": -59535000.0,
        "Net Income From Continuing And Discontinued Operation": -54511000.0,
        "Total Expenses": 59517000.0,
        "Total Operating Income As Reported": -59517000.0,
        "Diluted Average Shares": NaN,
        "Basic Average Shares": NaN,
        "Diluted EPS": NaN,
        "Basic EPS": NaN,
        "Diluted NI Availto Com Stockholders": -54511000.0,
        "Net Income Common Stockholders": -54511000.0,
        "Otherunder Preferred Stock Dividend": NaN,
        "Net Income": -54511000.0,
        "Minority Interests": NaN,
        "Net Income Including Noncontrolling Interests": -54511000.0,
        "Net Income Continuous Operations": -54511000.0,
        "Pretax Income": -54511000.0,
        "Other Income Expense": 5006000.0,
        "Other Non Operating Income Expenses": -18000.0,
        "Gain On Sale Of Security": 5024000.0,
        "Net Non Operating Interest Income Expense": NaN,
        "Operating Income": -59517000.0,
        "Operating Expense": 59517000.0,
        "Research And Development": 37348000.0,
        "Selling General And Administration": 22169000.0,
        "General And Administrative Expense": 22169000.0,
        "Other Gand A": 22169000.0,
        "Total Revenue": 0.0,
        "Operating Revenue": 0.0
    }
}