{
    "2023-09-30": {
        "Tax Effect Of Unusual Items": 0.0,
        "Tax Rate For Calcs": 0.21,
        "Normalized EBITDA": 60100000.0,
        "Net Income From Continuing Operation Net Minority Interest": -3800000.0,
        "Reconciled Depreciation": 38700000.0,
        "Reconciled Cost Of Revenue": 217000000.0,
        "EBITDA": 60100000.0,
        "EBIT": 21400000.0,
        "Net Interest Income": -8900000.0,
        "Interest Expense": 8900000.0,
        "Normalized Income": -3800000.0,
        "Net Income From Continuing And Discontinued Operation": -3800000.0,
        "Total Expenses": 351000000.0,
        "Total Operating Income As Reported": 26500000.0,
        "Diluted Average Shares": 155700000.0,
        "Basic Average Shares": 155700000.0,
        "Diluted EPS": -0.02,
        "Basic EPS": -0.02,
        "Diluted NI Availto Com Stockholders": -3800000.0,
        "Net Income Common Stockholders": -3800000.0,
        "Net Income": -3800000.0,
        "Net Income Including Noncontrolling Interests": -3800000.0,
        "Net Income Continuous Operations": -3800000.0,
        "Tax Provision": 16300000.0,
        "Pretax Income": 12500000.0,
        "Other Income Expense": -5100000.0,
        "Other Non Operating Income Expenses": -5100000.0,
        "Net Non Operating Interest Income Expense": -8900000.0,
        "Interest Expense Non Operating": 8900000.0,
        "Operating Income": 26500000.0,
        "Operating Expense": 134000000.0,
        "Selling General And Administration": 134000000.0,
        "Selling And Marketing Expense": NaN,
        "General And Administrative Expense": NaN,
        "Other Gand A": NaN,
        "Gross Profit": 160500000.0,
        "Cost Of Revenue": 217000000.0,
        "Total Revenue": 377500000.0,
        "Operating Revenue": 377500000.0
    },
    "2023-06-30": {
        "Tax Effect Of Unusual Items": NaN,
        "Tax Rate For Calcs": NaN,
        "Normalized EBITDA": NaN,
        "Net Income From Continuing Operation Net Minority Interest": NaN,
        "Reconciled Depreciation": NaN,
        "Reconciled Cost Of Revenue": NaN,
        "EBITDA": NaN,
        "EBIT": NaN,
        "Net Interest Income": NaN,
        "Interest Expense": NaN,
        "Normalized Income": NaN,
        "Net Income From Continuing And Discontinued Operation": NaN,
        "Total Expenses": NaN,
        "Total Operating Income As Reported": NaN,
        "Diluted Average Shares": NaN,
        "Basic Average Shares": NaN,
        "Diluted EPS": NaN,
        "Basic EPS": NaN,
        "Diluted NI Availto Com Stockholders": NaN,
        "Net Income Common Stockholders": NaN,
        "Net Income": NaN,
        "Net Income Including Noncontrolling Interests": NaN,
        "Net Income Continuous Operations": NaN,
        "Tax Provision": NaN,
        "Pretax Income": NaN,
        "Other Income Expense": NaN,
        "Other Non Operating Income Expenses": NaN,
        "Net Non Operating Interest Income Expense": NaN,
        "Interest Expense Non Operating": NaN,
        "Operating Income": NaN,
        "Operating Expense": NaN,
        "Selling General And Administration": NaN,
        "Selling And Marketing Expense": 61500000.0,
        "General And Administrative Expense": 65000000.0,
        "Other Gand A": 65000000.0,
        "Gross Profit": NaN,
        "Cost Of Revenue": NaN,
        "Total Revenue": NaN,
        "Operating Revenue": NaN
    },
    "2023-03-31": {
        "Tax Effect Of Unusual Items": NaN,
        "Tax Rate For Calcs": NaN,
        "Normalized EBITDA": NaN,
        "Net Income From Continuing Operation Net Minority Interest": NaN,
        "Reconciled Depreciation": NaN,
        "Reconciled Cost Of Revenue": NaN,
        "EBITDA": NaN,
        "EBIT": NaN,
        "Net Interest Income": NaN,
        "Interest Expense": NaN,
        "Normalized Income": NaN,
        "Net Income From Continuing And Discontinued Operation": NaN,
        "Total Expenses": NaN,
        "Total Operating Income As Reported": NaN,
        "Diluted Average Shares": NaN,
        "Basic Average Shares": NaN,
        "Diluted EPS": NaN,
        "Basic EPS": NaN,
        "Diluted NI Availto Com Stockholders": NaN,
        "Net Income Common Stockholders": NaN,
        "Net Income": NaN,
        "Net Income Including Noncontrolling Interests": NaN,
        "Net Income Continuous Operations": NaN,
        "Tax Provision": NaN,
        "Pretax Income": NaN,
        "Other Income Expense": NaN,
        "Other Non Operating Income Expenses": NaN,
        "Net Non Operating Interest Income Expense": NaN,
        "Interest Expense Non Operating": NaN,
        "Operating Income": NaN,
        "Operating Expense": NaN,
        "Selling General And Administration": NaN,
        "Selling And Marketing Expense": 54200000.0,
        "General And Administrative Expense": 67700000.0,
        "Other Gand A": 67700000.0,
        "Gross Profit": NaN,
        "Cost Of Revenue": NaN,
        "Total Revenue": NaN,
        "Operating Revenue": NaN
    },
    "2022-12-31": {
        "Tax Effect Of Unusual Items": 0.0,
        "Tax Rate For Calcs": 0.21,
        "Normalized EBITDA": 30800000.0,
        "Net Income From Continuing Operation Net Minority Interest": -5200000.0,
        "Reconciled Depreciation": 24600000.0,
        "Reconciled Cost Of Revenue": 201000000.0,
        "EBITDA": 30800000.0,
        "EBIT": 6200000.0,
        "Net Interest Income": -8700000.0,
        "Interest Expense": 8700000.0,
        "Normalized Income": -5200000.0,
        "Net Income From Continuing And Discontinued Operation": -5200000.0,
        "Total Expenses": 332800000.0,
        "Total Operating Income As Reported": 3300000.0,
        "Diluted Average Shares": 153680044.0,
        "Basic Average Shares": 153680044.0,
        "Diluted EPS": -0.03,
        "Basic EPS": -0.03,
        "Diluted NI Availto Com Stockholders": -5200000.0,
        "Net Income Common Stockholders": -5200000.0,
        "Net Income": -5200000.0,
        "Net Income Including Noncontrolling Interests": -5200000.0,
        "Net Income Continuous Operations": -5200000.0,
        "Tax Provision": 2700000.0,
        "Pretax Income": -2500000.0,
        "Other Income Expense": 2900000.0,
        "Other Non Operating Income Expenses": 2900000.0,
        "Net Non Operating Interest Income Expense": -8700000.0,
        "Interest Expense Non Operating": 8700000.0,
        "Operating Income": 3300000.0,
        "Operating Expense": 131800000.0,
        "Selling General And Administration": 131800000.0,
        "Gross Profit": 135100000.0,
        "Cost Of Revenue": 201000000.0,
        "Total Revenue": 336100000.0,
        "Operating Revenue": 336100000.0
    },
    "2023-12-31": {
        "Tax Effect Of Unusual Items": 0.0,
        "Tax Rate For Calcs": 0.21,
        "Normalized EBITDA": 92800000.0,
        "Net Income From Continuing Operation Net Minority Interest": 45600000.0,
        "Reconciled Depreciation": 48400000.0,
        "Reconciled Cost Of Revenue": 229900000.0,
        "EBITDA": 92800000.0,
        "EBIT": 44400000.0,
        "Net Interest Income": -8900000.0,
        "Interest Expense": 8900000.0,
        "Normalized Income": 45600000.0,
        "Net Income From Continuing And Discontinued Operation": 45600000.0,
        "Total Expenses": 360900000.0,
        "Total Operating Income As Reported": 38800000.0,
        "Diluted Average Shares": 159200000.0,
        "Basic Average Shares": 156200000.0,
        "Diluted EPS": 0.29,
        "Basic EPS": 0.29,
        "Diluted NI Availto Com Stockholders": 45600000.0,
        "Net Income Common Stockholders": 45600000.0,
        "Net Income": 45600000.0,
        "Net Income Including Noncontrolling Interests": 45600000.0,
        "Net Income Continuous Operations": 45600000.0,
        "Tax Provision": -10100000.0,
        "Pretax Income": 35500000.0,
        "Other Income Expense": 5600000.0,
        "Other Non Operating Income Expenses": 5600000.0,
        "Net Non Operating Interest Income Expense": -8900000.0,
        "Interest Expense Non Operating": 8900000.0,
        "Operating Income": 38800000.0,
        "Operating Expense": 131000000.0,
        "Selling General And Administration": 131000000.0,
        "Selling And Marketing Expense": NaN,
        "General And Administrative Expense": NaN,
        "Other Gand A": NaN,
        "Gross Profit": 169800000.0,
        "Cost Of Revenue": 229900000.0,
        "Total Revenue": 399700000.0,
        "Operating Revenue": 399700000.0
    },
    "2024-03-31": {
        "Tax Effect Of Unusual Items": 0.0,
        "Tax Rate For Calcs": 0.21,
        "Normalized EBITDA": 80500000.0,
        "Net Income From Continuing Operation Net Minority Interest": 7100000.0,
        "Reconciled Depreciation": 48800000.0,
        "Reconciled Cost Of Revenue": 226100000.0,
        "EBITDA": 80500000.0,
        "EBIT": 31700000.0,
        "Net Interest Income": -13300000.0,
        "Interest Expense": 13300000.0,
        "Normalized Income": 7100000.0,
        "Net Income From Continuing And Discontinued Operation": 7100000.0,
        "Total Expenses": 390800000.0,
        "Total Operating Income As Reported": 40700000.0,
        "Diluted Average Shares": 159900000.0,
        "Basic Average Shares": 156900000.0,
        "Diluted EPS": 0.04,
        "Basic EPS": 0.05,
        "Diluted NI Availto Com Stockholders": 7100000.0,
        "Net Income Common Stockholders": 7100000.0,
        "Net Income": 7100000.0,
        "Net Income Including Noncontrolling Interests": 7100000.0,
        "Net Income Continuous Operations": 7100000.0,
        "Tax Provision": 11300000.0,
        "Pretax Income": 18400000.0,
        "Other Income Expense": -9000000.0,
        "Other Non Operating Income Expenses": -9000000.0,
        "Net Non Operating Interest Income Expense": -13300000.0,
        "Interest Expense Non Operating": 13300000.0,
        "Operating Income": 40700000.0,
        "Operating Expense": 164700000.0,
        "Selling General And Administration": 164700000.0,
        "Selling And Marketing Expense": 79000000.0,
        "General And Administrative Expense": 85700000.0,
        "Other Gand A": 85700000.0,
        "Gross Profit": 205400000.0,
        "Cost Of Revenue": 226100000.0,
        "Total Revenue": 431500000.0,
        "Operating Revenue": 431500000.0
    },
    "2024-06-30": {
        "Tax Effect Of Unusual Items": 0.0,
        "Tax Rate For Calcs": 0.0,
        "Normalized EBITDA": 61700000.0,
        "Net Income From Continuing Operation Net Minority Interest": -1800000.0,
        "Reconciled Depreciation": 50600000.0,
        "Reconciled Cost Of Revenue": 236500000.0,
        "EBITDA": 61700000.0,
        "EBIT": 11100000.0,
        "Net Interest Income": -11100000.0,
        "Interest Expense": 11100000.0,
        "Normalized Income": -1800000.0,
        "Net Income From Continuing And Discontinued Operation": -1800000.0,
        "Total Expenses": 409200000.0,
        "Total Operating Income As Reported": 14100000.0,
        "Diluted Average Shares": 157900000.0,
        "Basic Average Shares": 157900000.0,
        "Diluted EPS": -0.01,
        "Basic EPS": -0.01,
        "Diluted NI Availto Com Stockholders": -1800000.0,
        "Net Income Common Stockholders": -1800000.0,
        "Net Income": -1800000.0,
        "Net Income Including Noncontrolling Interests": -1800000.0,
        "Net Income Continuous Operations": -1800000.0,
        "Tax Provision": 1800000.0,
        "Pretax Income": 0.0,
        "Other Income Expense": -3000000.0,
        "Other Non Operating Income Expenses": -3000000.0,
        "Net Non Operating Interest Income Expense": -11100000.0,
        "Interest Expense Non Operating": 11100000.0,
        "Operating Income": 14100000.0,
        "Operating Expense": 172700000.0,
        "Selling General And Administration": 172700000.0,
        "Selling And Marketing Expense": 83100000.0,
        "General And Administrative Expense": 89600000.0,
        "Other Gand A": 89600000.0,
        "Gross Profit": 186800000.0,
        "Cost Of Revenue": 236500000.0,
        "Total Revenue": 423300000.0,
        "Operating Revenue": 423300000.0
    },
    "2024-09-30": {
        "Tax Effect Of Unusual Items": 0.0,
        "Tax Rate For Calcs": 0.21,
        "Normalized EBITDA": 79200000.0,
        "Net Income From Continuing Operation Net Minority Interest": 2000000.0,
        "Reconciled Depreciation": 52100000.0,
        "Reconciled Cost Of Revenue": 238700000.0,
        "EBITDA": 79200000.0,
        "EBIT": 27100000.0,
        "Net Interest Income": -8800000.0,
        "Interest Expense": 8800000.0,
        "Normalized Income": 2000000.0,
        "Net Income From Continuing And Discontinued Operation": 2000000.0,
        "Total Expenses": 419200000.0,
        "Total Operating Income As Reported": 20800000.0,
        "Diluted Average Shares": 159700000.0,
        "Basic Average Shares": 158100000.0,
        "Diluted EPS": 0.01,
        "Basic EPS": 0.01,
        "Diluted NI Availto Com Stockholders": 2000000.0,
        "Net Income Common Stockholders": 2000000.0,
        "Net Income": 2000000.0,
        "Net Income Including Noncontrolling Interests": 2000000.0,
        "Net Income Continuous Operations": 2000000.0,
        "Tax Provision": 16300000.0,
        "Pretax Income": 18300000.0,
        "Other Income Expense": 6300000.0,
        "Other Non Operating Income Expenses": 6300000.0,
        "Net Non Operating Interest Income Expense": -8800000.0,
        "Interest Expense Non Operating": 8800000.0,
        "Operating Income": 20800000.0,
        "Operating Expense": 180500000.0,
        "Selling General And Administration": 180500000.0,
        "Selling And Marketing Expense": 86400000.0,
        "General And Administrative Expense": 94100000.0,
        "Other Gand A": 94100000.0,
        "Gross Profit": 201300000.0,
        "Cost Of Revenue": 238700000.0,
        "Total Revenue": 440000000.0,
        "Operating Revenue": 440000000.0
    }
}