{
    "2023-06-30": {
        "Tax Effect Of Unusual Items": NaN,
        "Tax Rate For Calcs": NaN,
        "Total Unusual Items": NaN,
        "Total Unusual Items Excluding Goodwill": NaN,
        "Net Income From Continuing Operation Net Minority Interest": NaN,
        "Net Interest Income": NaN,
        "Interest Expense": NaN,
        "Interest Income": NaN,
        "Normalized Income": NaN,
        "Net Income From Continuing And Discontinued Operation": NaN,
        "Diluted Average Shares": 2108700000.0,
        "Basic Average Shares": 2079000000.0,
        "Diluted EPS": 0.19,
        "Basic EPS": 0.19,
        "Diluted NI Availto Com Stockholders": NaN,
        "Net Income Common Stockholders": NaN,
        "Otherunder Preferred Stock Dividend": NaN,
        "Net Income": NaN,
        "Minority Interests": NaN,
        "Net Income Including Noncontrolling Interests": NaN,
        "Net Income Continuous Operations": NaN,
        "Tax Provision": NaN,
        "Pretax Income": NaN,
        "Special Income Charges": NaN,
        "Other Special Charges": NaN,
        "Impairment Of Capital Assets": NaN,
        "Restructuring And Mergern Acquisition": NaN,
        "Gain On Sale Of Security": NaN,
        "Selling General And Administration": NaN,
        "General And Administrative Expense": NaN,
        "Other Gand A": NaN,
        "Salaries And Wages": NaN,
        "Total Revenue": NaN,
        "Operating Revenue": NaN,
        "Other Non Interest Expense": NaN
    },
    "2023-03-31": {
        "Tax Effect Of Unusual Items": NaN,
        "Tax Rate For Calcs": NaN,
        "Total Unusual Items": NaN,
        "Total Unusual Items Excluding Goodwill": NaN,
        "Net Income From Continuing Operation Net Minority Interest": NaN,
        "Net Interest Income": NaN,
        "Interest Expense": NaN,
        "Interest Income": NaN,
        "Normalized Income": NaN,
        "Net Income From Continuing And Discontinued Operation": NaN,
        "Diluted Average Shares": 2112500000.0,
        "Basic Average Shares": 2067000000.0,
        "Diluted EPS": 0.61,
        "Basic EPS": 0.63,
        "Diluted NI Availto Com Stockholders": NaN,
        "Net Income Common Stockholders": NaN,
        "Otherunder Preferred Stock Dividend": NaN,
        "Net Income": NaN,
        "Minority Interests": NaN,
        "Net Income Including Noncontrolling Interests": NaN,
        "Net Income Continuous Operations": NaN,
        "Tax Provision": NaN,
        "Pretax Income": NaN,
        "Special Income Charges": NaN,
        "Other Special Charges": NaN,
        "Impairment Of Capital Assets": NaN,
        "Restructuring And Mergern Acquisition": NaN,
        "Gain On Sale Of Security": NaN,
        "Selling General And Administration": NaN,
        "General And Administrative Expense": NaN,
        "Other Gand A": NaN,
        "Salaries And Wages": NaN,
        "Total Revenue": NaN,
        "Operating Revenue": NaN,
        "Other Non Interest Expense": NaN
    },
    "2022-12-31": {
        "Tax Effect Of Unusual Items": NaN,
        "Tax Rate For Calcs": NaN,
        "Total Unusual Items": NaN,
        "Total Unusual Items Excluding Goodwill": NaN,
        "Net Income From Continuing Operation Net Minority Interest": NaN,
        "Net Interest Income": NaN,
        "Interest Expense": NaN,
        "Interest Income": NaN,
        "Normalized Income": NaN,
        "Net Income From Continuing And Discontinued Operation": NaN,
        "Diluted Average Shares": 2130000000.0,
        "Basic Average Shares": 2084000000.0,
        "Diluted EPS": 0.92,
        "Basic EPS": 0.94,
        "Diluted NI Availto Com Stockholders": NaN,
        "Net Income Common Stockholders": NaN,
        "Otherunder Preferred Stock Dividend": NaN,
        "Net Income": NaN,
        "Minority Interests": NaN,
        "Net Income Including Noncontrolling Interests": NaN,
        "Net Income Continuous Operations": NaN,
        "Tax Provision": NaN,
        "Pretax Income": NaN,
        "Special Income Charges": NaN,
        "Other Special Charges": NaN,
        "Impairment Of Capital Assets": NaN,
        "Restructuring And Mergern Acquisition": NaN,
        "Gain On Sale Of Security": NaN,
        "Selling General And Administration": NaN,
        "General And Administrative Expense": NaN,
        "Other Gand A": NaN,
        "Salaries And Wages": NaN,
        "Total Revenue": NaN,
        "Operating Revenue": NaN,
        "Other Non Interest Expense": NaN
    },
    "2022-09-30": {
        "Tax Effect Of Unusual Items": -22310000.0,
        "Tax Rate For Calcs": 0.23,
        "Total Unusual Items": -97000000.0,
        "Total Unusual Items Excluding Goodwill": -97000000.0,
        "Net Income From Continuing Operation Net Minority Interest": 1209000000.0,
        "Net Interest Income": 3664000000.0,
        "Interest Expense": 2747000000.0,
        "Interest Income": 6411000000.0,
        "Normalized Income": 1283690000.0,
        "Net Income From Continuing And Discontinued Operation": 1209000000.0,
        "Diluted Average Shares": 2116100000.0,
        "Basic Average Shares": 2082200000.0,
        "Diluted EPS": 0.526913,
        "Basic EPS": 0.535491,
        "Diluted NI Availto Com Stockholders": 1115000000.0,
        "Net Income Common Stockholders": 1115000000.0,
        "Otherunder Preferred Stock Dividend": 94000000.0,
        "Net Income": 1209000000.0,
        "Minority Interests": -33000000.0,
        "Net Income Including Noncontrolling Interests": 1242000000.0,
        "Net Income Continuous Operations": 1243000000.0,
        "Tax Provision": 372000000.0,
        "Pretax Income": 1615000000.0,
        "Special Income Charges": -97000000.0,
        "Other Special Charges": 45000000.0,
        "Impairment Of Capital Assets": 0.0,
        "Restructuring And Mergern Acquisition": 52000000.0,
        "Gain On Sale Of Security": 654000000.0,
        "Selling General And Administration": 4958000000.0,
        "General And Administrative Expense": 4958000000.0,
        "Other Gand A": 2252000000.0,
        "Salaries And Wages": 2706000000.0,
        "Total Revenue": 6824000000.0,
        "Operating Revenue": 6824000000.0
    },
    "2022-06-30": {
        "Tax Effect Of Unusual Items": -14960000.0,
        "Tax Rate For Calcs": 0.22,
        "Total Unusual Items": -68000000.0,
        "Total Unusual Items Excluding Goodwill": -68000000.0,
        "Net Income From Continuing Operation Net Minority Interest": 1179000000.0,
        "Net Interest Income": 3371000000.0,
        "Interest Expense": 1874000000.0,
        "Interest Income": 5245000000.0,
        "Normalized Income": 1232040000.0,
        "Net Income From Continuing And Discontinued Operation": 1179000000.0,
        "Diluted Average Shares": 2115200000.0,
        "Basic Average Shares": 2080700000.0,
        "Diluted EPS": 0.494516,
        "Basic EPS": 0.502715,
        "Diluted NI Availto Com Stockholders": 1046000000.0,
        "Net Income Common Stockholders": 1046000000.0,
        "Otherunder Preferred Stock Dividend": 133000000.0,
        "Net Income": 1179000000.0,
        "Minority Interests": -33000000.0,
        "Net Income Including Noncontrolling Interests": 1211000000.0,
        "Net Income Continuous Operations": 1211000000.0,
        "Tax Provision": 336000000.0,
        "Pretax Income": 1547000000.0,
        "Special Income Charges": -68000000.0,
        "Other Special Charges": 114000000.0,
        "Impairment Of Capital Assets": 0.0,
        "Restructuring And Mergern Acquisition": -46000000.0,
        "Gain On Sale Of Security": 562000000.0,
        "Selling General And Administration": 4907000000.0,
        "General And Administrative Expense": 4907000000.0,
        "Other Gand A": 2217000000.0,
        "Salaries And Wages": 2690000000.0,
        "Total Revenue": 6579000000.0,
        "Operating Revenue": 6579000000.0
    },
    "2023-09-30": {
        "Tax Effect Of Unusual Items": -59700000.0,
        "Tax Rate For Calcs": 0.3,
        "Total Unusual Items": -199000000.0,
        "Total Unusual Items Excluding Goodwill": -199000000.0,
        "Net Income From Continuing Operation Net Minority Interest": 1176000000.0,
        "Net Interest Income": 3344000000.0,
        "Interest Expense": 8082000000.0,
        "Interest Income": 11426000000.0,
        "Normalized Income": 1315300000.0,
        "Net Income From Continuing And Discontinued Operation": 1176000000.0,
        "Diluted Average Shares": 2107800000.0,
        "Basic Average Shares": 2069400000.0,
        "Diluted EPS": 0.489136,
        "Basic EPS": 0.498212,
        "Diluted NI Availto Com Stockholders": 1031000000.0,
        "Net Income Common Stockholders": 1031000000.0,
        "Otherunder Preferred Stock Dividend": 145000000.0,
        "Net Income": 1176000000.0,
        "Minority Interests": -24000000.0,
        "Net Income Including Noncontrolling Interests": 1201000000.0,
        "Net Income Continuous Operations": 1201000000.0,
        "Tax Provision": 522000000.0,
        "Pretax Income": 1723000000.0,
        "Special Income Charges": -199000000.0,
        "Other Special Charges": 105000000.0,
        "Impairment Of Capital Assets": 0.0,
        "Restructuring And Mergern Acquisition": 94000000.0,
        "Gain On Sale Of Security": 769000000.0,
        "Selling General And Administration": 5164000000.0,
        "General And Administrative Expense": 5164000000.0,
        "Other Gand A": 2399000000.0,
        "Salaries And Wages": 2765000000.0,
        "Total Revenue": 7155000000.0,
        "Operating Revenue": 7155000000.0,
        "Other Non Interest Expense": -199000000.0
    },
    "2023-12-31": {
        "Tax Effect Of Unusual Items": -18900000.0,
        "Tax Rate For Calcs": 0.15,
        "Total Unusual Items": -126000000.0,
        "Total Unusual Items Excluding Goodwill": -126000000.0,
        "Net Income From Continuing Operation Net Minority Interest": 1399000000.0,
        "Net Interest Income": 3223000000.0,
        "Interest Expense": 9057000000.0,
        "Interest Income": 12280000000.0,
        "Normalized Income": 1506100000.0,
        "Net Income From Continuing And Discontinued Operation": 1399000000.0,
        "Diluted Average Shares": NaN,
        "Basic Average Shares": NaN,
        "Diluted EPS": NaN,
        "Basic EPS": NaN,
        "Diluted NI Availto Com Stockholders": 1323000000.0,
        "Net Income Common Stockholders": 1323000000.0,
        "Otherunder Preferred Stock Dividend": 76000000.0,
        "Net Income": 1399000000.0,
        "Minority Interests": -31000000.0,
        "Net Income Including Noncontrolling Interests": 1430000000.0,
        "Net Income Continuous Operations": 1429000000.0,
        "Tax Provision": -731000000.0,
        "Pretax Income": 698000000.0,
        "Special Income Charges": -126000000.0,
        "Other Special Charges": -296000000.0,
        "Impairment Of Capital Assets": 233000000.0,
        "Restructuring And Mergern Acquisition": 189000000.0,
        "Gain On Sale Of Security": -2509000000.0,
        "Selling General And Administration": 1940000000.0,
        "General And Administrative Expense": 1737000000.0,
        "Other Gand A": -1121000000.0,
        "Salaries And Wages": 2858000000.0,
        "Total Revenue": 6638000000.0,
        "Operating Revenue": 6638000000.0,
        "Other Non Interest Expense": 991000000.0
    },
    "2024-03-31": {
        "Tax Effect Of Unusual Items": -75690000.0,
        "Tax Rate For Calcs": 0.29,
        "Total Unusual Items": -261000000.0,
        "Total Unusual Items Excluding Goodwill": -261000000.0,
        "Net Income From Continuing Operation Net Minority Interest": 1422000000.0,
        "Net Interest Income": 3129000000.0,
        "Interest Expense": 9482000000.0,
        "Interest Income": 12611000000.0,
        "Normalized Income": 1607310000.0,
        "Net Income From Continuing And Discontinued Operation": 1422000000.0,
        "Diluted Average Shares": 2058300000.0,
        "Basic Average Shares": 2013400000.0,
        "Diluted EPS": 0.69,
        "Basic EPS": 0.71,
        "Diluted NI Availto Com Stockholders": 1275000000.0,
        "Net Income Common Stockholders": 1275000000.0,
        "Otherunder Preferred Stock Dividend": 147000000.0,
        "Net Income": 1422000000.0,
        "Minority Interests": -29000000.0,
        "Net Income Including Noncontrolling Interests": 1451000000.0,
        "Net Income Continuous Operations": 1451000000.0,
        "Tax Provision": 585000000.0,
        "Pretax Income": 2036000000.0,
        "Special Income Charges": -261000000.0,
        "Other Special Charges": 166000000.0,
        "Impairment Of Capital Assets": 0.0,
        "Restructuring And Mergern Acquisition": 95000000.0,
        "Gain On Sale Of Security": 1957000000.0,
        "Selling General And Administration": 5303000000.0,
        "General And Administrative Expense": 5303000000.0,
        "Other Gand A": 2373000000.0,
        "Salaries And Wages": 2930000000.0,
        "Total Revenue": 7773000000.0,
        "Operating Revenue": 7773000000.0,
        "Other Non Interest Expense": -260000000.0
    },
    "2024-06-30": {
        "Tax Effect Of Unusual Items": -249000000.0,
        "Tax Rate For Calcs": 0.15,
        "Total Unusual Items": -1660000000.0,
        "Total Unusual Items Excluding Goodwill": -1660000000.0,
        "Net Income From Continuing Operation Net Minority Interest": 8000000.0,
        "Net Interest Income": 3023000000.0,
        "Interest Expense": 9628000000.0,
        "Interest Income": 12651000000.0,
        "Normalized Income": 1419000000.0,
        "Net Income From Continuing And Discontinued Operation": 8000000.0,
        "Diluted Average Shares": 1998000000.0,
        "Basic Average Shares": 1998000000.0,
        "Diluted EPS": -0.28,
        "Basic EPS": -0.28,
        "Diluted NI Availto Com Stockholders": -143000000.0,
        "Net Income Common Stockholders": -143000000.0,
        "Otherunder Preferred Stock Dividend": 151000000.0,
        "Net Income": 8000000.0,
        "Minority Interests": -45000000.0,
        "Net Income Including Noncontrolling Interests": 52000000.0,
        "Net Income Continuous Operations": 53000000.0,
        "Tax Provision": 358000000.0,
        "Pretax Income": 411000000.0,
        "Special Income Charges": -1660000000.0,
        "Other Special Charges": 1554000000.0,
        "Impairment Of Capital Assets": 0.0,
        "Restructuring And Mergern Acquisition": 106000000.0,
        "Gain On Sale Of Security": -15000000.0,
        "Selling General And Administration": 6748000000.0,
        "General And Administrative Expense": 6748000000.0,
        "Other Gand A": 3738000000.0,
        "Salaries And Wages": 3010000000.0,
        "Total Revenue": 7598000000.0,
        "Operating Revenue": 7598000000.0,
        "Other Non Interest Expense": -1706000000.0
    },
    "2024-09-30": {
        "Tax Effect Of Unusual Items": 78520000.0,
        "Tax Rate For Calcs": 0.26,
        "Total Unusual Items": 302000000.0,
        "Total Unusual Items Excluding Goodwill": 302000000.0,
        "Net Income From Continuing Operation Net Minority Interest": 1633000000.0,
        "Net Interest Income": 3254000000.0,
        "Interest Expense": 9108000000.0,
        "Interest Income": 12362000000.0,
        "Normalized Income": 1409520000.0,
        "Net Income From Continuing And Discontinued Operation": 1633000000.0,
        "Diluted Average Shares": 2026200000.0,
        "Basic Average Shares": 1980900000.0,
        "Diluted EPS": 0.721054,
        "Basic EPS": 0.737544,
        "Diluted NI Availto Com Stockholders": 1461000000.0,
        "Net Income Common Stockholders": 1461000000.0,
        "Otherunder Preferred Stock Dividend": 172000000.0,
        "Net Income": 1633000000.0,
        "Minority Interests": -32000000.0,
        "Net Income Including Noncontrolling Interests": 1665000000.0,
        "Net Income Continuous Operations": 1665000000.0,
        "Tax Provision": 597000000.0,
        "Pretax Income": 2262000000.0,
        "Special Income Charges": 302000000.0,
        "Other Special Charges": -344000000.0,
        "Impairment Of Capital Assets": 0.0,
        "Restructuring And Mergern Acquisition": 42000000.0,
        "Gain On Sale Of Security": 1452000000.0,
        "Selling General And Administration": 4812000000.0,
        "General And Administrative Expense": 4812000000.0,
        "Other Gand A": 1928000000.0,
        "Salaries And Wages": 2884000000.0,
        "Total Revenue": 7481000000.0,
        "Operating Revenue": 7481000000.0,
        "Other Non Interest Expense": 234000000.0
    }
}