{
    "2023-04-30": {
        "Tax Effect Of Unusual Items": -35124.694377,
        "Tax Rate For Calcs": 0.103005,
        "Normalized EBITDA": 19617000.0,
        "Total Unusual Items": -341000.0,
        "Total Unusual Items Excluding Goodwill": -341000.0,
        "Net Income From Continuing Operation Net Minority Interest": 11415000.0,
        "Reconciled Depreciation": 16565000.0,
        "Reconciled Cost Of Revenue": 504343000.0,
        "EBITDA": 19276000.0,
        "EBIT": 19276000.0,
        "Net Interest Income": -6597000.0,
        "Interest Expense": 6597000.0,
        "Normalized Income": 11720875.305623,
        "Net Income From Continuing And Discontinued Operation": 11415000.0,
        "Total Expenses": 724462000.0,
        "Total Operating Income As Reported": 19610000.0,
        "Diluted Average Shares": 67042000.0,
        "Basic Average Shares": 64371000.0,
        "Diluted EPS": 0.17,
        "Basic EPS": 0.18,
        "Diluted NI Availto Com Stockholders": 11415000.0,
        "Net Income Common Stockholders": 11415000.0,
        "Net Income": 11415000.0,
        "Minority Interests": 42000.0,
        "Net Income Including Noncontrolling Interests": 11373000.0,
        "Net Income Continuous Operations": 11373000.0,
        "Tax Provision": 1306000.0,
        "Pretax Income": 12679000.0,
        "Other Income Expense": 1656000.0,
        "Other Non Operating Income Expenses": -334000.0,
        "Special Income Charges": -341000.0,
        "Other Special Charges": NaN,
        "Write Off": 341000.0,
        "Earnings From Equity Interest": 2331000.0,
        "Net Non Operating Interest Income Expense": -6597000.0,
        "Interest Expense Non Operating": 6597000.0,
        "Operating Income": 17620000.0,
        "Operating Expense": 220119000.0,
        "Other Operating Expenses": 220119000.0,
        "Gross Profit": 237739000.0,
        "Cost Of Revenue": 504343000.0,
        "Total Revenue": 742082000.0,
        "Operating Revenue": 742082000.0
    },
    "2023-01-31": {
        "Tax Effect Of Unusual Items": -16800.0,
        "Tax Rate For Calcs": 0.21,
        "Normalized EBITDA": 2130000.0,
        "Total Unusual Items": -80000.0,
        "Total Unusual Items Excluding Goodwill": -80000.0,
        "Net Income From Continuing Operation Net Minority Interest": 45110000.0,
        "Reconciled Depreciation": 16561000.0,
        "Reconciled Cost Of Revenue": 538555000.0,
        "EBITDA": 2050000.0,
        "EBIT": 2050000.0,
        "Net Interest Income": -4344000.0,
        "Interest Expense": 4344000.0,
        "Normalized Income": 45173200.0,
        "Net Income From Continuing And Discontinued Operation": 45110000.0,
        "Total Expenses": 760589000.0,
        "Total Operating Income As Reported": 2071000.0,
        "Diluted Average Shares": 67922000.0,
        "Basic Average Shares": 63654000.0,
        "Diluted EPS": 0.66,
        "Basic EPS": 0.708675,
        "Diluted NI Availto Com Stockholders": 45110000.0,
        "Net Income Common Stockholders": 45110000.0,
        "Net Income": 45110000.0,
        "Minority Interests": 10000.0,
        "Net Income Including Noncontrolling Interests": 45100000.0,
        "Net Income Continuous Operations": 45100000.0,
        "Tax Provision": -47394000.0,
        "Pretax Income": -2294000.0,
        "Other Income Expense": 2093000.0,
        "Other Non Operating Income Expenses": -21000.0,
        "Special Income Charges": -80000.0,
        "Other Special Charges": 0.0,
        "Write Off": 80000.0,
        "Earnings From Equity Interest": 2194000.0,
        "Net Non Operating Interest Income Expense": -4344000.0,
        "Interest Expense Non Operating": 4344000.0,
        "Operating Income": -43000.0,
        "Operating Expense": 222034000.0,
        "Other Operating Expenses": 222034000.0,
        "Gross Profit": 221991000.0,
        "Cost Of Revenue": 538555000.0,
        "Total Revenue": 760546000.0,
        "Operating Revenue": 760546000.0
    },
    "2022-10-31": {
        "Tax Effect Of Unusual Items": -325109.0,
        "Tax Rate For Calcs": 0.241,
        "Normalized EBITDA": 86333000.0,
        "Total Unusual Items": -1349000.0,
        "Total Unusual Items Excluding Goodwill": -1349000.0,
        "Net Income From Continuing Operation Net Minority Interest": 45171000.0,
        "Reconciled Depreciation": 20608000.0,
        "Reconciled Cost Of Revenue": 579201000.0,
        "EBITDA": 84984000.0,
        "EBIT": 64376000.0,
        "Net Interest Income": -4826000.0,
        "Interest Expense": 4826000.0,
        "Normalized Income": 46194891.0,
        "Net Income From Continuing And Discontinued Operation": 45171000.0,
        "Total Expenses": 801433000.0,
        "Total Operating Income As Reported": 64528000.0,
        "Diluted Average Shares": 69140000.0,
        "Basic Average Shares": 64245000.0,
        "Diluted EPS": 0.65,
        "Basic EPS": 0.7,
        "Diluted NI Availto Com Stockholders": 45171000.0,
        "Net Income Common Stockholders": 45171000.0,
        "Net Income": 45171000.0,
        "Minority Interests": NaN,
        "Net Income Including Noncontrolling Interests": 45171000.0,
        "Net Income Continuous Operations": 45171000.0,
        "Tax Provision": 14379000.0,
        "Pretax Income": 59550000.0,
        "Other Income Expense": 789000.0,
        "Other Non Operating Income Expenses": -152000.0,
        "Special Income Charges": -1349000.0,
        "Other Special Charges": NaN,
        "Write Off": 1349000.0,
        "Earnings From Equity Interest": 2290000.0,
        "Net Non Operating Interest Income Expense": -4826000.0,
        "Interest Expense Non Operating": 4826000.0,
        "Operating Income": 63587000.0,
        "Operating Expense": 222232000.0,
        "Other Operating Expenses": 222232000.0,
        "Gross Profit": 285819000.0,
        "Cost Of Revenue": 579201000.0,
        "Total Revenue": 865020000.0,
        "Operating Revenue": 865020000.0
    },
    "2022-07-31": {
        "Tax Effect Of Unusual Items": -523008.0,
        "Tax Rate For Calcs": 0.288,
        "Normalized EBITDA": 92214000.0,
        "Total Unusual Items": -1816000.0,
        "Total Unusual Items Excluding Goodwill": -1816000.0,
        "Net Income From Continuing Operation Net Minority Interest": 46213000.0,
        "Reconciled Depreciation": 22762000.0,
        "Reconciled Cost Of Revenue": 563649000.0,
        "EBITDA": 90398000.0,
        "EBIT": 67636000.0,
        "Net Interest Income": -2752000.0,
        "Interest Expense": 2752000.0,
        "Normalized Income": 47505992.0,
        "Net Income From Continuing And Discontinued Operation": 46213000.0,
        "Total Expenses": 792339000.0,
        "Total Operating Income As Reported": 67599000.0,
        "Diluted Average Shares": 73942000.0,
        "Basic Average Shares": 69604000.0,
        "Diluted EPS": 0.62,
        "Basic EPS": 0.66,
        "Diluted NI Availto Com Stockholders": 46213000.0,
        "Net Income Common Stockholders": 46213000.0,
        "Net Income": 46213000.0,
        "Minority Interests": NaN,
        "Net Income Including Noncontrolling Interests": 46213000.0,
        "Net Income Continuous Operations": 46213000.0,
        "Tax Provision": 18671000.0,
        "Pretax Income": 64884000.0,
        "Other Income Expense": 656000.0,
        "Other Non Operating Income Expenses": 37000.0,
        "Special Income Charges": -1816000.0,
        "Other Special Charges": NaN,
        "Write Off": 1816000.0,
        "Earnings From Equity Interest": 2435000.0,
        "Net Non Operating Interest Income Expense": -2752000.0,
        "Interest Expense Non Operating": 2752000.0,
        "Operating Income": 66980000.0,
        "Operating Expense": 228690000.0,
        "Other Operating Expenses": 228690000.0,
        "Gross Profit": 295670000.0,
        "Cost Of Revenue": 563649000.0,
        "Total Revenue": 859319000.0,
        "Operating Revenue": 859319000.0
    },
    "2022-04-30": {
        "Diluted EPS": 0.34,
        "Total Revenue": 831,
        "Gross Profit": 276,
        "Operating Income": 53,
        "EBIT": 75,
        "Net Income": 26
    },
    "2022-01-31": {
        "Diluted EPS": 0.19,
        "Total Revenue": 823,
        "Gross Profit": 254,
        "Operating Income": 22,
        "EBIT": 41,
        "Net Income": 14
    },
    "2021-10-31": {
        "Diluted EPS": 1.04,
        "Total Revenue": 853,
        "Gross Profit": 314,
        "Operating Income": 104,
        "EBIT": 123,
        "Net Income": 80
    },
    "2021-07-31": {
        "Diluted EPS": 0.55,
        "Total Revenue": 817,
        "Gross Profit": 285,
        "Operating Income": 61,
        "EBIT": 81,
        "Net Income": 43
    },
    "2021-04-30": {
        "Diluted EPS": 0.22,
        "Total Revenue": 703,
        "Gross Profit": 216,
        "Operating Income": 17,
        "EBIT": 38,
        "Net Income": 17
    },
    "2021-01-31": {
        "Diluted EPS": -1.85,
        "Total Revenue": 609,
        "Gross Profit": 135,
        "Operating Income": -68,
        "EBIT": -46,
        "Net Income": -134
    },
    "2020-10-31": {
        "Diluted EPS": -0.56,
        "Total Revenue": 653,
        "Gross Profit": 166,
        "Operating Income": -59,
        "EBIT": -37,
        "Net Income": -41
    },
    "2020-07-31": {
        "Diluted EPS": -1.36,
        "Total Revenue": 490,
        "Gross Profit": 37,
        "Operating Income": -136,
        "EBIT": -115,
        "Net Income": -98
    },
    "2020-04-30": {
        "Diluted EPS": -3.0,
        "Total Revenue": 483,
        "Gross Profit": -26,
        "Operating Income": -324,
        "EBIT": -301,
        "Net Income": -216
    },
    "2020-01-31": {
        "Diluted EPS": -0.1,
        "Total Revenue": 830,
        "Gross Profit": 206,
        "Operating Income": -14,
        "EBIT": 8,
        "Net Income": -8
    },
    "2019-10-31": {
        "Diluted EPS": 0.6,
        "Total Revenue": 934,
        "Gross Profit": 273,
        "Operating Income": 56,
        "EBIT": 78,
        "Net Income": 43
    },
    "2019-07-31": {
        "Diluted EPS": 0.37,
        "Total Revenue": 856,
        "Gross Profit": 261,
        "Operating Income": 41,
        "EBIT": 62,
        "Net Income": 27
    },
    "2019-04-30": {
        "Diluted EPS": 0.4,
        "Total Revenue": 873,
        "Gross Profit": 259,
        "Operating Income": 44,
        "EBIT": 65,
        "Net Income": 31
    },
    "2019-01-31": {
        "Diluted EPS": -0.56,
        "Total Revenue": 838,
        "Gross Profit": 203,
        "Operating Income": -57,
        "EBIT": -36,
        "Net Income": -46
    },
    "2018-10-31": {
        "Diluted EPS": 0.48,
        "Total Revenue": 833,
        "Gross Profit": 272,
        "Operating Income": 53,
        "EBIT": 72,
        "Net Income": 39
    },
    "2018-07-31": {
        "Diluted EPS": -0.48,
        "Total Revenue": 795,
        "Gross Profit": 256,
        "Operating Income": 24,
        "EBIT": 45,
        "Net Income": -38
    },
    "2018-04-30": {
        "Diluted EPS": 0.3,
        "Total Revenue": 712,
        "Gross Profit": 207,
        "Operating Income": 38,
        "EBIT": 56,
        "Net Income": 24
    },
    "2018-01-31": {
        "Diluted EPS": 0.15,
        "Total Revenue": 720,
        "Gross Profit": 190,
        "Operating Income": 34,
        "EBIT": 53,
        "Net Income": 12
    },
    "2017-10-31": {
        "Diluted EPS": 0.05,
        "Total Revenue": 711,
        "Gross Profit": 210,
        "Operating Income": 3,
        "EBIT": 23,
        "Net Income": 4
    },
    "2017-07-31": {
        "Diluted EPS": 0.36,
        "Total Revenue": 683,
        "Gross Profit": 201,
        "Operating Income": 47,
        "EBIT": 68,
        "Net Income": 29
    },
    "2017-04-30": {
        "Diluted EPS": 0.28,
        "Total Revenue": 692,
        "Gross Profit": 198,
        "Operating Income": 41,
        "EBIT": 62,
        "Net Income": 23
    },
    "2017-01-31": {
        "Diluted EPS": 0.38,
        "Total Revenue": 681,
        "Gross Profit": 182,
        "Operating Income": 49,
        "EBIT": 70,
        "Net Income": 30
    },
    "2016-10-31": {
        "Diluted EPS": 0.47,
        "Total Revenue": 697,
        "Gross Profit": 212,
        "Operating Income": 63,
        "EBIT": 84,
        "Net Income": 39
    },
    "2016-07-31": {
        "Diluted EPS": 0.3,
        "Total Revenue": 659,
        "Gross Profit": 187,
        "Operating Income": 40,
        "EBIT": 60,
        "Net Income": 25
    },
    "2016-04-30": {
        "Diluted EPS": 0.36,
        "Total Revenue": 681,
        "Gross Profit": 204,
        "Operating Income": 49,
        "EBIT": 69,
        "Net Income": 30
    },
    "2016-01-31": {
        "Diluted EPS": 0.15,
        "Total Revenue": 672,
        "Gross Profit": 165,
        "Operating Income": 17,
        "EBIT": 37,
        "Net Income": 12
    },
    "2015-10-31": {
        "Diluted EPS": 0.44,
        "Total Revenue": 666,
        "Gross Profit": 199,
        "Operating Income": 63,
        "EBIT": 83,
        "Net Income": 39
    },
    "2015-07-31": {
        "Diluted EPS": 0.42,
        "Total Revenue": 627,
        "Gross Profit": 191,
        "Operating Income": 60,
        "EBIT": 80,
        "Net Income": 38
    },
    "2015-04-30": {
        "Diluted EPS": 0.53,
        "Total Revenue": 655,
        "Gross Profit": 213,
        "Operating Income": 74,
        "EBIT": 93,
        "Net Income": 47
    },
    "2015-01-31": {
        "Diluted EPS": 0.34,
        "Total Revenue": 640,
        "Gross Profit": 177,
        "Operating Income": 48,
        "EBIT": 68,
        "Net Income": 31
    },
    "2014-10-31": {
        "Diluted EPS": 0.55,
        "Total Revenue": 670,
        "Gross Profit": 219,
        "Operating Income": 80,
        "EBIT": 99,
        "Net Income": 50
    },
    "2014-07-31": {
        "Diluted EPS": 0.38,
        "Total Revenue": 587,
        "Gross Profit": 172,
        "Operating Income": 53,
        "EBIT": 73,
        "Net Income": 34
    },
    "2014-04-30": {
        "Diluted EPS": 0.42,
        "Total Revenue": 599,
        "Gross Profit": 188,
        "Operating Income": 61,
        "EBIT": 80,
        "Net Income": 39
    },
    "2014-01-31": {
        "Diluted EPS": 0.3,
        "Total Revenue": 572,
        "Gross Profit": 160,
        "Operating Income": 45,
        "EBIT": 63,
        "Net Income": 28
    },
    "2013-10-31": {
        "Diluted EPS": 0.6,
        "Total Revenue": 633,
        "Gross Profit": 213,
        "Operating Income": 88,
        "EBIT": 107,
        "Net Income": 55
    },
    "2013-07-31": {
        "Diluted EPS": 0.37,
        "Total Revenue": 562,
        "Gross Profit": 183,
        "Operating Income": 54,
        "EBIT": 74,
        "Net Income": 34
    },
    "2013-04-30": {
        "Diluted EPS": 0.38,
        "Total Revenue": 601,
        "Gross Profit": 183,
        "Operating Income": 54,
        "EBIT": 73,
        "Net Income": 35
    },
    "2013-01-31": {
        "Diluted EPS": 0.3,
        "Total Revenue": 594,
        "Gross Profit": 172,
        "Operating Income": 46,
        "EBIT": 63,
        "Net Income": 27
    },
    "2012-10-31": {
        "Diluted EPS": 0.55,
        "Total Revenue": 593,
        "Gross Profit": 200,
        "Operating Income": 78,
        "EBIT": 95,
        "Net Income": 50
    },
    "2012-07-31": {
        "Diluted EPS": 0.33,
        "Total Revenue": 512,
        "Gross Profit": 160,
        "Operating Income": 47,
        "EBIT": 63,
        "Net Income": 29
    },
    "2012-04-30": {
        "Diluted EPS": 0.45,
        "Total Revenue": 559,
        "Gross Profit": 193,
        "Operating Income": 65,
        "EBIT": 80,
        "Net Income": 40
    },
    "2012-01-31": {
        "Diluted EPS": 0.79,
        "Total Revenue": 514,
        "Gross Profit": 146,
        "Operating Income": 40,
        "EBIT": 58,
        "Net Income": 19
    },
    "2011-10-31": {
        "Diluted EPS": 0.38,
        "Total Revenue": 531,
        "Gross Profit": 180,
        "Operating Income": 81,
        "EBIT": 95,
        "Net Income": 54
    },
    "2011-07-31": {
        "Diluted EPS": 1.98,
        "Total Revenue": 476,
        "Gross Profit": 156,
        "Operating Income": 26,
        "EBIT": 42,
        "Net Income": 140
    },
    "2011-04-30": {
        "Diluted EPS": -0.87,
        "Total Revenue": 504,
        "Gross Profit": 172,
        "Operating Income": 5,
        "EBIT": 19,
        "Net Income": -38
    },
    "2011-01-31": {
        "Diluted EPS": 0.01,
        "Total Revenue": 468,
        "Gross Profit": 133,
        "Operating Income": 30,
        "EBIT": 47,
        "Net Income": 0
    },
    "2010-10-31": {
        "Diluted EPS": -0.13,
        "Total Revenue": 489,
        "Gross Profit": 159,
        "Operating Income": 17,
        "EBIT": 30,
        "Net Income": -3
    },
    "2010-07-31": {
        "Diluted EPS": 0.5,
        "Total Revenue": 415,
        "Gross Profit": 126,
        "Operating Income": 56,
        "EBIT": 70,
        "Net Income": 27
    },
    "2010-04-30": {
        "Diluted EPS": 0.34,
        "Total Revenue": 450,
        "Gross Profit": 147,
        "Operating Income": 49,
        "EBIT": 61,
        "Net Income": 30
    },
    "2010-01-31": {
        "Diluted EPS": 0.15,
        "Total Revenue": 403,
        "Gross Profit": 118,
        "Operating Income": 25,
        "EBIT": 41,
        "Net Income": 13
    },
    "2009-10-31": {
        "Diluted EPS": 0.3,
        "Total Revenue": 445,
        "Gross Profit": 147,
        "Operating Income": 45,
        "EBIT": 56,
        "Net Income": 27
    },
    "2009-07-31": {
        "Diluted EPS": 0.09,
        "Total Revenue": 369,
        "Gross Profit": 98,
        "Operating Income": 11,
        "EBIT": 23,
        "Net Income": 8
    },
    "2009-04-30": {
        "Diluted EPS": 0.08,
        "Total Revenue": 386,
        "Gross Profit": 105,
        "Operating Income": 12,
        "EBIT": 23,
        "Net Income": 7
    },
    "2009-01-31": {
        "Diluted EPS": -0.09,
        "Total Revenue": 348,
        "Gross Profit": 72,
        "Operating Income": -12,
        "EBIT": 0,
        "Net Income": -8
    },
    "2023-07-31": {
        "Tax Effect Of Unusual Items": -96814.738469,
        "Tax Rate For Calcs": 0.314334,
        "Normalized EBITDA": 61574000.0,
        "Total Unusual Items": -308000.0,
        "Total Unusual Items Excluding Goodwill": -308000.0,
        "Net Income From Continuing Operation Net Minority Interest": 37204000.0,
        "Reconciled Depreciation": 16569000.0,
        "Reconciled Cost Of Revenue": 518830000.0,
        "EBITDA": 61266000.0,
        "EBIT": 61266000.0,
        "Net Interest Income": -6932000.0,
        "Interest Expense": 6932000.0,
        "Normalized Income": 37415185.261531,
        "Net Income From Continuing And Discontinued Operation": 37204000.0,
        "Total Expenses": 733360000.0,
        "Total Operating Income As Reported": 60687000.0,
        "Diluted Average Shares": 66997000.0,
        "Basic Average Shares": 65576000.0,
        "Diluted EPS": 0.56,
        "Basic EPS": 0.57,
        "Diluted NI Availto Com Stockholders": 37204000.0,
        "Net Income Common Stockholders": 37204000.0,
        "Net Income": 37204000.0,
        "Minority Interests": -51000.0,
        "Net Income Including Noncontrolling Interests": 37255000.0,
        "Net Income Continuous Operations": 37255000.0,
        "Tax Provision": 17079000.0,
        "Pretax Income": 54334000.0,
        "Other Income Expense": 2409000.0,
        "Other Non Operating Income Expenses": 579000.0,
        "Special Income Charges": -308000.0,
        "Other Special Charges": NaN,
        "Write Off": 308000.0,
        "Earnings From Equity Interest": 2138000.0,
        "Net Non Operating Interest Income Expense": -6932000.0,
        "Interest Expense Non Operating": 6932000.0,
        "Operating Income": 58857000.0,
        "Operating Expense": 214530000.0,
        "Other Operating Expenses": 214530000.0,
        "Gross Profit": 273387000.0,
        "Cost Of Revenue": 518830000.0,
        "Total Revenue": 792217000.0,
        "Operating Revenue": 792217000.0
    },
    "2023-10-31": {
        "Tax Effect Of Unusual Items": 0.0,
        "Tax Rate For Calcs": 0.21,
        "Normalized EBITDA": 27959000.0,
        "Total Unusual Items": 0.0,
        "Total Unusual Items Excluding Goodwill": 0.0,
        "Net Income From Continuing Operation Net Minority Interest": 10141000.0,
        "Reconciled Depreciation": 14667000.0,
        "Reconciled Cost Of Revenue": 529923000.0,
        "EBITDA": 27959000.0,
        "EBIT": 27959000.0,
        "Net Interest Income": -8767000.0,
        "Interest Expense": 8767000.0,
        "Normalized Income": 10141000.0,
        "Net Income From Continuing And Discontinued Operation": 10141000.0,
        "Total Expenses": 760711000.0,
        "Total Operating Income As Reported": 28121000.0,
        "Diluted Average Shares": 61405000.0,
        "Basic Average Shares": 58633000.0,
        "Diluted EPS": 0.17,
        "Basic EPS": 0.17,
        "Diluted NI Availto Com Stockholders": 10141000.0,
        "Net Income Common Stockholders": 10141000.0,
        "Net Income": 10141000.0,
        "Minority Interests": -64000.0,
        "Net Income Including Noncontrolling Interests": 10205000.0,
        "Net Income Continuous Operations": 10205000.0,
        "Tax Provision": 8987000.0,
        "Pretax Income": 19192000.0,
        "Other Income Expense": 2341000.0,
        "Other Non Operating Income Expenses": -162000.0,
        "Special Income Charges": 0.0,
        "Other Special Charges": NaN,
        "Write Off": 0.0,
        "Earnings From Equity Interest": 2503000.0,
        "Net Non Operating Interest Income Expense": -8767000.0,
        "Interest Expense Non Operating": 8767000.0,
        "Operating Income": 25618000.0,
        "Operating Expense": 230788000.0,
        "Other Operating Expenses": 230788000.0,
        "Gross Profit": 256406000.0,
        "Cost Of Revenue": 529923000.0,
        "Total Revenue": 786329000.0,
        "Operating Revenue": 786329000.0
    }
}