{
    "2023-03-31": {
        "Tax Effect Of Unusual Items": -1790670.0,
        "Tax Rate For Calcs": 0.21,
        "Normalized EBITDA": -22406000.0,
        "Total Unusual Items": -8527000.0,
        "Total Unusual Items Excluding Goodwill": -8527000.0,
        "Net Income From Continuing Operation Net Minority Interest": -87189000.0,
        "Reconciled Depreciation": 141574000.0,
        "Reconciled Cost Of Revenue": 102632000.0,
        "EBITDA": -30933000.0,
        "EBIT": -172507000.0,
        "Net Interest Income": -8131000.0,
        "Interest Expense": 8131000.0,
        "Normalized Income": -80452670.0,
        "Net Income From Continuing And Discontinued Operation": -197797000.0,
        "Total Expenses": 37962000.0,
        "Diluted Average Shares": 158446000.0,
        "Basic Average Shares": 158446000.0,
        "Diluted EPS": -1.34,
        "Basic EPS": -1.34,
        "Diluted NI Availto Com Stockholders": -212504000.0,
        "Average Dilution Earnings": -31000.0,
        "Net Income Common Stockholders": -212473000.0,
        "Otherunder Preferred Stock Dividend": NaN,
        "Preferred Stock Dividends": 14676000.0,
        "Net Income": -197797000.0,
        "Minority Interests": 94547000.0,
        "Net Income Including Noncontrolling Interests": -292344000.0,
        "Net Income Discontinuous Operations": -110608000.0,
        "Net Income Continuous Operations": -181736000.0,
        "Tax Provision": 1098000.0,
        "Pretax Income": -180638000.0,
        "Other Income Expense": -153041000.0,
        "Other Non Operating Income Expenses": -144514000.0,
        "Special Income Charges": -8527000.0,
        "Restructuring And Mergern Acquisition": 8527000.0,
        "Net Non Operating Interest Income Expense": -8131000.0,
        "Interest Expense Non Operating": 8131000.0,
        "Operating Income": -19466000.0,
        "Operating Expense": 37962000.0,
        "Other Operating Expenses": NaN,
        "Depreciation Amortization Depletion Income Statement": 6875000.0,
        "Depreciation And Amortization In Income Statement": 6875000.0,
        "Selling General And Administration": 31087000.0,
        "General And Administrative Expense": 31087000.0,
        "Other Gand A": 20447000.0,
        "Salaries And Wages": 10640000.0,
        "Gross Profit": 147283000.0,
        "Cost Of Revenue": 102877000.0,
        "Total Revenue": 18496000.0,
        "Operating Revenue": 7932000.0
    },
    "2022-12-31": {
        "Tax Effect Of Unusual Items": -699090.0,
        "Tax Rate For Calcs": 0.21,
        "Normalized EBITDA": 200181000.0,
        "Total Unusual Items": -3329000.0,
        "Total Unusual Items Excluding Goodwill": -3329000.0,
        "Net Income From Continuing Operation Net Minority Interest": -4444000.0,
        "Reconciled Depreciation": 147664000.0,
        "Reconciled Cost Of Revenue": 109524000.0,
        "EBITDA": 196852000.0,
        "EBIT": 49188000.0,
        "Net Interest Income": -55048000.0,
        "Interest Expense": 55048000.0,
        "Normalized Income": -1814090.0,
        "Net Income From Continuing And Discontinued Operation": -4590000.0,
        "Total Expenses": 450342000.0,
        "Diluted Average Shares": 158837000.0,
        "Basic Average Shares": 158837000.0,
        "Diluted EPS": -0.12,
        "Basic EPS": -0.12,
        "Diluted NI Availto Com Stockholders": -19373000.0,
        "Average Dilution Earnings": 0.0,
        "Net Income Common Stockholders": -19373000.0,
        "Otherunder Preferred Stock Dividend": 17000.0,
        "Preferred Stock Dividends": 14766000.0,
        "Net Income": -4590000.0,
        "Minority Interests": 32655000.0,
        "Net Income Including Noncontrolling Interests": -37245000.0,
        "Net Income Discontinuous Operations": -146000.0,
        "Net Income Continuous Operations": -37099000.0,
        "Tax Provision": 31239000.0,
        "Pretax Income": -5860000.0,
        "Other Income Expense": 198449000.0,
        "Other Non Operating Income Expenses": -326000.0,
        "Special Income Charges": -3329000.0,
        "Restructuring And Mergern Acquisition": 3329000.0,
        "Earnings From Equity Interest": 202104000.0,
        "Net Non Operating Interest Income Expense": -55048000.0,
        "Interest Expense Non Operating": 55048000.0,
        "Operating Income": -149261000.0,
        "Operating Expense": 340552000.0,
        "Other Operating Expenses": NaN,
        "Depreciation Amortization Depletion Income Statement": 147398000.0,
        "Depreciation And Amortization In Income Statement": 147398000.0,
        "Selling General And Administration": 193154000.0,
        "General And Administrative Expense": 193154000.0,
        "Other Gand A": 39037000.0,
        "Salaries And Wages": 154117000.0,
        "Gross Profit": 191291000.0,
        "Cost Of Revenue": 109790000.0,
        "Total Revenue": 301081000.0,
        "Operating Revenue": 298380000.0
    },
    "2022-09-30": {
        "Tax Effect Of Unusual Items": -296910.737122,
        "Tax Rate For Calcs": 0.076543,
        "Normalized EBITDA": 100066000.0,
        "Total Unusual Items": -3879000.0,
        "Total Unusual Items Excluding Goodwill": -3879000.0,
        "Net Income From Continuing Operation Net Minority Interest": -22699000.0,
        "Reconciled Depreciation": 145594000.0,
        "Reconciled Cost Of Revenue": 115497000.0,
        "EBITDA": 96187000.0,
        "EBIT": -49407000.0,
        "Net Interest Income": -53032000.0,
        "Interest Expense": 53032000.0,
        "Normalized Income": -19116910.737122,
        "Net Income From Continuing And Discontinued Operation": -49088000.0,
        "Total Expenses": 437375000.0,
        "Diluted Average Shares": 162398000.0,
        "Basic Average Shares": 162398000.0,
        "Diluted EPS": -0.39,
        "Basic EPS": -0.39,
        "Diluted NI Availto Com Stockholders": -63273000.0,
        "Average Dilution Earnings": 0.0,
        "Net Income Common Stockholders": -63273000.0,
        "Otherunder Preferred Stock Dividend": -1098000.0,
        "Preferred Stock Dividends": 15283000.0,
        "Net Income": -49088000.0,
        "Minority Interests": 71899000.0,
        "Net Income Including Noncontrolling Interests": -120987000.0,
        "Net Income Discontinuous Operations": -26389000.0,
        "Net Income Continuous Operations": -94598000.0,
        "Tax Provision": -7841000.0,
        "Pretax Income": -102439000.0,
        "Other Income Expense": 91345000.0,
        "Other Non Operating Income Expenses": 25908000.0,
        "Special Income Charges": -3879000.0,
        "Restructuring And Mergern Acquisition": 3879000.0,
        "Earnings From Equity Interest": 69316000.0,
        "Net Non Operating Interest Income Expense": -53032000.0,
        "Interest Expense Non Operating": 53032000.0,
        "Operating Income": -140752000.0,
        "Operating Expense": 321878000.0,
        "Other Operating Expenses": NaN,
        "Depreciation Amortization Depletion Income Statement": 145594000.0,
        "Depreciation And Amortization In Income Statement": 145594000.0,
        "Selling General And Administration": 176284000.0,
        "General And Administrative Expense": 176284000.0,
        "Other Gand A": 29909000.0,
        "Salaries And Wages": 146375000.0,
        "Gross Profit": 181126000.0,
        "Cost Of Revenue": 115497000.0,
        "Total Revenue": 296623000.0,
        "Operating Revenue": 294324000.0
    },
    "2022-06-30": {
        "Tax Effect Of Unusual Items": -124303.360321,
        "Tax Rate For Calcs": 0.045103,
        "Normalized EBITDA": 148668000.0,
        "Total Unusual Items": -2756000.0,
        "Total Unusual Items Excluding Goodwill": -2756000.0,
        "Net Income From Continuing Operation Net Minority Interest": -6791000.0,
        "Reconciled Depreciation": 155352000.0,
        "Reconciled Cost Of Revenue": 104477000.0,
        "EBITDA": 145912000.0,
        "EBIT": -9440000.0,
        "Net Interest Income": -46388000.0,
        "Interest Expense": 46388000.0,
        "Normalized Income": -4159303.360321,
        "Net Income From Continuing And Discontinued Operation": -21562000.0,
        "Total Expenses": 388043000.0,
        "Diluted Average Shares": 153983000.0,
        "Basic Average Shares": 153983000.0,
        "Diluted EPS": -0.24,
        "Basic EPS": -0.24,
        "Diluted NI Availto Com Stockholders": -37321000.0,
        "Average Dilution Earnings": 0.0,
        "Net Income Common Stockholders": -37321000.0,
        "Otherunder Preferred Stock Dividend": 0.0,
        "Preferred Stock Dividends": 15759000.0,
        "Net Income": -21562000.0,
        "Minority Interests": 46519000.0,
        "Net Income Including Noncontrolling Interests": -68081000.0,
        "Net Income Discontinuous Operations": -14771000.0,
        "Net Income Continuous Operations": -53310000.0,
        "Tax Provision": -2518000.0,
        "Pretax Income": -55828000.0,
        "Other Income Expense": 89194000.0,
        "Other Non Operating Income Expenses": -46256000.0,
        "Special Income Charges": -2756000.0,
        "Restructuring And Mergern Acquisition": 2756000.0,
        "Earnings From Equity Interest": 138206000.0,
        "Net Non Operating Interest Income Expense": -46388000.0,
        "Interest Expense Non Operating": 46388000.0,
        "Operating Income": -98634000.0,
        "Operating Expense": 283566000.0,
        "Other Operating Expenses": NaN,
        "Depreciation Amortization Depletion Income Statement": 155352000.0,
        "Depreciation And Amortization In Income Statement": 155352000.0,
        "Selling General And Administration": 128214000.0,
        "General And Administrative Expense": 128214000.0,
        "Other Gand A": 26353000.0,
        "Salaries And Wages": 101861000.0,
        "Gross Profit": 184932000.0,
        "Cost Of Revenue": 104477000.0,
        "Total Revenue": 289409000.0,
        "Operating Revenue": 287068000.0
    },
    "2022-03-31": {
        "Diluted EPS": -1.84,
        "Total Revenue": 233,
        "Gross Profit": 149,
        "Operating Income": -107,
        "EBIT": 120,
        "Net Income": -262
    },
    "2021-12-31": {
        "Diluted EPS": -0.07,
        "Total Revenue": 256,
        "Gross Profit": 177,
        "Operating Income": -150,
        "EBIT": -3,
        "Net Income": -21
    },
    "2021-09-30": {
        "Diluted EPS": 0.33,
        "Total Revenue": 252,
        "Gross Profit": 172,
        "Operating Income": -122,
        "EBIT": 21,
        "Net Income": 41
    },
    "2021-06-30": {
        "Diluted EPS": -1.16,
        "Total Revenue": 237,
        "Gross Profit": 160,
        "Operating Income": -107,
        "EBIT": 70,
        "Net Income": -141
    },
    "2021-03-31": {
        "Diluted EPS": -2.24,
        "Total Revenue": 221,
        "Gross Profit": 141,
        "Operating Income": -144,
        "EBIT": 97,
        "Net Income": -265
    },
    "2020-12-31": {
        "Diluted EPS": -1.13,
        "Total Revenue": 8,
        "Gross Profit": 28,
        "Operating Income": -63,
        "EBIT": 59,
        "Net Income": -141
    },
    "2020-09-30": {
        "Diluted EPS": -1.76,
        "Total Revenue": 123,
        "Gross Profit": 85,
        "Operating Income": -91,
        "EBIT": 79,
        "Net Income": -206
    },
    "2020-06-30": {
        "Diluted EPS": -17.32,
        "Total Revenue": 68,
        "Gross Profit": 50,
        "Operating Income": -80,
        "EBIT": 577,
        "Net Income": NaN
    },
    "2020-03-31": {
        "Diluted EPS": -3.04,
        "Total Revenue": 217,
        "Gross Profit": 134,
        "Operating Income": -138,
        "EBIT": 89,
        "Net Income": -362
    },
    "2019-12-31": {
        "Diluted EPS": -0.24,
        "Total Revenue": NaN,
        "Gross Profit": -791,
        "Operating Income": 639,
        "EBIT": NaN,
        "Net Income": -26
    },
    "2019-09-30": {
        "Diluted EPS": -4.64,
        "Total Revenue": 359,
        "Gross Profit": 278,
        "Operating Income": -591,
        "EBIT": -25,
        "Net Income": -555
    },
    "2019-06-30": {
        "Diluted EPS": -3.92,
        "Total Revenue": 573,
        "Gross Profit": 294,
        "Operating Income": -141,
        "EBIT": 33,
        "Net Income": -469
    },
    "2019-03-31": {
        "Diluted EPS": -0.84,
        "Total Revenue": 548,
        "Gross Profit": 277,
        "Operating Income": -75,
        "EBIT": 87,
        "Net Income": -102
    },
    "2018-12-31": {
        "Diluted EPS": -3.2,
        "Total Revenue": -709,
        "Gross Profit": -162,
        "Operating Income": -266,
        "EBIT": -105,
        "Net Income": -397
    },
    "2018-09-30": {
        "Diluted EPS": -0.6,
        "Total Revenue": 599,
        "Gross Profit": 312,
        "Operating Income": -102,
        "EBIT": 54,
        "Net Income": -70
    },
    "2018-06-30": {
        "Diluted EPS": -0.76,
        "Total Revenue": 615,
        "Gross Profit": 315,
        "Operating Income": -122,
        "EBIT": 35,
        "Net Income": -93
    },
    "2018-03-31": {
        "Diluted EPS": -0.56,
        "Total Revenue": 667,
        "Gross Profit": 361,
        "Operating Income": -186,
        "EBIT": -28,
        "Net Income": -73
    },
    "2017-12-31": {
        "Diluted EPS": -2.8,
        "Total Revenue": 473,
        "Gross Profit": 229,
        "Operating Income": -456,
        "EBIT": 35,
        "Net Income": -368
    },
    "2017-09-30": {
        "Diluted EPS": 0.0,
        "Total Revenue": 790,
        "Gross Profit": 458,
        "Operating Income": -21,
        "EBIT": 141,
        "Net Income": 2
    },
    "2017-06-30": {
        "Diluted EPS": 0.28,
        "Total Revenue": 679,
        "Gross Profit": 426,
        "Operating Income": -9,
        "EBIT": 148,
        "Net Income": 39
    },
    "2017-03-31": {
        "Diluted EPS": -0.04,
        "Total Revenue": 607,
        "Gross Profit": 391,
        "Operating Income": -105,
        "EBIT": 33,
        "Net Income": -5
    },
    "2016-12-31": {
        "Diluted EPS": -0.4,
        "Total Revenue": 208,
        "Gross Profit": 179,
        "Operating Income": -2,
        "EBIT": 42,
        "Net Income": -17
    },
    "2016-09-30": {
        "Diluted EPS": 0.56,
        "Total Revenue": 212,
        "Gross Profit": 183,
        "Operating Income": 36,
        "EBIT": 77,
        "Net Income": 23
    },
    "2016-06-30": {
        "Diluted EPS": 0.96,
        "Total Revenue": 218,
        "Gross Profit": 188,
        "Operating Income": 46,
        "EBIT": 77,
        "Net Income": 43
    },
    "2016-03-31": {
        "Diluted EPS": 0.44,
        "Total Revenue": 201,
        "Gross Profit": 170,
        "Operating Income": 24,
        "EBIT": 75,
        "Net Income": 18
    },
    "2015-12-31": {
        "Diluted EPS": 0.56,
        "Total Revenue": 475,
        "Gross Profit": 475,
        "Operating Income": 35,
        "EBIT": 138,
        "Net Income": 6
    },
    "2015-09-30": {
        "Diluted EPS": 0.84,
        "Total Revenue": 108,
        "Gross Profit": 81,
        "Operating Income": 38,
        "EBIT": 38,
        "Net Income": 41
    },
    "2015-06-30": {
        "Diluted EPS": 0.76,
        "Total Revenue": 119,
        "Gross Profit": 93,
        "Operating Income": 50,
        "EBIT": 51,
        "Net Income": 38
    },
    "2015-03-31": {
        "Diluted EPS": 0.44,
        "Total Revenue": 92,
        "Gross Profit": 64,
        "Operating Income": 31,
        "EBIT": 32,
        "Net Income": 22
    },
    "2014-12-31": {
        "Diluted EPS": 0.64,
        "Total Revenue": 119,
        "Gross Profit": 72,
        "Operating Income": 28,
        "EBIT": 28,
        "Net Income": 31
    },
    "2014-09-30": {
        "Diluted EPS": 0.4,
        "Total Revenue": 84,
        "Gross Profit": 58,
        "Operating Income": 25,
        "EBIT": 26,
        "Net Income": 19
    },
    "2014-06-30": {
        "Diluted EPS": -0.48,
        "Total Revenue": 33,
        "Gross Profit": 15,
        "Operating Income": -22,
        "EBIT": -22,
        "Net Income": -22
    },
    "2014-03-31": {
        "Diluted EPS": -0.16,
        "Total Revenue": 23,
        "Gross Profit": 10,
        "Operating Income": -8,
        "EBIT": -8,
        "Net Income": -8
    },
    "2013-12-31": {
        "Diluted EPS": 0.0,
        "Total Revenue": NaN,
        "Gross Profit": NaN,
        "Operating Income": NaN,
        "EBIT": NaN,
        "Net Income": NaN
    },
    "2013-09-30": {
        "Diluted EPS": 0.04,
        "Total Revenue": 9,
        "Gross Profit": 7,
        "Operating Income": 2,
        "EBIT": 2,
        "Net Income": 2
    },
    "2013-06-30": {
        "Diluted EPS": -0.04,
        "Total Revenue": 39,
        "Gross Profit": 9,
        "Operating Income": -2,
        "EBIT": -2,
        "Net Income": -2
    },
    "2012-12-31": {
        "Diluted EPS": 0.0,
        "Total Revenue": NaN,
        "Gross Profit": NaN,
        "Operating Income": NaN,
        "EBIT": NaN,
        "Net Income": NaN
    },
    "2011-12-31": {
        "Diluted EPS": 0.0,
        "Total Revenue": NaN,
        "Gross Profit": NaN,
        "Operating Income": NaN,
        "EBIT": NaN,
        "Net Income": NaN
    },
    "2023-06-30": {
        "Tax Effect Of Unusual Items": -233730.0,
        "Tax Rate For Calcs": 0.21,
        "Normalized EBITDA": 162292000.0,
        "Total Unusual Items": -1113000.0,
        "Total Unusual Items Excluding Goodwill": -1113000.0,
        "Net Income From Continuing Operation Net Minority Interest": -4685000.0,
        "Reconciled Depreciation": 150426000.0,
        "Reconciled Cost Of Revenue": 102620000.0,
        "EBITDA": 161179000.0,
        "EBIT": 10753000.0,
        "Net Interest Income": -56022000.0,
        "Interest Expense": 56022000.0,
        "Normalized Income": -3805730.0,
        "Net Income From Continuing And Discontinued Operation": -8663000.0,
        "Total Expenses": 401530000.0,
        "Diluted Average Shares": 158089000.0,
        "Basic Average Shares": 158089000.0,
        "Diluted EPS": -0.14,
        "Basic EPS": -0.14,
        "Diluted NI Availto Com Stockholders": -22440000.0,
        "Average Dilution Earnings": 0.0,
        "Net Income Common Stockholders": -22440000.0,
        "Otherunder Preferred Stock Dividend": -898000.0,
        "Preferred Stock Dividends": 14675000.0,
        "Net Income": -8663000.0,
        "Minority Interests": 43853000.0,
        "Net Income Including Noncontrolling Interests": -52516000.0,
        "Net Income Discontinuous Operations": -3978000.0,
        "Net Income Continuous Operations": -48538000.0,
        "Tax Provision": 3269000.0,
        "Pretax Income": -45269000.0,
        "Other Income Expense": -12650000.0,
        "Other Non Operating Income Expenses": -11537000.0,
        "Special Income Charges": -1113000.0,
        "Restructuring And Mergern Acquisition": 1113000.0,
        "Net Non Operating Interest Income Expense": -56022000.0,
        "Interest Expense Non Operating": 56022000.0,
        "Operating Income": 23403000.0,
        "Operating Expense": 298046000.0,
        "Other Operating Expenses": 3653000.0,
        "Depreciation Amortization Depletion Income Statement": 149562000.0,
        "Depreciation And Amortization In Income Statement": 149562000.0,
        "Selling General And Administration": 144831000.0,
        "General And Administrative Expense": 144831000.0,
        "Other Gand A": 25763000.0,
        "Salaries And Wages": 119068000.0,
        "Gross Profit": 321449000.0,
        "Cost Of Revenue": 103484000.0,
        "Total Revenue": 424933000.0,
        "Operating Revenue": 410158000.0
    },
    "2023-09-30": {
        "Tax Effect Of Unusual Items": -188160.0,
        "Tax Rate For Calcs": 0.21,
        "Normalized EBITDA": 460379000.0,
        "Total Unusual Items": -896000.0,
        "Total Unusual Items Excluding Goodwill": -896000.0,
        "Net Income From Continuing Operation Net Minority Interest": 279076000.0,
        "Reconciled Depreciation": 128352000.0,
        "Reconciled Cost Of Revenue": 99857000.0,
        "EBITDA": 459483000.0,
        "EBIT": 331131000.0,
        "Net Interest Income": -49894000.0,
        "Interest Expense": 49894000.0,
        "Normalized Income": 279783840.0,
        "Net Income From Continuing And Discontinued Operation": 276473000.0,
        "Total Expenses": 399880000.0,
        "Diluted Average Shares": 173862000.0,
        "Basic Average Shares": 160564000.0,
        "Diluted EPS": 1.48,
        "Basic EPS": 1.6,
        "Diluted NI Availto Com Stockholders": 258291000.0,
        "Average Dilution Earnings": 1264000.0,
        "Net Income Common Stockholders": 257027000.0,
        "Otherunder Preferred Stock Dividend": 4801000.0,
        "Preferred Stock Dividends": 14645000.0,
        "Net Income": 276473000.0,
        "Minority Interests": -2304000.0,
        "Net Income Including Noncontrolling Interests": 278777000.0,
        "Net Income Discontinuous Operations": -2603000.0,
        "Net Income Continuous Operations": 281380000.0,
        "Tax Provision": -143000.0,
        "Pretax Income": 281237000.0,
        "Other Income Expense": 253931000.0,
        "Other Non Operating Income Expenses": 254827000.0,
        "Special Income Charges": -896000.0,
        "Restructuring And Mergern Acquisition": 896000.0,
        "Net Non Operating Interest Income Expense": -49894000.0,
        "Interest Expense Non Operating": 49894000.0,
        "Operating Income": 77200000.0,
        "Operating Expense": 299671000.0,
        "Other Operating Expenses": 15000.0,
        "Depreciation Amortization Depletion Income Statement": 128000000.0,
        "Depreciation And Amortization In Income Statement": 128000000.0,
        "Selling General And Administration": 171656000.0,
        "General And Administrative Expense": 171656000.0,
        "Other Gand A": 24077000.0,
        "Salaries And Wages": 147579000.0,
        "Gross Profit": 376871000.0,
        "Cost Of Revenue": 100209000.0,
        "Total Revenue": 477080000.0,
        "Operating Revenue": 466132000.0
    },
    "2023-12-31": {
        "Tax Effect Of Unusual Items": -60270.0,
        "Tax Rate For Calcs": 0.21,
        "Normalized EBITDA": 325323000.0,
        "Total Unusual Items": -287000.0,
        "Total Unusual Items Excluding Goodwill": -287000.0,
        "Net Income From Continuing Operation Net Minority Interest": 414926000.0,
        "Reconciled Depreciation": 66863000.0,
        "Reconciled Cost Of Revenue": -303415000.0,
        "EBITDA": 325036000.0,
        "EBIT": 258173000.0,
        "Net Interest Income": 148572000.0,
        "Interest Expense": -148572000.0,
        "Normalized Income": 415152730.0,
        "Net Income From Continuing And Discontinued Operation": 115267000.0,
        "Total Expenses": -593676000.0,
        "Diluted Average Shares": 171199000.0,
        "Basic Average Shares": 160664000.0,
        "Diluted EPS": 0.58,
        "Basic EPS": 0.61,
        "Diluted NI Availto Com Stockholders": 103935000.0,
        "Average Dilution Earnings": 5050000.0,
        "Net Income Common Stockholders": 98885000.0,
        "Otherunder Preferred Stock Dividend": 1722000.0,
        "Preferred Stock Dividends": 14660000.0,
        "Net Income": 115267000.0,
        "Minority Interests": 4019000.0,
        "Net Income Including Noncontrolling Interests": 111248000.0,
        "Net Income Discontinuous Operations": -299659000.0,
        "Net Income Continuous Operations": 410907000.0,
        "Tax Provision": -4162000.0,
        "Pretax Income": 406745000.0,
        "Other Income Expense": -4713000.0,
        "Other Non Operating Income Expenses": -4426000.0,
        "Special Income Charges": -287000.0,
        "Restructuring And Mergern Acquisition": 287000.0,
        "Net Non Operating Interest Income Expense": 148572000.0,
        "Interest Expense Non Operating": -148572000.0,
        "Operating Income": 262886000.0,
        "Operating Expense": -290261000.0,
        "Other Operating Expenses": NaN,
        "Depreciation Amortization Depletion Income Statement": -382485000.0,
        "Depreciation And Amortization In Income Statement": -382485000.0,
        "Selling General And Administration": 95892000.0,
        "General And Administrative Expense": 95892000.0,
        "Other Gand A": 7436000.0,
        "Salaries And Wages": 88456000.0,
        "Gross Profit": -27375000.0,
        "Cost Of Revenue": -303415000.0,
        "Total Revenue": -330790000.0,
        "Operating Revenue": -342509000.0
    },
    "2024-03-31": {
        "Tax Effect Of Unusual Items": -304000.0,
        "Tax Rate For Calcs": 0.4,
        "Normalized EBITDA": -281000.0,
        "Total Unusual Items": -760000.0,
        "Total Unusual Items Excluding Goodwill": -760000.0,
        "Net Income From Continuing Operation Net Minority Interest": -15508000.0,
        "Reconciled Depreciation": 9167000.0,
        "Reconciled Cost Of Revenue": NaN,
        "EBITDA": -1041000.0,
        "EBIT": -10208000.0,
        "Net Interest Income": -5192000.0,
        "Interest Expense": 5192000.0,
        "Normalized Income": -15052000.0,
        "Net Income From Continuing And Discontinued Operation": -29628000.0,
        "Total Expenses": 77947000.0,
        "Diluted Average Shares": 161043000.0,
        "Basic Average Shares": 161043000.0,
        "Diluted EPS": -0.28,
        "Basic EPS": -0.28,
        "Diluted NI Availto Com Stockholders": -44322000.0,
        "Average Dilution Earnings": -34000.0,
        "Net Income Common Stockholders": -44288000.0,
        "Otherunder Preferred Stock Dividend": NaN,
        "Preferred Stock Dividends": 14660000.0,
        "Net Income": -29628000.0,
        "Minority Interests": 1138000.0,
        "Net Income Including Noncontrolling Interests": -30766000.0,
        "Net Income Discontinuous Operations": -14120000.0,
        "Net Income Continuous Operations": -16646000.0,
        "Tax Provision": 1246000.0,
        "Pretax Income": -15400000.0,
        "Other Income Expense": -6654000.0,
        "Other Non Operating Income Expenses": -5894000.0,
        "Special Income Charges": -760000.0,
        "Restructuring And Mergern Acquisition": 760000.0,
        "Net Non Operating Interest Income Expense": -5192000.0,
        "Interest Expense Non Operating": 5192000.0,
        "Operating Income": -3554000.0,
        "Operating Expense": 77947000.0,
        "Other Operating Expenses": NaN,
        "Depreciation Amortization Depletion Income Statement": 9167000.0,
        "Depreciation And Amortization In Income Statement": 9167000.0,
        "Selling General And Administration": 68780000.0,
        "General And Administrative Expense": 68780000.0,
        "Other Gand A": 24310000.0,
        "Salaries And Wages": 44470000.0,
        "Gross Profit": NaN,
        "Cost Of Revenue": NaN,
        "Total Revenue": 74393000.0,
        "Operating Revenue": 67322000.0
    }
}