{
    "2023-03-31": {
        "Tax Effect Of Unusual Items": 0.0,
        "Tax Rate For Calcs": 0.212329,
        "Normalized EBITDA": 126600000.0,
        "Total Unusual Items": NaN,
        "Total Unusual Items Excluding Goodwill": NaN,
        "Net Income From Continuing Operation Net Minority Interest": 69000000.0,
        "Reconciled Depreciation": 42500000.0,
        "Reconciled Cost Of Revenue": 116800000.0,
        "EBIT": 84100000.0,
        "Net Interest Income": 3900000.0,
        "Interest Income": NaN,
        "Normalized Income": 69000000.0,
        "Net Income From Continuing And Discontinued Operation": 69000000.0,
        "Total Expenses": 527000000.0,
        "Total Operating Income As Reported": 84100000.0,
        "Diluted Average Shares": 348800000.0,
        "Basic Average Shares": 347100000.0,
        "Diluted EPS": 0.2,
        "Basic EPS": 0.2,
        "Diluted NI Availto Com Stockholders": 69000000.0,
        "Average Dilution Earnings": NaN,
        "Net Income Common Stockholders": 69000000.0,
        "Net Income": 69000000.0,
        "Net Income Including Noncontrolling Interests": 69000000.0,
        "Net Income Continuous Operations": 69000000.0,
        "Tax Provision": 18600000.0,
        "Pretax Income": 87600000.0,
        "Other Income Expense": -400000.0,
        "Other Non Operating Income Expenses": -400000.0,
        "Special Income Charges": NaN,
        "Impairment Of Capital Assets": NaN,
        "Net Non Operating Interest Income Expense": 3900000.0,
        "Total Other Finance Cost": -3900000.0,
        "Interest Income Non Operating": NaN,
        "Operating Income": 84100000.0,
        "Operating Expense": 410200000.0,
        "Research And Development": 235200000.0,
        "Selling General And Administration": 175000000.0,
        "Selling And Marketing Expense": 119200000.0,
        "General And Administrative Expense": 55800000.0,
        "Other Gand A": 55800000.0,
        "Gross Profit": 494300000.0,
        "Cost Of Revenue": 116800000.0,
        "Total Revenue": 611100000.0,
        "Operating Revenue": 611100000.0
    },
    "2022-12-31": {
        "Tax Effect Of Unusual Items": -65000000.0,
        "Tax Rate For Calcs": 0.4,
        "Normalized EBITDA": 284200000.0,
        "Total Unusual Items": -162500000.0,
        "Total Unusual Items Excluding Goodwill": -162500000.0,
        "Net Income From Continuing Operation Net Minority Interest": 328300000.0,
        "Reconciled Depreciation": 39600000.0,
        "Reconciled Cost Of Revenue": 115800000.0,
        "EBIT": 82100000.0,
        "Net Interest Income": 3500000.0,
        "Interest Income": NaN,
        "Normalized Income": 425800000.0,
        "Net Income From Continuing And Discontinued Operation": 328300000.0,
        "Total Expenses": 516700000.0,
        "Total Operating Income As Reported": -80400000.0,
        "Diluted Average Shares": 354000000.0,
        "Basic Average Shares": 352100000.0,
        "Diluted EPS": 0.93,
        "Basic EPS": 0.93,
        "Diluted NI Availto Com Stockholders": 328300000.0,
        "Average Dilution Earnings": NaN,
        "Net Income Common Stockholders": 328300000.0,
        "Net Income": 328300000.0,
        "Net Income Including Noncontrolling Interests": 328300000.0,
        "Net Income Continuous Operations": 328300000.0,
        "Tax Provision": -406700000.0,
        "Pretax Income": -78400000.0,
        "Other Income Expense": -164000000.0,
        "Other Non Operating Income Expenses": -1500000.0,
        "Special Income Charges": -162500000.0,
        "Impairment Of Capital Assets": 162500000.0,
        "Net Non Operating Interest Income Expense": 3500000.0,
        "Total Other Finance Cost": -3500000.0,
        "Interest Income Non Operating": NaN,
        "Operating Income": 82100000.0,
        "Operating Expense": 400900000.0,
        "Research And Development": 238500000.0,
        "Selling General And Administration": 162400000.0,
        "Selling And Marketing Expense": 105100000.0,
        "General And Administrative Expense": 57300000.0,
        "Other Gand A": 57300000.0,
        "Gross Profit": 483000000.0,
        "Cost Of Revenue": 115800000.0,
        "Total Revenue": 598800000.0,
        "Operating Revenue": 598800000.0
    },
    "2022-09-30": {
        "Tax Effect Of Unusual Items": -610997.96334,
        "Tax Rate For Calcs": 0.152749,
        "Normalized EBITDA": 136200000.0,
        "Total Unusual Items": -4000000.0,
        "Total Unusual Items Excluding Goodwill": -4000000.0,
        "Net Income From Continuing Operation Net Minority Interest": 83200000.0,
        "Reconciled Depreciation": 38900000.0,
        "Reconciled Cost Of Revenue": 109700000.0,
        "EBIT": 93300000.0,
        "Net Interest Income": 1700000.0,
        "Interest Income": 1700000.0,
        "Normalized Income": 86589002.03666,
        "Net Income From Continuing And Discontinued Operation": 83200000.0,
        "Total Expenses": 497700000.0,
        "Total Operating Income As Reported": 89300000.0,
        "Diluted Average Shares": 360100000.0,
        "Basic Average Shares": 358100000.0,
        "Diluted EPS": 0.23,
        "Basic EPS": 0.23,
        "Diluted NI Availto Com Stockholders": 83200000.0,
        "Average Dilution Earnings": 19100000.0,
        "Net Income Common Stockholders": 83200000.0,
        "Net Income": 83200000.0,
        "Net Income Including Noncontrolling Interests": 83200000.0,
        "Net Income Continuous Operations": 83200000.0,
        "Tax Provision": 15000000.0,
        "Pretax Income": 98200000.0,
        "Other Income Expense": 3200000.0,
        "Other Non Operating Income Expenses": 7200000.0,
        "Special Income Charges": -4000000.0,
        "Impairment Of Capital Assets": 4000000.0,
        "Net Non Operating Interest Income Expense": 1700000.0,
        "Total Other Finance Cost": -1700000.0,
        "Interest Income Non Operating": 1700000.0,
        "Operating Income": 93300000.0,
        "Operating Expense": 388000000.0,
        "Research And Development": 227600000.0,
        "Selling General And Administration": 160400000.0,
        "Selling And Marketing Expense": 103600000.0,
        "General And Administrative Expense": 56800000.0,
        "Other Gand A": 56800000.0,
        "Gross Profit": 481300000.0,
        "Cost Of Revenue": 109700000.0,
        "Total Revenue": 591000000.0,
        "Operating Revenue": 591000000.0
    },
    "2022-06-30": {
        "Tax Effect Of Unusual Items": -1880783.817952,
        "Tax Rate For Calcs": 0.216182,
        "Normalized EBITDA": 139500000.0,
        "Total Unusual Items": -8700000.0,
        "Total Unusual Items Excluding Goodwill": -8700000.0,
        "Net Income From Continuing Operation Net Minority Interest": 62000000.0,
        "Reconciled Depreciation": 39200000.0,
        "Reconciled Cost Of Revenue": 105800000.0,
        "EBIT": 91600000.0,
        "Net Interest Income": -500000.0,
        "Interest Income": NaN,
        "Normalized Income": 68819216.182048,
        "Net Income From Continuing And Discontinued Operation": 62000000.0,
        "Total Expenses": 481100000.0,
        "Total Operating Income As Reported": 82900000.0,
        "Diluted Average Shares": 365700000.0,
        "Basic Average Shares": 364100000.0,
        "Diluted EPS": 0.17,
        "Basic EPS": 0.17,
        "Diluted NI Availto Com Stockholders": 62000000.0,
        "Average Dilution Earnings": NaN,
        "Net Income Common Stockholders": 62000000.0,
        "Net Income": 62000000.0,
        "Net Income Including Noncontrolling Interests": 62000000.0,
        "Net Income Continuous Operations": 62000000.0,
        "Tax Provision": 17100000.0,
        "Pretax Income": 79100000.0,
        "Other Income Expense": -12000000.0,
        "Other Non Operating Income Expenses": -3300000.0,
        "Special Income Charges": -8700000.0,
        "Impairment Of Capital Assets": 8700000.0,
        "Net Non Operating Interest Income Expense": -500000.0,
        "Total Other Finance Cost": 500000.0,
        "Interest Income Non Operating": NaN,
        "Operating Income": 91600000.0,
        "Operating Expense": 375300000.0,
        "Research And Development": 215000000.0,
        "Selling General And Administration": 160300000.0,
        "Selling And Marketing Expense": 105000000.0,
        "General And Administrative Expense": 55300000.0,
        "Other Gand A": 55300000.0,
        "Gross Profit": 466900000.0,
        "Cost Of Revenue": 105800000.0,
        "Total Revenue": 572700000.0,
        "Operating Revenue": 572700000.0
    },
    "2022-03-31": {
        "Diluted EPS": 0.21,
        "Total Revenue": 562,
        "Gross Profit": 450,
        "Operating Income": 90,
        "EBIT": 139,
        "Net Income": 80
    },
    "2021-12-31": {
        "Diluted EPS": 0.32,
        "Total Revenue": 566,
        "Gross Profit": 450,
        "Operating Income": 70,
        "EBIT": 121,
        "Net Income": 125
    },
    "2021-09-30": {
        "Diluted EPS": 0.19,
        "Total Revenue": 550,
        "Gross Profit": 438,
        "Operating Income": 77,
        "EBIT": 125,
        "Net Income": 76
    },
    "2021-06-30": {
        "Diluted EPS": 0.22,
        "Total Revenue": 531,
        "Gross Profit": 424,
        "Operating Income": 84,
        "EBIT": 130,
        "Net Income": 88
    },
    "2021-03-31": {
        "Diluted EPS": 0.12,
        "Total Revenue": 512,
        "Gross Profit": 402,
        "Operating Income": 43,
        "EBIT": 86,
        "Net Income": 48
    },
    "2020-12-31": {
        "Diluted EPS": -0.83,
        "Total Revenue": 504,
        "Gross Profit": 398,
        "Operating Income": -347,
        "EBIT": -301,
        "Net Income": -346
    },
    "2020-09-30": {
        "Diluted EPS": 0.08,
        "Total Revenue": 487,
        "Gross Profit": 384,
        "Operating Income": 30,
        "EBIT": 78,
        "Net Income": 33
    },
    "2020-06-30": {
        "Diluted EPS": 0.04,
        "Total Revenue": 467,
        "Gross Profit": 365,
        "Operating Income": 13,
        "EBIT": 59,
        "Net Income": 18
    },
    "2020-03-31": {
        "Diluted EPS": 0.09,
        "Total Revenue": 455,
        "Gross Profit": 352,
        "Operating Income": 27,
        "EBIT": 72,
        "Net Income": 39
    },
    "2019-12-31": {
        "Diluted EPS": -0.02,
        "Total Revenue": 446,
        "Gross Profit": 341,
        "Operating Income": -7,
        "EBIT": 40,
        "Net Income": -7
    },
    "2019-09-30": {
        "Diluted EPS": -0.04,
        "Total Revenue": 428,
        "Gross Profit": 323,
        "Operating Income": -19,
        "EBIT": 27,
        "Net Income": -17
    },
    "2019-06-30": {
        "Diluted EPS": -0.05,
        "Total Revenue": 402,
        "Gross Profit": 299,
        "Operating Income": -34,
        "EBIT": 16,
        "Net Income": -21
    },
    "2019-03-31": {
        "Diluted EPS": -0.02,
        "Total Revenue": 386,
        "Gross Profit": 287,
        "Operating Income": -21,
        "EBIT": 28,
        "Net Income": -8
    },
    "2018-12-31": {
        "Diluted EPS": 0.8,
        "Total Revenue": 376,
        "Gross Profit": 282,
        "Operating Income": -12,
        "EBIT": 37,
        "Net Income": -10
    },
    "2018-09-30": {
        "Diluted EPS": -0.01,
        "Total Revenue": 360,
        "Gross Profit": 270,
        "Operating Income": -9,
        "EBIT": 40,
        "Net Income": -6
    },
    "2018-06-30": {
        "Diluted EPS": -0.01,
        "Total Revenue": 339,
        "Gross Profit": 250,
        "Operating Income": -7,
        "EBIT": 36,
        "Net Income": -4
    },
    "2018-03-31": {
        "Diluted EPS": -2.13,
        "Total Revenue": 316,
        "Gross Profit": 196,
        "Operating Income": -466,
        "EBIT": -428,
        "Net Income": -466
    },
    "2017-12-31": {
        "Diluted EPS": -0.19,
        "Total Revenue": 306,
        "Gross Profit": 214,
        "Operating Income": -37,
        "EBIT": 8,
        "Net Income": -38
    },
    "2017-09-30": {
        "Diluted EPS": -0.07,
        "Total Revenue": 287,
        "Gross Profit": 195,
        "Operating Income": -16,
        "EBIT": 30,
        "Net Income": -14
    },
    "2017-06-30": {
        "Diluted EPS": -0.14,
        "Total Revenue": 267,
        "Gross Profit": 175,
        "Operating Income": -27,
        "EBIT": 21,
        "Net Income": -27
    },
    "2017-03-31": {
        "Diluted EPS": -0.17,
        "Total Revenue": 248,
        "Gross Profit": 154,
        "Operating Income": -33,
        "EBIT": 16,
        "Net Income": -33
    },
    "2016-12-31": {
        "Diluted EPS": 0.0,
        "Total Revenue": NaN,
        "Gross Profit": NaN,
        "Operating Income": NaN,
        "EBIT": NaN,
        "Net Income": NaN
    },
    "2015-12-31": {
        "Diluted EPS": 0.0,
        "Total Revenue": NaN,
        "Gross Profit": NaN,
        "Operating Income": NaN,
        "EBIT": NaN,
        "Net Income": NaN
    }
}