{
    "2023-03-31": {
        "Tax Effect Of Unusual Items": NaN,
        "Tax Rate For Calcs": NaN,
        "Normalized EBITDA": NaN,
        "Total Unusual Items": NaN,
        "Total Unusual Items Excluding Goodwill": NaN,
        "Net Income From Continuing Operation Net Minority Interest": NaN,
        "Reconciled Depreciation": NaN,
        "Reconciled Cost Of Revenue": NaN,
        "EBITDA": NaN,
        "EBIT": NaN,
        "Net Interest Income": NaN,
        "Interest Expense": NaN,
        "Interest Income": NaN,
        "Normalized Income": NaN,
        "Net Income From Continuing And Discontinued Operation": NaN,
        "Total Expenses": NaN,
        "Total Operating Income As Reported": NaN,
        "Diluted Average Shares": NaN,
        "Basic Average Shares": NaN,
        "Diluted EPS": NaN,
        "Basic EPS": NaN,
        "Diluted NI Availto Com Stockholders": NaN,
        "Net Income Common Stockholders": NaN,
        "Net Income": NaN,
        "Net Income Including Noncontrolling Interests": NaN,
        "Net Income Continuous Operations": NaN,
        "Tax Provision": NaN,
        "Pretax Income": NaN,
        "Other Income Expense": NaN,
        "Other Non Operating Income Expenses": -183000.0,
        "Gain On Sale Of Security": NaN,
        "Net Non Operating Interest Income Expense": NaN,
        "Total Other Finance Cost": NaN,
        "Interest Expense Non Operating": NaN,
        "Interest Income Non Operating": NaN,
        "Operating Income": NaN,
        "Operating Expense": NaN,
        "Depreciation Amortization Depletion Income Statement": NaN,
        "Depreciation And Amortization In Income Statement": NaN,
        "Research And Development": NaN,
        "Selling General And Administration": NaN,
        "Selling And Marketing Expense": NaN,
        "General And Administrative Expense": NaN,
        "Other Gand A": NaN,
        "Salaries And Wages": NaN,
        "Gross Profit": NaN,
        "Cost Of Revenue": NaN,
        "Total Revenue": NaN,
        "Operating Revenue": NaN
    },
    "2022-12-31": {
        "Tax Effect Of Unusual Items": NaN,
        "Tax Rate For Calcs": NaN,
        "Normalized EBITDA": NaN,
        "Total Unusual Items": NaN,
        "Total Unusual Items Excluding Goodwill": NaN,
        "Net Income From Continuing Operation Net Minority Interest": NaN,
        "Reconciled Depreciation": NaN,
        "Reconciled Cost Of Revenue": NaN,
        "EBITDA": NaN,
        "EBIT": NaN,
        "Net Interest Income": NaN,
        "Interest Expense": NaN,
        "Interest Income": NaN,
        "Normalized Income": NaN,
        "Net Income From Continuing And Discontinued Operation": NaN,
        "Total Expenses": NaN,
        "Total Operating Income As Reported": NaN,
        "Diluted Average Shares": NaN,
        "Basic Average Shares": NaN,
        "Diluted EPS": NaN,
        "Basic EPS": NaN,
        "Diluted NI Availto Com Stockholders": NaN,
        "Net Income Common Stockholders": NaN,
        "Net Income": NaN,
        "Net Income Including Noncontrolling Interests": NaN,
        "Net Income Continuous Operations": NaN,
        "Tax Provision": NaN,
        "Pretax Income": NaN,
        "Other Income Expense": NaN,
        "Other Non Operating Income Expenses": NaN,
        "Gain On Sale Of Security": NaN,
        "Net Non Operating Interest Income Expense": NaN,
        "Total Other Finance Cost": 22000.0,
        "Interest Expense Non Operating": NaN,
        "Interest Income Non Operating": NaN,
        "Operating Income": NaN,
        "Operating Expense": NaN,
        "Depreciation Amortization Depletion Income Statement": NaN,
        "Depreciation And Amortization In Income Statement": NaN,
        "Research And Development": NaN,
        "Selling General And Administration": NaN,
        "Selling And Marketing Expense": NaN,
        "General And Administrative Expense": NaN,
        "Other Gand A": NaN,
        "Salaries And Wages": NaN,
        "Gross Profit": NaN,
        "Cost Of Revenue": NaN,
        "Total Revenue": NaN,
        "Operating Revenue": NaN
    },
    "2022-09-30": {
        "Tax Effect Of Unusual Items": 93570.739705,
        "Tax Rate For Calcs": 0.009162,
        "Normalized EBITDA": 811000.0,
        "Total Unusual Items": 10213000.0,
        "Total Unusual Items Excluding Goodwill": 10213000.0,
        "Net Income From Continuing Operation Net Minority Interest": 10274000.0,
        "Reconciled Depreciation": 564000.0,
        "Reconciled Cost Of Revenue": 7140000.0,
        "EBITDA": 11024000.0,
        "EBIT": 10460000.0,
        "Net Interest Income": 1325000.0,
        "Interest Expense": 91000.0,
        "Interest Income": 1416000.0,
        "Normalized Income": 154570.739705,
        "Net Income From Continuing And Discontinued Operation": 10274000.0,
        "Total Expenses": 38156000.0,
        "Total Operating Income As Reported": 9023000.0,
        "Diluted Average Shares": 34069688.0,
        "Basic Average Shares": 33044250.0,
        "Diluted EPS": 0.3,
        "Basic EPS": 0.31,
        "Diluted NI Availto Com Stockholders": 10274000.0,
        "Net Income Common Stockholders": 10274000.0,
        "Net Income": 10274000.0,
        "Net Income Including Noncontrolling Interests": 10274000.0,
        "Net Income Continuous Operations": 10274000.0,
        "Tax Provision": 95000.0,
        "Pretax Income": 10369000.0,
        "Other Income Expense": 10234000.0,
        "Other Non Operating Income Expenses": 21000.0,
        "Gain On Sale Of Security": 10213000.0,
        "Net Non Operating Interest Income Expense": 1325000.0,
        "Total Other Finance Cost": NaN,
        "Interest Expense Non Operating": 91000.0,
        "Interest Income Non Operating": 1416000.0,
        "Operating Income": -1190000.0,
        "Operating Expense": 31016000.0,
        "Depreciation Amortization Depletion Income Statement": 564000.0,
        "Depreciation And Amortization In Income Statement": 564000.0,
        "Research And Development": 6105000.0,
        "Selling General And Administration": 24347000.0,
        "Selling And Marketing Expense": 15523000.0,
        "General And Administrative Expense": 8824000.0,
        "Other Gand A": 7824000.0,
        "Salaries And Wages": 1000000.0,
        "Gross Profit": 29826000.0,
        "Cost Of Revenue": 7140000.0,
        "Total Revenue": 36966000.0,
        "Operating Revenue": 36966000.0
    },
    "2022-06-30": {
        "Tax Effect Of Unusual Items": 707792.85134,
        "Tax Rate For Calcs": 0.145816,
        "Normalized EBITDA": -1697000.0,
        "Total Unusual Items": 4854000.0,
        "Total Unusual Items Excluding Goodwill": 4854000.0,
        "Net Income From Continuing Operation Net Minority Interest": 2103000.0,
        "Reconciled Depreciation": 587000.0,
        "Reconciled Cost Of Revenue": 6979000.0,
        "EBITDA": 3157000.0,
        "EBIT": 2570000.0,
        "Net Interest Income": 333000.0,
        "Interest Expense": 108000.0,
        "Interest Income": 443000.0,
        "Normalized Income": -2043207.14866,
        "Net Income From Continuing And Discontinued Operation": 2103000.0,
        "Total Expenses": 37683000.0,
        "Total Operating Income As Reported": 2107000.0,
        "Diluted Average Shares": 34019120.0,
        "Basic Average Shares": 33022813.0,
        "Diluted EPS": 0.06,
        "Basic EPS": 0.06,
        "Diluted NI Availto Com Stockholders": 2103000.0,
        "Net Income Common Stockholders": 2103000.0,
        "Net Income": 2103000.0,
        "Net Income Including Noncontrolling Interests": 2103000.0,
        "Net Income Continuous Operations": 2103000.0,
        "Tax Provision": 359000.0,
        "Pretax Income": 2462000.0,
        "Other Income Expense": 4876000.0,
        "Other Non Operating Income Expenses": 22000.0,
        "Gain On Sale Of Security": 4854000.0,
        "Net Non Operating Interest Income Expense": 333000.0,
        "Total Other Finance Cost": 2000.0,
        "Interest Expense Non Operating": 108000.0,
        "Interest Income Non Operating": 443000.0,
        "Operating Income": -2747000.0,
        "Operating Expense": 30704000.0,
        "Depreciation Amortization Depletion Income Statement": 587000.0,
        "Depreciation And Amortization In Income Statement": 587000.0,
        "Research And Development": 6110000.0,
        "Selling General And Administration": 24007000.0,
        "Selling And Marketing Expense": 14880000.0,
        "General And Administrative Expense": 9127000.0,
        "Other Gand A": 7597000.0,
        "Salaries And Wages": 1530000.0,
        "Gross Profit": 27957000.0,
        "Cost Of Revenue": 6979000.0,
        "Total Revenue": 34936000.0,
        "Operating Revenue": 34936000.0
    },
    "2022-03-31": {
        "Diluted EPS": -0.21,
        "Total Revenue": 32,
        "Gross Profit": 26,
        "Operating Income": -7,
        "EBIT": -6,
        "Net Income": -7
    },
    "2021-12-31": {
        "Diluted EPS": -0.04,
        "Total Revenue": 30,
        "Gross Profit": 24,
        "Operating Income": -3,
        "EBIT": -2,
        "Net Income": -1
    },
    "2021-09-30": {
        "Diluted EPS": 0.02,
        "Total Revenue": 27,
        "Gross Profit": 21,
        "Operating Income": 1,
        "EBIT": 2,
        "Net Income": 1
    },
    "2021-06-30": {
        "Diluted EPS": -0.22,
        "Total Revenue": 26,
        "Gross Profit": 20,
        "Operating Income": -6,
        "EBIT": -6,
        "Net Income": -7
    },
    "2021-03-31": {
        "Diluted EPS": -0.17,
        "Total Revenue": 22,
        "Gross Profit": 18,
        "Operating Income": -6,
        "EBIT": -5,
        "Net Income": -6
    },
    "2020-12-31": {
        "Diluted EPS": 0.0,
        "Total Revenue": NaN,
        "Gross Profit": NaN,
        "Operating Income": NaN,
        "EBIT": NaN,
        "Net Income": NaN
    },
    "2023-06-30": {
        "Tax Effect Of Unusual Items": -1742000.0,
        "Tax Rate For Calcs": 0.4,
        "Normalized EBITDA": 136000.0,
        "Total Unusual Items": -4355000.0,
        "Total Unusual Items Excluding Goodwill": -4355000.0,
        "Net Income From Continuing Operation Net Minority Interest": -5674000.0,
        "Reconciled Depreciation": 824000.0,
        "Reconciled Cost Of Revenue": 8410000.0,
        "EBITDA": -4219000.0,
        "EBIT": -5043000.0,
        "Net Interest Income": 2406000.0,
        "Interest Expense": 73000.0,
        "Interest Income": 2479000.0,
        "Normalized Income": -3061000.0,
        "Net Income From Continuing And Discontinued Operation": -5674000.0,
        "Total Expenses": 46761000.0,
        "Total Operating Income As Reported": -7522000.0,
        "Diluted Average Shares": 33151370.0,
        "Basic Average Shares": 33151370.0,
        "Diluted EPS": -0.17,
        "Basic EPS": -0.17,
        "Diluted NI Availto Com Stockholders": -5674000.0,
        "Net Income Common Stockholders": -5674000.0,
        "Net Income": -5674000.0,
        "Net Income Including Noncontrolling Interests": -5674000.0,
        "Net Income Continuous Operations": -5674000.0,
        "Tax Provision": 558000.0,
        "Pretax Income": -5116000.0,
        "Other Income Expense": -4355000.0,
        "Other Non Operating Income Expenses": NaN,
        "Gain On Sale Of Security": -4355000.0,
        "Net Non Operating Interest Income Expense": 2406000.0,
        "Total Other Finance Cost": NaN,
        "Interest Expense Non Operating": 73000.0,
        "Interest Income Non Operating": 2479000.0,
        "Operating Income": -3167000.0,
        "Operating Expense": 38351000.0,
        "Depreciation Amortization Depletion Income Statement": 824000.0,
        "Depreciation And Amortization In Income Statement": 824000.0,
        "Research And Development": 8808000.0,
        "Selling General And Administration": 28719000.0,
        "Selling And Marketing Expense": 18048000.0,
        "General And Administrative Expense": 10671000.0,
        "Other Gand A": 9345000.0,
        "Salaries And Wages": 1326000.0,
        "Gross Profit": 35184000.0,
        "Cost Of Revenue": 8410000.0,
        "Total Revenue": 43594000.0,
        "Operating Revenue": 43594000.0
    },
    "2023-09-30": {
        "Tax Effect Of Unusual Items": 611166.534496,
        "Tax Rate For Calcs": 0.197661,
        "Normalized EBITDA": 3087000.0,
        "Total Unusual Items": 3092000.0,
        "Total Unusual Items Excluding Goodwill": 3092000.0,
        "Net Income From Continuing Operation Net Minority Interest": 4047000.0,
        "Reconciled Depreciation": 1056000.0,
        "Reconciled Cost Of Revenue": 8779000.0,
        "EBITDA": 6179000.0,
        "EBIT": 5123000.0,
        "Net Interest Income": 1933000.0,
        "Interest Expense": 79000.0,
        "Interest Income": 2012000.0,
        "Normalized Income": 1566166.534496,
        "Net Income From Continuing And Discontinued Operation": 4047000.0,
        "Total Expenses": 46489000.0,
        "Total Operating Income As Reported": 3109000.0,
        "Diluted Average Shares": 33513101.0,
        "Basic Average Shares": 32474975.0,
        "Diluted EPS": 0.12,
        "Basic EPS": 0.12,
        "Diluted NI Availto Com Stockholders": 4047000.0,
        "Net Income Common Stockholders": 4047000.0,
        "Net Income": 4047000.0,
        "Net Income Including Noncontrolling Interests": 4047000.0,
        "Net Income Continuous Operations": 4047000.0,
        "Tax Provision": 997000.0,
        "Pretax Income": 5044000.0,
        "Other Income Expense": 3094000.0,
        "Other Non Operating Income Expenses": 2000.0,
        "Gain On Sale Of Security": 3092000.0,
        "Net Non Operating Interest Income Expense": 1933000.0,
        "Total Other Finance Cost": NaN,
        "Interest Expense Non Operating": 79000.0,
        "Interest Income Non Operating": 2012000.0,
        "Operating Income": 17000.0,
        "Operating Expense": 37710000.0,
        "Depreciation Amortization Depletion Income Statement": 1056000.0,
        "Depreciation And Amortization In Income Statement": 1056000.0,
        "Research And Development": 10271000.0,
        "Selling General And Administration": 26383000.0,
        "Selling And Marketing Expense": 16221000.0,
        "General And Administrative Expense": 10162000.0,
        "Other Gand A": 8317000.0,
        "Salaries And Wages": 1845000.0,
        "Gross Profit": 37727000.0,
        "Cost Of Revenue": 8779000.0,
        "Total Revenue": 46506000.0,
        "Operating Revenue": 46506000.0
    },
    "2023-12-31": {
        "Tax Effect Of Unusual Items": -49716.012085,
        "Tax Rate For Calcs": 0.026586,
        "Normalized EBITDA": 5803000.0,
        "Total Unusual Items": -1870000.0,
        "Total Unusual Items Excluding Goodwill": -1870000.0,
        "Net Income From Continuing Operation Net Minority Interest": 3222000.0,
        "Reconciled Depreciation": 554000.0,
        "Reconciled Cost Of Revenue": 9255000.0,
        "EBITDA": 3933000.0,
        "EBIT": 3379000.0,
        "Net Interest Income": 1076000.0,
        "Interest Expense": 69000.0,
        "Interest Income": 1231000.0,
        "Normalized Income": 5042283.987915,
        "Net Income From Continuing And Discontinued Operation": 3222000.0,
        "Total Expenses": 45176000.0,
        "Total Operating Income As Reported": 1079000.0,
        "Diluted Average Shares": 32858853.0,
        "Basic Average Shares": 31900115.0,
        "Diluted EPS": 0.1,
        "Basic EPS": 0.1,
        "Diluted NI Availto Com Stockholders": 3222000.0,
        "Net Income Common Stockholders": 3222000.0,
        "Net Income": 3222000.0,
        "Net Income Including Noncontrolling Interests": 3222000.0,
        "Net Income Continuous Operations": 3222000.0,
        "Tax Provision": 88000.0,
        "Pretax Income": 3310000.0,
        "Other Income Expense": -1870000.0,
        "Other Non Operating Income Expenses": 0.0,
        "Gain On Sale Of Security": -3025000.0,
        "Net Non Operating Interest Income Expense": 1076000.0,
        "Total Other Finance Cost": NaN,
        "Interest Expense Non Operating": 69000.0,
        "Interest Income Non Operating": 1231000.0,
        "Operating Income": 4104000.0,
        "Operating Expense": 35921000.0,
        "Depreciation Amortization Depletion Income Statement": 554000.0,
        "Depreciation And Amortization In Income Statement": 554000.0,
        "Research And Development": 9023000.0,
        "Selling General And Administration": 26344000.0,
        "Selling And Marketing Expense": 16163000.0,
        "General And Administrative Expense": 10181000.0,
        "Other Gand A": 8570000.0,
        "Salaries And Wages": 1611000.0,
        "Gross Profit": 40025000.0,
        "Cost Of Revenue": 9255000.0,
        "Total Revenue": 49280000.0,
        "Operating Revenue": 49280000.0
    },
    "2024-03-31": {
        "Tax Effect Of Unusual Items": 75000.0,
        "Tax Rate For Calcs": 0.15,
        "Normalized EBITDA": 5142000.0,
        "Total Unusual Items": 500000.0,
        "Total Unusual Items Excluding Goodwill": 500000.0,
        "Net Income From Continuing Operation Net Minority Interest": 5169000.0,
        "Reconciled Depreciation": 818000.0,
        "Reconciled Cost Of Revenue": 9926000.0,
        "EBITDA": 5642000.0,
        "EBIT": 4824000.0,
        "Net Interest Income": 545000.0,
        "Interest Expense": 51000.0,
        "Interest Income": 596000.0,
        "Normalized Income": 4744000.0,
        "Net Income From Continuing And Discontinued Operation": 5169000.0,
        "Total Expenses": 47676000.0,
        "Total Operating Income As Reported": 4227000.0,
        "Diluted Average Shares": 31044036.0,
        "Basic Average Shares": 30319606.0,
        "Diluted EPS": 0.17,
        "Basic EPS": 0.17,
        "Diluted NI Availto Com Stockholders": 5169000.0,
        "Net Income Common Stockholders": 5169000.0,
        "Net Income": 5169000.0,
        "Net Income Including Noncontrolling Interests": 5169000.0,
        "Net Income Continuous Operations": 5169000.0,
        "Tax Provision": -396000.0,
        "Pretax Income": 4773000.0,
        "Other Income Expense": 501000.0,
        "Other Non Operating Income Expenses": 1000.0,
        "Gain On Sale Of Security": 500000.0,
        "Net Non Operating Interest Income Expense": 545000.0,
        "Total Other Finance Cost": NaN,
        "Interest Expense Non Operating": 51000.0,
        "Interest Income Non Operating": 596000.0,
        "Operating Income": 3727000.0,
        "Operating Expense": 37750000.0,
        "Depreciation Amortization Depletion Income Statement": 818000.0,
        "Depreciation And Amortization In Income Statement": 818000.0,
        "Research And Development": 10412000.0,
        "Selling General And Administration": 26520000.0,
        "Selling And Marketing Expense": 16433000.0,
        "General And Administrative Expense": 10087000.0,
        "Other Gand A": 8155000.0,
        "Salaries And Wages": 1932000.0,
        "Gross Profit": 41477000.0,
        "Cost Of Revenue": 9926000.0,
        "Total Revenue": 51403000.0,
        "Operating Revenue": 51403000.0
    },
    "2024-06-30": {
        "Tax Effect Of Unusual Items": 30357.142857,
        "Tax Rate For Calcs": 0.097926,
        "Normalized EBITDA": 5770000.0,
        "Total Unusual Items": 310000.0,
        "Total Unusual Items Excluding Goodwill": 310000.0,
        "Net Income From Continuing Operation Net Minority Interest": 4698000.0,
        "Reconciled Depreciation": 824000.0,
        "Reconciled Cost Of Revenue": 10257000.0,
        "EBITDA": 6080000.0,
        "EBIT": 5256000.0,
        "Net Interest Income": 671000.0,
        "Interest Expense": 48000.0,
        "Interest Income": 719000.0,
        "Normalized Income": 4418357.142857,
        "Net Income From Continuing And Discontinued Operation": 4698000.0,
        "Total Expenses": 48841000.0,
        "Total Operating Income As Reported": 4523000.0,
        "Diluted Average Shares": 31059307.0,
        "Basic Average Shares": 30350110.0,
        "Diluted EPS": 0.15,
        "Basic EPS": 0.15,
        "Diluted NI Availto Com Stockholders": 4698000.0,
        "Net Income Common Stockholders": 4698000.0,
        "Net Income": 4698000.0,
        "Net Income Including Noncontrolling Interests": 4698000.0,
        "Net Income Continuous Operations": 4698000.0,
        "Tax Provision": 510000.0,
        "Pretax Income": 5208000.0,
        "Other Income Expense": 324000.0,
        "Other Non Operating Income Expenses": 14000.0,
        "Gain On Sale Of Security": 310000.0,
        "Net Non Operating Interest Income Expense": 671000.0,
        "Total Other Finance Cost": NaN,
        "Interest Expense Non Operating": 48000.0,
        "Interest Income Non Operating": 719000.0,
        "Operating Income": 4213000.0,
        "Operating Expense": 38584000.0,
        "Depreciation Amortization Depletion Income Statement": 824000.0,
        "Depreciation And Amortization In Income Statement": 824000.0,
        "Research And Development": 10766000.0,
        "Selling General And Administration": 26994000.0,
        "Selling And Marketing Expense": 16895000.0,
        "General And Administrative Expense": 10099000.0,
        "Other Gand A": 8176000.0,
        "Salaries And Wages": 1923000.0,
        "Gross Profit": 42797000.0,
        "Cost Of Revenue": 10257000.0,
        "Total Revenue": 53054000.0,
        "Operating Revenue": 53054000.0
    }
}