{
    "2023-03-31": {
        "Tax Effect Of Unusual Items": NaN,
        "Tax Rate For Calcs": NaN,
        "Normalized EBITDA": NaN,
        "Total Unusual Items": NaN,
        "Total Unusual Items Excluding Goodwill": NaN,
        "Net Income From Continuing Operation Net Minority Interest": NaN,
        "Reconciled Depreciation": NaN,
        "Reconciled Cost Of Revenue": NaN,
        "EBITDA": NaN,
        "EBIT": NaN,
        "Net Interest Income": NaN,
        "Interest Expense": NaN,
        "Interest Income": 809172.0,
        "Normalized Income": NaN,
        "Net Income From Continuing And Discontinued Operation": NaN,
        "Total Expenses": NaN,
        "Total Operating Income As Reported": NaN,
        "Diluted Average Shares": NaN,
        "Basic Average Shares": NaN,
        "Diluted EPS": NaN,
        "Basic EPS": NaN,
        "Diluted NI Availto Com Stockholders": NaN,
        "Net Income Common Stockholders": NaN,
        "Net Income": NaN,
        "Minority Interests": NaN,
        "Net Income Including Noncontrolling Interests": NaN,
        "Net Income Continuous Operations": NaN,
        "Tax Provision": NaN,
        "Pretax Income": NaN,
        "Other Income Expense": NaN,
        "Other Non Operating Income Expenses": NaN,
        "Special Income Charges": NaN,
        "Gain On Sale Of Ppe": NaN,
        "Restructuring And Mergern Acquisition": NaN,
        "Earnings From Equity Interest": NaN,
        "Net Non Operating Interest Income Expense": NaN,
        "Total Other Finance Cost": -809172.0,
        "Interest Expense Non Operating": NaN,
        "Interest Income Non Operating": 809172.0,
        "Operating Income": NaN,
        "Operating Expense": NaN,
        "Depreciation Amortization Depletion Income Statement": NaN,
        "Depreciation And Amortization In Income Statement": NaN,
        "Research And Development": NaN,
        "Selling General And Administration": NaN,
        "Selling And Marketing Expense": NaN,
        "General And Administrative Expense": NaN,
        "Other Gand A": NaN,
        "Gross Profit": NaN,
        "Cost Of Revenue": NaN,
        "Total Revenue": NaN,
        "Operating Revenue": NaN
    },
    "2022-12-31": {
        "Tax Effect Of Unusual Items": NaN,
        "Tax Rate For Calcs": NaN,
        "Normalized EBITDA": NaN,
        "Total Unusual Items": NaN,
        "Total Unusual Items Excluding Goodwill": NaN,
        "Net Income From Continuing Operation Net Minority Interest": NaN,
        "Reconciled Depreciation": NaN,
        "Reconciled Cost Of Revenue": NaN,
        "EBITDA": NaN,
        "EBIT": NaN,
        "Net Interest Income": NaN,
        "Interest Expense": NaN,
        "Interest Income": NaN,
        "Normalized Income": NaN,
        "Net Income From Continuing And Discontinued Operation": NaN,
        "Total Expenses": NaN,
        "Total Operating Income As Reported": NaN,
        "Diluted Average Shares": NaN,
        "Basic Average Shares": NaN,
        "Diluted EPS": NaN,
        "Basic EPS": NaN,
        "Diluted NI Availto Com Stockholders": NaN,
        "Net Income Common Stockholders": NaN,
        "Net Income": NaN,
        "Minority Interests": NaN,
        "Net Income Including Noncontrolling Interests": NaN,
        "Net Income Continuous Operations": NaN,
        "Tax Provision": NaN,
        "Pretax Income": NaN,
        "Other Income Expense": NaN,
        "Other Non Operating Income Expenses": NaN,
        "Special Income Charges": NaN,
        "Gain On Sale Of Ppe": NaN,
        "Restructuring And Mergern Acquisition": NaN,
        "Earnings From Equity Interest": NaN,
        "Gain On Sale Of Security": -9682.0,
        "Net Non Operating Interest Income Expense": NaN,
        "Total Other Finance Cost": -465794.0,
        "Interest Expense Non Operating": NaN,
        "Interest Income Non Operating": NaN,
        "Operating Income": NaN,
        "Operating Expense": NaN,
        "Depreciation Amortization Depletion Income Statement": NaN,
        "Depreciation And Amortization In Income Statement": NaN,
        "Research And Development": NaN,
        "Selling General And Administration": NaN,
        "Selling And Marketing Expense": NaN,
        "General And Administrative Expense": NaN,
        "Other Gand A": NaN,
        "Gross Profit": NaN,
        "Cost Of Revenue": NaN,
        "Total Revenue": NaN,
        "Operating Revenue": NaN
    },
    "2022-09-30": {
        "Tax Effect Of Unusual Items": NaN,
        "Tax Rate For Calcs": NaN,
        "Normalized EBITDA": NaN,
        "Total Unusual Items": NaN,
        "Total Unusual Items Excluding Goodwill": NaN,
        "Net Income From Continuing Operation Net Minority Interest": NaN,
        "Reconciled Depreciation": NaN,
        "Reconciled Cost Of Revenue": NaN,
        "EBITDA": NaN,
        "EBIT": NaN,
        "Net Interest Income": NaN,
        "Interest Expense": NaN,
        "Interest Income": 334221.0,
        "Normalized Income": NaN,
        "Net Income From Continuing And Discontinued Operation": NaN,
        "Total Expenses": NaN,
        "Total Operating Income As Reported": NaN,
        "Diluted Average Shares": NaN,
        "Basic Average Shares": NaN,
        "Diluted EPS": NaN,
        "Basic EPS": NaN,
        "Diluted NI Availto Com Stockholders": NaN,
        "Net Income Common Stockholders": NaN,
        "Net Income": NaN,
        "Minority Interests": NaN,
        "Net Income Including Noncontrolling Interests": NaN,
        "Net Income Continuous Operations": NaN,
        "Tax Provision": NaN,
        "Pretax Income": NaN,
        "Other Income Expense": NaN,
        "Other Non Operating Income Expenses": NaN,
        "Special Income Charges": NaN,
        "Gain On Sale Of Ppe": NaN,
        "Restructuring And Mergern Acquisition": 0.0,
        "Earnings From Equity Interest": NaN,
        "Gain On Sale Of Security": -1831947.0,
        "Net Non Operating Interest Income Expense": NaN,
        "Total Other Finance Cost": -334221.0,
        "Interest Expense Non Operating": NaN,
        "Interest Income Non Operating": 334221.0,
        "Operating Income": NaN,
        "Operating Expense": NaN,
        "Depreciation Amortization Depletion Income Statement": NaN,
        "Depreciation And Amortization In Income Statement": NaN,
        "Research And Development": NaN,
        "Selling General And Administration": NaN,
        "Selling And Marketing Expense": NaN,
        "General And Administrative Expense": NaN,
        "Other Gand A": NaN,
        "Gross Profit": NaN,
        "Cost Of Revenue": NaN,
        "Total Revenue": NaN,
        "Operating Revenue": NaN
    },
    "2022-06-30": {
        "Tax Effect Of Unusual Items": 80638.330575,
        "Tax Rate For Calcs": 0.026633,
        "Normalized EBITDA": 6467762.0,
        "Total Unusual Items": 3027766.0,
        "Total Unusual Items Excluding Goodwill": 3027766.0,
        "Net Income From Continuing Operation Net Minority Interest": 12735653.0,
        "Reconciled Depreciation": 2037771.0,
        "Reconciled Cost Of Revenue": 70176462.0,
        "EBITDA": 9495528.0,
        "EBIT": 7457757.0,
        "Net Interest Income": 98276.0,
        "Normalized Income": 9788525.330575,
        "Net Income From Continuing And Discontinued Operation": 12735653.0,
        "Total Expenses": 102061547.0,
        "Total Operating Income As Reported": 7457757.0,
        "Diluted Average Shares": 115279676.0,
        "Basic Average Shares": 99303948.0,
        "Diluted EPS": 0.11,
        "Basic EPS": 0.13,
        "Diluted NI Availto Com Stockholders": 12735653.0,
        "Net Income Common Stockholders": 12735653.0,
        "Net Income": 12735653.0,
        "Minority Interests": 979791.0,
        "Net Income Including Noncontrolling Interests": 11755862.0,
        "Net Income Continuous Operations": 11755862.0,
        "Tax Provision": 321660.0,
        "Pretax Income": 12077522.0,
        "Other Income Expense": 4521489.0,
        "Other Non Operating Income Expenses": 1403913.0,
        "Special Income Charges": 0.0,
        "Gain On Sale Of Ppe": 0.0,
        "Earnings From Equity Interest": 89810.0,
        "Gain On Sale Of Security": 3027766.0,
        "Net Non Operating Interest Income Expense": 98276.0,
        "Total Other Finance Cost": -98276.0,
        "Operating Income": 7457757.0,
        "Operating Expense": 31885085.0,
        "Depreciation Amortization Depletion Income Statement": 2037771.0,
        "Depreciation And Amortization In Income Statement": 2037771.0,
        "Research And Development": 1148320.0,
        "Selling General And Administration": 28698994.0,
        "Selling And Marketing Expense": 1000100.0,
        "General And Administrative Expense": 27698894.0,
        "Other Gand A": 27698894.0,
        "Gross Profit": 39342842.0,
        "Cost Of Revenue": 70176462.0,
        "Total Revenue": 109519304.0,
        "Operating Revenue": 109519304.0
    },
    "2022-03-31": {
        "Diluted EPS": 0.09,
        "Total Revenue": 118,
        "Gross Profit": 40,
        "Operating Income": 10,
        "EBIT": 12,
        "Net Income": 11
    },
    "2021-12-31": {
        "Diluted EPS": 18.43,
        "Total Revenue": 121,
        "Gross Profit": 49,
        "Operating Income": 15,
        "EBIT": 17,
        "Net Income": 24
    },
    "2021-09-30": {
        "Diluted EPS": 0.04,
        "Total Revenue": 86,
        "Gross Profit": 26,
        "Operating Income": 2,
        "EBIT": 4,
        "Net Income": 4
    },
    "2021-06-30": {
        "Diluted EPS": -18.19,
        "Total Revenue": 62,
        "Gross Profit": 21,
        "Operating Income": 0,
        "EBIT": 2,
        "Net Income": -2
    },
    "2021-03-31": {
        "Diluted EPS": -0.03,
        "Total Revenue": 50,
        "Gross Profit": 14,
        "Operating Income": -2,
        "EBIT": 0,
        "Net Income": -2
    },
    "2020-12-31": {
        "Diluted EPS": 0.0,
        "Total Revenue": NaN,
        "Gross Profit": NaN,
        "Operating Income": NaN,
        "EBIT": NaN,
        "Net Income": NaN
    },
    "2020-09-30": {
        "Diluted EPS": 0.0,
        "Total Revenue": NaN,
        "Gross Profit": NaN,
        "Operating Income": 0,
        "EBIT": 0,
        "Net Income": 0
    },
    "2023-06-30": {
        "Tax Effect Of Unusual Items": -20712.3,
        "Tax Rate For Calcs": 0.21,
        "Normalized EBITDA": 5505645.0,
        "Total Unusual Items": -98630.0,
        "Total Unusual Items Excluding Goodwill": -98630.0,
        "Net Income From Continuing Operation Net Minority Interest": -2011267.0,
        "Reconciled Depreciation": 3831061.0,
        "Reconciled Cost Of Revenue": 83617876.0,
        "EBITDA": 5407015.0,
        "EBIT": 1575954.0,
        "Net Interest Income": 521872.0,
        "Interest Expense": NaN,
        "Interest Income": 521872.0,
        "Normalized Income": -1933349.3,
        "Net Income From Continuing And Discontinued Operation": -2011267.0,
        "Total Expenses": 123910806.0,
        "Total Operating Income As Reported": 1575954.0,
        "Diluted Average Shares": 103585661.0,
        "Basic Average Shares": 103585661.0,
        "Diluted EPS": -0.02,
        "Basic EPS": -0.02,
        "Diluted NI Availto Com Stockholders": -2011267.0,
        "Net Income Common Stockholders": -2011267.0,
        "Net Income": -2011267.0,
        "Minority Interests": -3354886.0,
        "Net Income Including Noncontrolling Interests": 1343619.0,
        "Net Income Continuous Operations": 1343619.0,
        "Tax Provision": -355054.0,
        "Pretax Income": 988565.0,
        "Other Income Expense": -1109261.0,
        "Other Non Operating Income Expenses": -920058.0,
        "Special Income Charges": -98630.0,
        "Gain On Sale Of Ppe": -98630.0,
        "Restructuring And Mergern Acquisition": 0.0,
        "Earnings From Equity Interest": -90573.0,
        "Net Non Operating Interest Income Expense": 521872.0,
        "Total Other Finance Cost": -521872.0,
        "Interest Expense Non Operating": NaN,
        "Interest Income Non Operating": 521872.0,
        "Operating Income": 1575954.0,
        "Operating Expense": 40292930.0,
        "Depreciation Amortization Depletion Income Statement": 3831061.0,
        "Depreciation And Amortization In Income Statement": 3831061.0,
        "Research And Development": 2574389.0,
        "Selling General And Administration": 33887480.0,
        "Selling And Marketing Expense": 685387.0,
        "General And Administrative Expense": 33202093.0,
        "Other Gand A": 33202093.0,
        "Gross Profit": 41868884.0,
        "Cost Of Revenue": 83617876.0,
        "Total Revenue": 125486760.0,
        "Operating Revenue": 125486760.0
    },
    "2023-09-30": {
        "Tax Effect Of Unusual Items": 31498.11,
        "Tax Rate For Calcs": 0.21,
        "Normalized EBITDA": 12894231.0,
        "Total Unusual Items": 149991.0,
        "Total Unusual Items Excluding Goodwill": 149991.0,
        "Net Income From Continuing Operation Net Minority Interest": 4764921.0,
        "Reconciled Depreciation": 4336267.0,
        "Reconciled Cost Of Revenue": 131502046.0,
        "EBITDA": 13044222.0,
        "EBIT": 8707955.0,
        "Net Interest Income": 346376.0,
        "Interest Expense": NaN,
        "Interest Income": 346376.0,
        "Normalized Income": 4646428.11,
        "Net Income From Continuing And Discontinued Operation": 4764921.0,
        "Total Expenses": 177844955.0,
        "Total Operating Income As Reported": 8707955.0,
        "Diluted Average Shares": 104993729.0,
        "Basic Average Shares": 103874845.0,
        "Diluted EPS": 0.05,
        "Basic EPS": 0.05,
        "Diluted NI Availto Com Stockholders": 4764921.0,
        "Net Income Common Stockholders": 4764921.0,
        "Net Income": 4764921.0,
        "Minority Interests": 134682.0,
        "Net Income Including Noncontrolling Interests": 4630239.0,
        "Net Income Continuous Operations": 4630239.0,
        "Tax Provision": 4526767.0,
        "Pretax Income": 9157006.0,
        "Other Income Expense": 102675.0,
        "Other Non Operating Income Expenses": 48187.0,
        "Special Income Charges": 149991.0,
        "Gain On Sale Of Ppe": -9983.0,
        "Restructuring And Mergern Acquisition": -159974.0,
        "Earnings From Equity Interest": -95503.0,
        "Net Non Operating Interest Income Expense": 346376.0,
        "Total Other Finance Cost": NaN,
        "Interest Expense Non Operating": NaN,
        "Interest Income Non Operating": 346376.0,
        "Operating Income": 8707955.0,
        "Operating Expense": 46342909.0,
        "Depreciation Amortization Depletion Income Statement": 4336267.0,
        "Depreciation And Amortization In Income Statement": 4336267.0,
        "Research And Development": 3235301.0,
        "Selling General And Administration": 38771341.0,
        "Selling And Marketing Expense": 1605559.0,
        "General And Administrative Expense": 37165782.0,
        "Other Gand A": 37165782.0,
        "Gross Profit": 55050864.0,
        "Cost Of Revenue": 131502046.0,
        "Total Revenue": 186552910.0,
        "Operating Revenue": 186552910.0
    },
    "2023-12-31": {
        "Tax Effect Of Unusual Items": -141825.422572,
        "Tax Rate For Calcs": 0.34462,
        "Normalized EBITDA": 16700434.0,
        "Total Unusual Items": -411541.0,
        "Total Unusual Items Excluding Goodwill": -411541.0,
        "Net Income From Continuing Operation Net Minority Interest": 7570471.0,
        "Reconciled Depreciation": 4615235.0,
        "Reconciled Cost Of Revenue": 132559805.0,
        "EBITDA": 16288893.0,
        "EBIT": 11673658.0,
        "Net Interest Income": 6979.0,
        "Interest Expense": NaN,
        "Interest Income": 6979.0,
        "Normalized Income": 7840186.577428,
        "Net Income From Continuing And Discontinued Operation": 7570471.0,
        "Total Expenses": 187572611.0,
        "Total Operating Income As Reported": 11673658.0,
        "Diluted Average Shares": 104055168.0,
        "Basic Average Shares": 104055168.0,
        "Diluted EPS": 0.072754,
        "Basic EPS": 0.072754,
        "Diluted NI Availto Com Stockholders": 7570471.0,
        "Net Income Common Stockholders": 7570471.0,
        "Net Income": 7570471.0,
        "Minority Interests": -422789.0,
        "Net Income Including Noncontrolling Interests": 7993260.0,
        "Net Income Continuous Operations": 7993260.0,
        "Tax Provision": 4203122.0,
        "Pretax Income": 12196382.0,
        "Other Income Expense": 515745.0,
        "Other Non Operating Income Expenses": 969260.0,
        "Special Income Charges": -411541.0,
        "Gain On Sale Of Ppe": -689092.0,
        "Restructuring And Mergern Acquisition": -1277551.0,
        "Earnings From Equity Interest": -41974.0,
        "Net Non Operating Interest Income Expense": 6979.0,
        "Total Other Finance Cost": NaN,
        "Interest Expense Non Operating": NaN,
        "Interest Income Non Operating": 6979.0,
        "Operating Income": 11673658.0,
        "Operating Expense": 55012806.0,
        "Depreciation Amortization Depletion Income Statement": 4615235.0,
        "Depreciation And Amortization In Income Statement": 4615235.0,
        "Research And Development": 3185455.0,
        "Selling General And Administration": 47212116.0,
        "Selling And Marketing Expense": 203548.0,
        "General And Administrative Expense": 47008568.0,
        "Other Gand A": 47008568.0,
        "Gross Profit": 66686464.0,
        "Cost Of Revenue": 132559805.0,
        "Total Revenue": 199246269.0,
        "Operating Revenue": 199246269.0
    },
    "2024-03-31": {
        "Tax Effect Of Unusual Items": 19301.12478,
        "Tax Rate For Calcs": 0.325587,
        "Normalized EBITDA": 20214891.0,
        "Total Unusual Items": 59281.0,
        "Total Unusual Items Excluding Goodwill": 59281.0,
        "Net Income From Continuing Operation Net Minority Interest": 11227449.0,
        "Reconciled Depreciation": 4182781.0,
        "Reconciled Cost Of Revenue": 124808914.0,
        "EBITDA": 20274172.0,
        "EBIT": 16091391.0,
        "Net Interest Income": -369008.0,
        "Interest Expense": 369008.0,
        "Interest Income": NaN,
        "Normalized Income": 11187469.12478,
        "Net Income From Continuing And Discontinued Operation": 11227449.0,
        "Total Expenses": 176212162.0,
        "Total Operating Income As Reported": 15875367.0,
        "Diluted Average Shares": 108506435.0,
        "Basic Average Shares": 103818362.0,
        "Diluted EPS": 0.1,
        "Basic EPS": 0.11,
        "Diluted NI Availto Com Stockholders": 11227449.0,
        "Net Income Common Stockholders": 11227449.0,
        "Net Income": 11227449.0,
        "Minority Interests": 624070.0,
        "Net Income Including Noncontrolling Interests": 10603379.0,
        "Net Income Continuous Operations": 10603379.0,
        "Tax Provision": 5119004.0,
        "Pretax Income": 15722383.0,
        "Other Income Expense": 216024.0,
        "Other Non Operating Income Expenses": 239910.0,
        "Special Income Charges": 59281.0,
        "Gain On Sale Of Ppe": 52835.0,
        "Restructuring And Mergern Acquisition": -6446.0,
        "Earnings From Equity Interest": -83167.0,
        "Net Non Operating Interest Income Expense": -369008.0,
        "Total Other Finance Cost": NaN,
        "Interest Expense Non Operating": 369008.0,
        "Interest Income Non Operating": NaN,
        "Operating Income": 15875367.0,
        "Operating Expense": 51403248.0,
        "Depreciation Amortization Depletion Income Statement": 4182781.0,
        "Depreciation And Amortization In Income Statement": 4182781.0,
        "Research And Development": 2388919.0,
        "Selling General And Administration": 44831548.0,
        "Selling And Marketing Expense": 337010.0,
        "General And Administrative Expense": 44494538.0,
        "Other Gand A": 44494538.0,
        "Gross Profit": 67278615.0,
        "Cost Of Revenue": 124808914.0,
        "Total Revenue": 192087529.0,
        "Operating Revenue": 192087529.0
    },
    "2024-06-30": {
        "Tax Effect Of Unusual Items": -124079.781916,
        "Tax Rate For Calcs": 0.387658,
        "Normalized EBITDA": 14602877.0,
        "Total Unusual Items": -320075.0,
        "Total Unusual Items Excluding Goodwill": -320075.0,
        "Net Income From Continuing Operation Net Minority Interest": 6529603.0,
        "Reconciled Depreciation": 4201658.0,
        "Reconciled Cost Of Revenue": 109072737.0,
        "EBITDA": 14282802.0,
        "EBIT": 10081144.0,
        "Net Interest Income": -513650.0,
        "Interest Expense": 513650.0,
        "Interest Income": NaN,
        "Normalized Income": 6725598.218084,
        "Net Income From Continuing And Discontinued Operation": 6529603.0,
        "Total Expenses": 154800567.0,
        "Total Operating Income As Reported": 10149149.0,
        "Diluted Average Shares": 106324345.0,
        "Basic Average Shares": 101840612.0,
        "Diluted EPS": 0.06,
        "Basic EPS": 0.06,
        "Diluted NI Availto Com Stockholders": 6529603.0,
        "Net Income Common Stockholders": 6529603.0,
        "Net Income": 6529603.0,
        "Minority Interests": 671029.0,
        "Net Income Including Noncontrolling Interests": 5858574.0,
        "Net Income Continuous Operations": 5858574.0,
        "Tax Provision": 3708920.0,
        "Pretax Income": 9567494.0,
        "Other Income Expense": -68005.0,
        "Other Non Operating Income Expenses": 316084.0,
        "Special Income Charges": -320075.0,
        "Gain On Sale Of Ppe": 12563.0,
        "Restructuring And Mergern Acquisition": 332638.0,
        "Earnings From Equity Interest": -64014.0,
        "Net Non Operating Interest Income Expense": -513650.0,
        "Total Other Finance Cost": NaN,
        "Interest Expense Non Operating": 513650.0,
        "Interest Income Non Operating": NaN,
        "Operating Income": 10149149.0,
        "Operating Expense": 45727830.0,
        "Depreciation Amortization Depletion Income Statement": 4201658.0,
        "Depreciation And Amortization In Income Statement": 4201658.0,
        "Research And Development": 2368999.0,
        "Selling General And Administration": 39157173.0,
        "Selling And Marketing Expense": 392284.0,
        "General And Administrative Expense": 38764889.0,
        "Other Gand A": 38764889.0,
        "Gross Profit": 55876979.0,
        "Cost Of Revenue": 109072737.0,
        "Total Revenue": 164949716.0,
        "Operating Revenue": 164949716.0
    }
}