{
    "2023-04-30": {
        "Tax Effect Of Unusual Items": 0.0,
        "Tax Rate For Calcs": 0.229,
        "Normalized EBITDA": 149100000.0,
        "Net Income From Continuing Operation Net Minority Interest": 93700000.0,
        "Reconciled Depreciation": 22500000.0,
        "Reconciled Cost Of Revenue": 586900000.0,
        "EBITDA": 149100000.0,
        "EBIT": 126600000.0,
        "Net Interest Income": -5100000.0,
        "Interest Expense": 5100000.0,
        "Normalized Income": 93700000.0,
        "Net Income From Continuing And Discontinued Operation": 93700000.0,
        "Total Expenses": 751700000.0,
        "Total Operating Income As Reported": 124000000.0,
        "Diluted Average Shares": 123500000.0,
        "Basic Average Shares": 121600000.0,
        "Diluted EPS": 0.76,
        "Basic EPS": 0.77,
        "Diluted NI Availto Com Stockholders": 93700000.0,
        "Net Income Common Stockholders": 93700000.0,
        "Net Income": 93700000.0,
        "Net Income Including Noncontrolling Interests": 93700000.0,
        "Net Income Continuous Operations": 93700000.0,
        "Tax Provision": 27800000.0,
        "Pretax Income": 121500000.0,
        "Other Income Expense": 2600000.0,
        "Other Non Operating Income Expenses": 2600000.0,
        "Net Non Operating Interest Income Expense": -5100000.0,
        "Interest Expense Non Operating": 5100000.0,
        "Operating Income": 124000000.0,
        "Operating Expense": 164800000.0,
        "Research And Development": 19000000.0,
        "Selling General And Administration": 145800000.0,
        "Gross Profit": 288800000.0,
        "Cost Of Revenue": 586900000.0,
        "Total Revenue": 875700000.0,
        "Operating Revenue": 875700000.0
    },
    "2023-01-31": {
        "Tax Effect Of Unusual Items": 0.0,
        "Tax Rate For Calcs": 0.241,
        "Normalized EBITDA": 140300000.0,
        "Net Income From Continuing Operation Net Minority Interest": 86000000.0,
        "Reconciled Depreciation": 22400000.0,
        "Reconciled Cost Of Revenue": 543900000.0,
        "EBITDA": 140300000.0,
        "EBIT": 117900000.0,
        "Net Interest Income": -4600000.0,
        "Interest Expense": 4600000.0,
        "Normalized Income": 86000000.0,
        "Net Income From Continuing And Discontinued Operation": 86000000.0,
        "Total Expenses": 712000000.0,
        "Total Operating Income As Reported": 116300000.0,
        "Diluted Average Shares": 123300000.0,
        "Basic Average Shares": 121700000.0,
        "Diluted EPS": 0.7,
        "Basic EPS": 0.71,
        "Diluted NI Availto Com Stockholders": 86000000.0,
        "Net Income Common Stockholders": 86000000.0,
        "Net Income": 86000000.0,
        "Net Income Including Noncontrolling Interests": 86000000.0,
        "Net Income Continuous Operations": 86000000.0,
        "Tax Provision": 27300000.0,
        "Pretax Income": 113300000.0,
        "Other Income Expense": 1600000.0,
        "Other Non Operating Income Expenses": 1600000.0,
        "Net Non Operating Interest Income Expense": -4600000.0,
        "Interest Expense Non Operating": 4600000.0,
        "Operating Income": 116300000.0,
        "Operating Expense": 168100000.0,
        "Research And Development": 18500000.0,
        "Selling General And Administration": 149600000.0,
        "Gross Profit": 284400000.0,
        "Cost Of Revenue": 543900000.0,
        "Total Revenue": 828300000.0,
        "Operating Revenue": 828300000.0
    },
    "2022-10-31": {
        "Tax Effect Of Unusual Items": 0.0,
        "Tax Rate For Calcs": 0.252,
        "Normalized EBITDA": 143500000.0,
        "Net Income From Continuing Operation Net Minority Interest": 87200000.0,
        "Reconciled Depreciation": 22400000.0,
        "Reconciled Cost Of Revenue": 560100000.0,
        "EBITDA": 143500000.0,
        "EBIT": 121100000.0,
        "Net Interest Income": -4500000.0,
        "Interest Expense": 4500000.0,
        "Normalized Income": 87200000.0,
        "Net Income From Continuing And Discontinued Operation": 87200000.0,
        "Total Expenses": 728000000.0,
        "Total Operating Income As Reported": 119300000.0,
        "Diluted Average Shares": 123900000.0,
        "Basic Average Shares": 122600000.0,
        "Diluted EPS": 0.7,
        "Basic EPS": 0.71,
        "Diluted NI Availto Com Stockholders": 87200000.0,
        "Net Income Common Stockholders": 87200000.0,
        "Net Income": 87200000.0,
        "Net Income Including Noncontrolling Interests": 87200000.0,
        "Net Income Continuous Operations": 87200000.0,
        "Tax Provision": 29400000.0,
        "Pretax Income": 116600000.0,
        "Other Income Expense": 1800000.0,
        "Other Non Operating Income Expenses": 1800000.0,
        "Net Non Operating Interest Income Expense": -4500000.0,
        "Interest Expense Non Operating": 4500000.0,
        "Operating Income": 119300000.0,
        "Operating Expense": 167900000.0,
        "Research And Development": 18700000.0,
        "Selling General And Administration": 149200000.0,
        "Gross Profit": 287200000.0,
        "Cost Of Revenue": 560100000.0,
        "Total Revenue": 847300000.0,
        "Operating Revenue": 847300000.0
    },
    "2022-07-31": {
        "Tax Effect Of Unusual Items": 0.0,
        "Tax Rate For Calcs": 0.214,
        "Normalized EBITDA": 155500000.0,
        "Net Income From Continuing Operation Net Minority Interest": 101100000.0,
        "Reconciled Depreciation": 22800000.0,
        "Reconciled Cost Of Revenue": 598400000.0,
        "EBITDA": 155500000.0,
        "EBIT": 132700000.0,
        "Net Interest Income": -4000000.0,
        "Interest Expense": 4000000.0,
        "Normalized Income": 101100000.0,
        "Net Income From Continuing And Discontinued Operation": 101100000.0,
        "Total Expenses": 760700000.0,
        "Total Operating Income As Reported": 129300000.0,
        "Diluted Average Shares": 124000000.0,
        "Basic Average Shares": 123100000.0,
        "Diluted EPS": 0.81,
        "Basic EPS": 0.82,
        "Diluted NI Availto Com Stockholders": 101100000.0,
        "Net Income Common Stockholders": 101100000.0,
        "Net Income": 101100000.0,
        "Net Income Including Noncontrolling Interests": 101100000.0,
        "Net Income Continuous Operations": 101100000.0,
        "Tax Provision": 27600000.0,
        "Pretax Income": 128700000.0,
        "Other Income Expense": 3400000.0,
        "Other Non Operating Income Expenses": 3400000.0,
        "Net Non Operating Interest Income Expense": -4000000.0,
        "Interest Expense Non Operating": 4000000.0,
        "Operating Income": 129300000.0,
        "Operating Expense": 162300000.0,
        "Research And Development": 18600000.0,
        "Selling General And Administration": 143700000.0,
        "Gross Profit": 291600000.0,
        "Cost Of Revenue": 598400000.0,
        "Total Revenue": 890000000.0,
        "Operating Revenue": 890000000.0
    },
    "2022-04-30": {
        "Diluted EPS": 0.67,
        "Total Revenue": 853,
        "Gross Profit": 269,
        "Operating Income": 111,
        "EBIT": 135,
        "Net Income": 83
    },
    "2022-01-31": {
        "Diluted EPS": 0.57,
        "Total Revenue": 803,
        "Gross Profit": 250,
        "Operating Income": 96,
        "EBIT": 119,
        "Net Income": 72
    },
    "2021-10-31": {
        "Diluted EPS": 0.61,
        "Total Revenue": 761,
        "Gross Profit": 257,
        "Operating Income": 108,
        "EBIT": 131,
        "Net Income": 77
    },
    "2021-07-31": {
        "Diluted EPS": 0.66,
        "Total Revenue": 773,
        "Gross Profit": 266,
        "Operating Income": 112,
        "EBIT": 137,
        "Net Income": 84
    },
    "2021-04-30": {
        "Diluted EPS": 0.66,
        "Total Revenue": 765,
        "Gross Profit": 258,
        "Operating Income": 109,
        "EBIT": 133,
        "Net Income": 84
    },
    "2021-01-31": {
        "Diluted EPS": 0.44,
        "Total Revenue": 679,
        "Gross Profit": 225,
        "Operating Income": 76,
        "EBIT": 99,
        "Net Income": 56
    },
    "2020-10-31": {
        "Diluted EPS": 0.48,
        "Total Revenue": 637,
        "Gross Profit": 223,
        "Operating Income": 87,
        "EBIT": 111,
        "Net Income": 62
    },
    "2020-07-31": {
        "Diluted EPS": 0.49,
        "Total Revenue": 617,
        "Gross Profit": 208,
        "Operating Income": 82,
        "EBIT": 105,
        "Net Income": 64
    },
    "2020-04-30": {
        "Diluted EPS": 0.5,
        "Total Revenue": 630,
        "Gross Profit": 209,
        "Operating Income": 85,
        "EBIT": 106,
        "Net Income": 63
    },
    "2020-01-31": {
        "Diluted EPS": 0.5,
        "Total Revenue": 662,
        "Gross Profit": 223,
        "Operating Income": 85,
        "EBIT": 106,
        "Net Income": 64
    },
    "2019-10-31": {
        "Diluted EPS": 0.51,
        "Total Revenue": 673,
        "Gross Profit": 231,
        "Operating Income": 89,
        "EBIT": 110,
        "Net Income": 65
    },
    "2019-07-31": {
        "Diluted EPS": 0.45,
        "Total Revenue": 727,
        "Gross Profit": 244,
        "Operating Income": 104,
        "EBIT": 126,
        "Net Income": 58
    },
    "2019-04-30": {
        "Diluted EPS": 0.58,
        "Total Revenue": 713,
        "Gross Profit": 241,
        "Operating Income": 100,
        "EBIT": 121,
        "Net Income": 75
    },
    "2019-01-31": {
        "Diluted EPS": 0.46,
        "Total Revenue": 704,
        "Gross Profit": 225,
        "Operating Income": 85,
        "EBIT": 105,
        "Net Income": 60
    },
    "2018-10-31": {
        "Diluted EPS": 0.56,
        "Total Revenue": 701,
        "Gross Profit": 238,
        "Operating Income": 99,
        "EBIT": 118,
        "Net Income": 74
    },
    "2018-07-31": {
        "Diluted EPS": 0.77,
        "Total Revenue": 725,
        "Gross Profit": 253,
        "Operating Income": 108,
        "EBIT": 128,
        "Net Income": 102
    },
    "2018-04-30": {
        "Diluted EPS": 0.53,
        "Total Revenue": 700,
        "Gross Profit": 240,
        "Operating Income": 100,
        "EBIT": 119,
        "Net Income": 70
    },
    "2018-01-31": {
        "Diluted EPS": -0.4,
        "Total Revenue": 665,
        "Gross Profit": 219,
        "Operating Income": 80,
        "EBIT": 99,
        "Net Income": -53
    },
    "2017-10-31": {
        "Diluted EPS": 0.46,
        "Total Revenue": 645,
        "Gross Profit": 224,
        "Operating Income": 89,
        "EBIT": 108,
        "Net Income": 61
    },
    "2017-07-31": {
        "Diluted EPS": 0.51,
        "Total Revenue": 660,
        "Gross Profit": 227,
        "Operating Income": 89,
        "EBIT": 109,
        "Net Income": 68
    },
    "2017-04-30": {
        "Diluted EPS": 0.45,
        "Total Revenue": 608,
        "Gross Profit": 212,
        "Operating Income": 89,
        "EBIT": 107,
        "Net Income": 60
    },
    "2017-01-31": {
        "Diluted EPS": 0.35,
        "Total Revenue": 551,
        "Gross Profit": 188,
        "Operating Income": 69,
        "EBIT": 88,
        "Net Income": 47
    },
    "2016-10-31": {
        "Diluted EPS": 0.43,
        "Total Revenue": 553,
        "Gross Profit": 194,
        "Operating Income": 76,
        "EBIT": 95,
        "Net Income": 58
    },
    "2016-07-31": {
        "Diluted EPS": 0.44,
        "Total Revenue": 594,
        "Gross Profit": 209,
        "Operating Income": 90,
        "EBIT": 109,
        "Net Income": 60
    },
    "2016-04-30": {
        "Diluted EPS": 0.41,
        "Total Revenue": 571,
        "Gross Profit": 197,
        "Operating Income": 75,
        "EBIT": 94,
        "Net Income": 55
    },
    "2016-01-31": {
        "Diluted EPS": 0.28,
        "Total Revenue": 517,
        "Gross Profit": 171,
        "Operating Income": 54,
        "EBIT": 72,
        "Net Income": 38
    },
    "2015-10-31": {
        "Diluted EPS": 0.29,
        "Total Revenue": 538,
        "Gross Profit": 178,
        "Operating Income": 56,
        "EBIT": 74,
        "Net Income": 39
    },
    "2015-07-31": {
        "Diluted EPS": 0.41,
        "Total Revenue": 611,
        "Gross Profit": 202,
        "Operating Income": 78,
        "EBIT": 97,
        "Net Income": 56
    },
    "2015-04-30": {
        "Diluted EPS": 0.34,
        "Total Revenue": 576,
        "Gross Profit": 194,
        "Operating Income": 67,
        "EBIT": 85,
        "Net Income": 48
    },
    "2015-01-31": {
        "Diluted EPS": 0.34,
        "Total Revenue": 589,
        "Gross Profit": 203,
        "Operating Income": 66,
        "EBIT": 85,
        "Net Income": 48
    },
    "2014-10-31": {
        "Diluted EPS": 0.4,
        "Total Revenue": 597,
        "Gross Profit": 209,
        "Operating Income": 77,
        "EBIT": 95,
        "Net Income": 56
    },
    "2014-07-31": {
        "Diluted EPS": 0.5,
        "Total Revenue": 668,
        "Gross Profit": 238,
        "Operating Income": 99,
        "EBIT": 116,
        "Net Income": 73
    },
    "2014-04-30": {
        "Diluted EPS": 0.46,
        "Total Revenue": 624,
        "Gross Profit": 223,
        "Operating Income": 93,
        "EBIT": 110,
        "Net Income": 67
    },
    "2014-01-31": {
        "Diluted EPS": 0.39,
        "Total Revenue": 582,
        "Gross Profit": 202,
        "Operating Income": 72,
        "EBIT": 89,
        "Net Income": 58
    },
    "2013-10-31": {
        "Diluted EPS": 0.41,
        "Total Revenue": 599,
        "Gross Profit": 214,
        "Operating Income": 92,
        "EBIT": 108,
        "Net Income": 62
    },
    "2013-07-31": {
        "Diluted EPS": 0.48,
        "Total Revenue": 633,
        "Gross Profit": 228,
        "Operating Income": 100,
        "EBIT": 116,
        "Net Income": 73
    },
    "2013-04-30": {
        "Diluted EPS": 0.46,
        "Total Revenue": 619,
        "Gross Profit": 222,
        "Operating Income": 99,
        "EBIT": 114,
        "Net Income": 70
    },
    "2013-01-31": {
        "Diluted EPS": 0.34,
        "Total Revenue": 596,
        "Gross Profit": 199,
        "Operating Income": 71,
        "EBIT": 88,
        "Net Income": 51
    },
    "2012-10-31": {
        "Diluted EPS": 0.36,
        "Total Revenue": 589,
        "Gross Profit": 198,
        "Operating Income": 74,
        "EBIT": 90,
        "Net Income": 54
    },
    "2012-07-31": {
        "Diluted EPS": 0.47,
        "Total Revenue": 657,
        "Gross Profit": 230,
        "Operating Income": 99,
        "EBIT": 114,
        "Net Income": 71
    },
    "2012-04-30": {
        "Diluted EPS": 0.46,
        "Total Revenue": 647,
        "Gross Profit": 228,
        "Operating Income": 98,
        "EBIT": 114,
        "Net Income": 71
    },
    "2012-01-31": {
        "Diluted EPS": 0.35,
        "Total Revenue": 581,
        "Gross Profit": 201,
        "Operating Income": 75,
        "EBIT": 90,
        "Net Income": 54
    },
    "2011-10-31": {
        "Diluted EPS": 0.45,
        "Total Revenue": 608,
        "Gross Profit": 215,
        "Operating Income": 90,
        "EBIT": 106,
        "Net Income": 69
    },
    "2011-07-31": {
        "Diluted EPS": 0.42,
        "Total Revenue": 625,
        "Gross Profit": 227,
        "Operating Income": 90,
        "EBIT": 105,
        "Net Income": 66
    },
    "2011-04-30": {
        "Diluted EPS": 0.39,
        "Total Revenue": 595,
        "Gross Profit": 209,
        "Operating Income": 83,
        "EBIT": 98,
        "Net Income": 62
    },
    "2011-01-31": {
        "Diluted EPS": 0.28,
        "Total Revenue": 537,
        "Gross Profit": 190,
        "Operating Income": 67,
        "EBIT": 83,
        "Net Income": 45
    },
    "2010-10-31": {
        "Diluted EPS": 0.34,
        "Total Revenue": 537,
        "Gross Profit": 188,
        "Operating Income": 75,
        "EBIT": 89,
        "Net Income": 53
    },
    "2010-07-31": {
        "Diluted EPS": 0.33,
        "Total Revenue": 515,
        "Gross Profit": 187,
        "Operating Income": 75,
        "EBIT": 89,
        "Net Income": 51
    },
    "2010-04-30": {
        "Diluted EPS": 0.31,
        "Total Revenue": 498,
        "Gross Profit": 177,
        "Operating Income": 72,
        "EBIT": 87,
        "Net Income": 49
    },
    "2010-01-31": {
        "Diluted EPS": 0.2,
        "Total Revenue": 436,
        "Gross Profit": 146,
        "Operating Income": 39,
        "EBIT": 54,
        "Net Income": 31
    },
    "2009-10-31": {
        "Diluted EPS": 0.22,
        "Total Revenue": 428,
        "Gross Profit": 148,
        "Operating Income": 52,
        "EBIT": 68,
        "Net Income": 35
    },
    "2009-07-31": {
        "Diluted EPS": 0.15,
        "Total Revenue": 421,
        "Gross Profit": 138,
        "Operating Income": 35,
        "EBIT": 50,
        "Net Income": 24
    },
    "2009-04-30": {
        "Diluted EPS": 0.17,
        "Total Revenue": 413,
        "Gross Profit": 131,
        "Operating Income": 38,
        "EBIT": 52,
        "Net Income": 27
    },
    "2009-01-31": {
        "Diluted EPS": 0.22,
        "Total Revenue": 461,
        "Gross Profit": 134,
        "Operating Income": 28,
        "EBIT": 43,
        "Net Income": 34
    },
    "2023-07-31": {
        "Tax Effect Of Unusual Items": 0.0,
        "Tax Rate For Calcs": 0.216539,
        "Normalized EBITDA": 147200000.0,
        "Net Income From Continuing Operation Net Minority Interest": 91900000.0,
        "Reconciled Depreciation": 25000000.0,
        "Reconciled Cost Of Revenue": 579400000.0,
        "EBITDA": 147200000.0,
        "EBIT": 122200000.0,
        "Net Interest Income": -4900000.0,
        "Interest Expense": 4900000.0,
        "Normalized Income": 91900000.0,
        "Net Income From Continuing And Discontinued Operation": 91900000.0,
        "Total Expenses": 758900000.0,
        "Total Operating Income As Reported": 120600000.0,
        "Diluted Average Shares": 123200000.0,
        "Basic Average Shares": 121400000.0,
        "Diluted EPS": 0.75,
        "Basic EPS": 0.76,
        "Diluted NI Availto Com Stockholders": 91900000.0,
        "Net Income Common Stockholders": 91900000.0,
        "Net Income": 91900000.0,
        "Net Income Including Noncontrolling Interests": 91900000.0,
        "Net Income Continuous Operations": 91900000.0,
        "Tax Provision": 25400000.0,
        "Pretax Income": 117300000.0,
        "Other Income Expense": 1600000.0,
        "Other Non Operating Income Expenses": 1600000.0,
        "Net Non Operating Interest Income Expense": -4900000.0,
        "Interest Expense Non Operating": 4900000.0,
        "Operating Income": 120600000.0,
        "Operating Expense": 179500000.0,
        "Research And Development": 21900000.0,
        "Selling General And Administration": 157600000.0,
        "Gross Profit": 300100000.0,
        "Cost Of Revenue": 579400000.0,
        "Total Revenue": 879500000.0,
        "Operating Revenue": 879500000.0
    },
    "2023-10-31": {
        "Tax Effect Of Unusual Items": 0.0,
        "Tax Rate For Calcs": 0.251,
        "Normalized EBITDA": 152700000.0,
        "Net Income From Continuing Operation Net Minority Interest": 92100000.0,
        "Reconciled Depreciation": 24300000.0,
        "Reconciled Cost Of Revenue": 545400000.0,
        "EBITDA": 152700000.0,
        "EBIT": 128400000.0,
        "Net Interest Income": -5500000.0,
        "Interest Expense": 5500000.0,
        "Normalized Income": 92100000.0,
        "Net Income From Continuing And Discontinued Operation": 92100000.0,
        "Total Expenses": 721700000.0,
        "Total Operating Income As Reported": 124600000.0,
        "Diluted Average Shares": 122600000.0,
        "Basic Average Shares": 120900000.0,
        "Diluted EPS": 0.75,
        "Basic EPS": 0.76,
        "Diluted NI Availto Com Stockholders": 92100000.0,
        "Net Income Common Stockholders": 92100000.0,
        "Net Income": 92100000.0,
        "Net Income Including Noncontrolling Interests": 92100000.0,
        "Net Income Continuous Operations": 92100000.0,
        "Tax Provision": 30800000.0,
        "Pretax Income": 122900000.0,
        "Other Income Expense": 3800000.0,
        "Other Non Operating Income Expenses": 3800000.0,
        "Net Non Operating Interest Income Expense": -5500000.0,
        "Interest Expense Non Operating": 5500000.0,
        "Operating Income": 124600000.0,
        "Operating Expense": 176300000.0,
        "Research And Development": 21300000.0,
        "Selling General And Administration": 155000000.0,
        "Gross Profit": 300900000.0,
        "Cost Of Revenue": 545400000.0,
        "Total Revenue": 846300000.0,
        "Operating Revenue": 846300000.0
    },
    "2024-01-31": {
        "Tax Effect Of Unusual Items": 0.0,
        "Tax Rate For Calcs": 0.235,
        "Normalized EBITDA": 159200000.0,
        "Net Income From Continuing Operation Net Minority Interest": 98700000.0,
        "Reconciled Depreciation": 24600000.0,
        "Reconciled Cost Of Revenue": 568100000.0,
        "EBITDA": 159200000.0,
        "EBIT": 134600000.0,
        "Net Interest Income": -5600000.0,
        "Interest Expense": 5600000.0,
        "Normalized Income": 98700000.0,
        "Net Income From Continuing And Discontinued Operation": 98700000.0,
        "Total Expenses": 747000000.0,
        "Total Operating Income As Reported": 129700000.0,
        "Diluted Average Shares": 122100000.0,
        "Basic Average Shares": 120500000.0,
        "Diluted EPS": 0.81,
        "Basic EPS": 0.82,
        "Diluted NI Availto Com Stockholders": 98700000.0,
        "Net Income Common Stockholders": 98700000.0,
        "Net Income": 98700000.0,
        "Net Income Including Noncontrolling Interests": 98700000.0,
        "Net Income Continuous Operations": 98700000.0,
        "Tax Provision": 30300000.0,
        "Pretax Income": 129000000.0,
        "Other Income Expense": 4900000.0,
        "Other Non Operating Income Expenses": 4900000.0,
        "Net Non Operating Interest Income Expense": -5600000.0,
        "Interest Expense Non Operating": 5600000.0,
        "Operating Income": 129700000.0,
        "Operating Expense": 178900000.0,
        "Research And Development": 22100000.0,
        "Selling General And Administration": 156800000.0,
        "Gross Profit": 308600000.0,
        "Cost Of Revenue": 568100000.0,
        "Total Revenue": 876700000.0,
        "Operating Revenue": 876700000.0
    }
}