{
    "2023-06-30": {
        "Tax Effect Of Unusual Items": -128908.0,
        "Tax Rate For Calcs": 0.268,
        "Total Unusual Items": -481000.0,
        "Total Unusual Items Excluding Goodwill": -481000.0,
        "Net Income From Continuing Operation Net Minority Interest": 27498000.0,
        "Reconciled Depreciation": 1803000.0,
        "Net Interest Income": 80219000.0,
        "Interest Expense": 71872000.0,
        "Interest Income": 152091000.0,
        "Normalized Income": 27850092.0,
        "Net Income From Continuing And Discontinued Operation": 27498000.0,
        "Diluted Average Shares": 38175993.0,
        "Basic Average Shares": 38175993.0,
        "Diluted EPS": 0.66,
        "Basic EPS": 0.66,
        "Diluted NI Availto Com Stockholders": 25259000.0,
        "Net Income Common Stockholders": 25259000.0,
        "Otherunder Preferred Stock Dividend": 417000.0,
        "Preferred Stock Dividends": 1822000.0,
        "Net Income": 27498000.0,
        "Net Income Including Noncontrolling Interests": 27498000.0,
        "Net Income Continuous Operations": 27498000.0,
        "Tax Provision": 10048000.0,
        "Pretax Income": 37546000.0,
        "Special Income Charges": -481000.0,
        "Restructuring And Mergern Acquisition": 481000.0,
        "Gain On Sale Of Security": 1657000.0,
        "Depreciation Amortization Depletion Income Statement": 349000.0,
        "Depreciation And Amortization In Income Statement": 349000.0,
        "Amortization": 349000.0,
        "Amortization Of Intangibles Income Statement": 349000.0,
        "Selling General And Administration": 37459000.0,
        "Selling And Marketing Expense": 1488000.0,
        "General And Administrative Expense": 35971000.0,
        "Other Gand A": 4197000.0,
        "Insurance And Claims": 1874000.0,
        "Salaries And Wages": 29900000.0,
        "Total Revenue": 90624000.0,
        "Operating Revenue": 90624000.0,
        "Occupancy And Equipment": 7144000.0,
        "Professional Expense And Contract Services Expense": 1676000.0,
        "Other Non Interest Expense": 5077000.0
    },
    "2023-03-31": {
        "Tax Effect Of Unusual Items": -6700.0,
        "Tax Rate For Calcs": 0.268,
        "Total Unusual Items": -25000.0,
        "Total Unusual Items Excluding Goodwill": -25000.0,
        "Net Income From Continuing Operation Net Minority Interest": 37303000.0,
        "Reconciled Depreciation": 1979000.0,
        "Net Interest Income": 85752000.0,
        "Interest Expense": 54920000.0,
        "Interest Income": 140672000.0,
        "Normalized Income": 37321300.0,
        "Net Income From Continuing And Discontinued Operation": 37303000.0,
        "Diluted Average Shares": 38151465.0,
        "Basic Average Shares": 38151465.0,
        "Diluted EPS": 0.92,
        "Basic EPS": 0.92,
        "Diluted NI Availto Com Stockholders": 35099000.0,
        "Net Income Common Stockholders": 35099000.0,
        "Otherunder Preferred Stock Dividend": 383000.0,
        "Preferred Stock Dividends": 1821000.0,
        "Net Income": 37303000.0,
        "Net Income Including Noncontrolling Interests": 37303000.0,
        "Net Income Continuous Operations": 37303000.0,
        "Tax Provision": 13623000.0,
        "Pretax Income": 50926000.0,
        "Special Income Charges": -25000.0,
        "Restructuring And Mergern Acquisition": 25000.0,
        "Gain On Sale Of Security": 1686000.0,
        "Depreciation Amortization Depletion Income Statement": 377000.0,
        "Depreciation And Amortization In Income Statement": 377000.0,
        "Amortization": 377000.0,
        "Amortization Of Intangibles Income Statement": 377000.0,
        "Selling General And Administration": 29956000.0,
        "Selling And Marketing Expense": 1449000.0,
        "General And Administrative Expense": 28507000.0,
        "Other Gand A": NaN,
        "Insurance And Claims": 1873000.0,
        "Salaries And Wages": 26634000.0,
        "Total Revenue": 94753000.0,
        "Operating Revenue": 94753000.0,
        "Occupancy And Equipment": 7373000.0,
        "Professional Expense And Contract Services Expense": 1923000.0,
        "Other Non Interest Expense": 7821000.0
    },
    "2022-12-31": {
        "Tax Effect Of Unusual Items": 602505.250389,
        "Tax Rate For Calcs": 0.27474,
        "Total Unusual Items": 2193000.0,
        "Total Unusual Items Excluding Goodwill": 2193000.0,
        "Net Income From Continuing Operation Net Minority Interest": 40059000.0,
        "Reconciled Depreciation": 2319000.0,
        "Net Interest Income": 96804000.0,
        "Interest Expense": 33065000.0,
        "Interest Income": 129869000.0,
        "Normalized Income": 38468505.250389,
        "Net Income From Continuing And Discontinued Operation": 40059000.0,
        "Diluted Average Shares": 38624242.0,
        "Basic Average Shares": 38624242.0,
        "Diluted EPS": 0.99,
        "Basic EPS": 0.99,
        "Diluted NI Availto Com Stockholders": 37794000.0,
        "Net Income Common Stockholders": 37794000.0,
        "Otherunder Preferred Stock Dividend": 444000.0,
        "Preferred Stock Dividends": 1821000.0,
        "Net Income": 40059000.0,
        "Net Income Including Noncontrolling Interests": 40059000.0,
        "Net Income Continuous Operations": 40059000.0,
        "Tax Provision": 15175000.0,
        "Pretax Income": 55234000.0,
        "Special Income Charges": 2193000.0,
        "Restructuring And Mergern Acquisition": -2193000.0,
        "Gain On Sale Of Security": 1397000.0,
        "Depreciation Amortization Depletion Income Statement": 431000.0,
        "Depreciation And Amortization In Income Statement": 431000.0,
        "Amortization": 431000.0,
        "Amortization Of Intangibles Income Statement": 431000.0,
        "Selling General And Administration": 25037000.0,
        "Selling And Marketing Expense": 1559000.0,
        "General And Administrative Expense": 23478000.0,
        "Other Gand A": NaN,
        "Insurance And Claims": 800000.0,
        "Salaries And Wages": 33830000.0,
        "Total Revenue": 106271000.0,
        "Operating Revenue": 106271000.0
    },
    "2022-09-30": {
        "Tax Effect Of Unusual Items": NaN,
        "Tax Rate For Calcs": NaN,
        "Total Unusual Items": NaN,
        "Total Unusual Items Excluding Goodwill": NaN,
        "Net Income From Continuing Operation Net Minority Interest": NaN,
        "Reconciled Depreciation": NaN,
        "Net Interest Income": NaN,
        "Interest Expense": NaN,
        "Interest Income": NaN,
        "Normalized Income": NaN,
        "Net Income From Continuing And Discontinued Operation": NaN,
        "Diluted Average Shares": NaN,
        "Basic Average Shares": NaN,
        "Diluted EPS": NaN,
        "Basic EPS": NaN,
        "Diluted NI Availto Com Stockholders": NaN,
        "Net Income Common Stockholders": NaN,
        "Otherunder Preferred Stock Dividend": NaN,
        "Preferred Stock Dividends": NaN,
        "Net Income": NaN,
        "Net Income Including Noncontrolling Interests": NaN,
        "Net Income Continuous Operations": NaN,
        "Tax Provision": NaN,
        "Pretax Income": NaN,
        "Special Income Charges": NaN,
        "Restructuring And Mergern Acquisition": NaN,
        "Gain On Sale Of Security": NaN,
        "Depreciation Amortization Depletion Income Statement": NaN,
        "Depreciation And Amortization In Income Statement": NaN,
        "Amortization": NaN,
        "Amortization Of Intangibles Income Statement": NaN,
        "Selling General And Administration": NaN,
        "Selling And Marketing Expense": NaN,
        "General And Administrative Expense": NaN,
        "Other Gand A": 3434000.0,
        "Insurance And Claims": NaN,
        "Salaries And Wages": NaN,
        "Total Revenue": NaN,
        "Operating Revenue": NaN
    },
    "2022-06-30": {
        "Tax Effect Of Unusual Items": -833265.3,
        "Tax Rate For Calcs": 0.2841,
        "Total Unusual Items": -2933000.0,
        "Total Unusual Items Excluding Goodwill": -2933000.0,
        "Net Income From Continuing Operation Net Minority Interest": 38485000.0,
        "Reconciled Depreciation": 430000.0,
        "Net Interest Income": 93512000.0,
        "Interest Expense": 7398000.0,
        "Interest Income": 100910000.0,
        "Normalized Income": 40584734.7,
        "Net Income From Continuing And Discontinued Operation": 38485000.0,
        "Diluted Average Shares": 38631683.0,
        "Basic Average Shares": 38631683.0,
        "Diluted EPS": 0.94,
        "Basic EPS": 0.94,
        "Diluted NI Availto Com Stockholders": 36663000.0,
        "Net Income Common Stockholders": 36663000.0,
        "Otherunder Preferred Stock Dividend": 432000.0,
        "Preferred Stock Dividends": 1822000.0,
        "Net Income": 38485000.0,
        "Net Income Including Noncontrolling Interests": 38485000.0,
        "Net Income Continuous Operations": 38485000.0,
        "Tax Provision": 15269000.0,
        "Pretax Income": 53754000.0,
        "Special Income Charges": -2933000.0,
        "Restructuring And Mergern Acquisition": 2193000.0,
        "Gain On Sale Of Security": 1685000.0,
        "Depreciation Amortization Depletion Income Statement": 430000.0,
        "Depreciation And Amortization In Income Statement": 430000.0,
        "Amortization": 430000.0,
        "Amortization Of Intangibles Income Statement": 430000.0,
        "Selling General And Administration": 35032000.0,
        "Selling And Marketing Expense": 1515000.0,
        "General And Administrative Expense": 33517000.0,
        "Other Gand A": 3913000.0,
        "Insurance And Claims": 1150000.0,
        "Salaries And Wages": 28454000.0,
        "Total Revenue": 105636000.0,
        "Operating Revenue": 105636000.0
    },
    "2022-03-31": {
        "Diluted EPS": 0.82,
        "Total Revenue": 101,
        "Gross Profit": 96,
        "Operating Income": 48,
        "EBIT": NaN,
        "Net Income": 33
    },
    "2021-12-31": {
        "Diluted EPS": 1.03,
        "Total Revenue": 107,
        "Gross Profit": 102,
        "Operating Income": 53,
        "EBIT": NaN,
        "Net Income": 34
    },
    "2021-09-30": {
        "Diluted EPS": 0.89,
        "Total Revenue": 110,
        "Gross Profit": 105,
        "Operating Income": 60,
        "EBIT": NaN,
        "Net Income": 36
    },
    "2021-06-30": {
        "Diluted EPS": 1.19,
        "Total Revenue": 130,
        "Gross Profit": 123,
        "Operating Income": 76,
        "EBIT": NaN,
        "Net Income": 49
    },
    "2021-03-31": {
        "Diluted EPS": -0.66,
        "Total Revenue": 79,
        "Gross Profit": 70,
        "Operating Income": 10,
        "EBIT": NaN,
        "Net Income": -23
    },
    "2020-12-31": {
        "Diluted EPS": 0.17,
        "Total Revenue": 62,
        "Gross Profit": 51,
        "Operating Income": 20,
        "EBIT": NaN,
        "Net Income": 3
    },
    "2020-09-30": {
        "Diluted EPS": 0.65,
        "Total Revenue": 64,
        "Gross Profit": 51,
        "Operating Income": 21,
        "EBIT": NaN,
        "Net Income": 14
    },
    "2020-06-30": {
        "Diluted EPS": 0.55,
        "Total Revenue": 67,
        "Gross Profit": 52,
        "Operating Income": 18,
        "EBIT": NaN,
        "Net Income": 12
    },
    "2020-03-31": {
        "Diluted EPS": 0.37,
        "Total Revenue": 63,
        "Gross Profit": 45,
        "Operating Income": 11,
        "EBIT": NaN,
        "Net Income": 8
    },
    "2019-12-31": {
        "Diluted EPS": -0.33,
        "Total Revenue": 96,
        "Gross Profit": 36,
        "Operating Income": -1,
        "EBIT": NaN,
        "Net Income": -1
    },
    "2019-09-30": {
        "Diluted EPS": 0.7,
        "Total Revenue": 53,
        "Gross Profit": 43,
        "Operating Income": 18,
        "EBIT": NaN,
        "Net Income": 14
    },
    "2019-06-30": {
        "Diluted EPS": 0.53,
        "Total Revenue": 52,
        "Gross Profit": 41,
        "Operating Income": 14,
        "EBIT": NaN,
        "Net Income": 10
    },
    "2019-03-31": {
        "Diluted EPS": 0.65,
        "Total Revenue": 50,
        "Gross Profit": 40,
        "Operating Income": 16,
        "EBIT": NaN,
        "Net Income": 13
    },
    "2018-12-31": {
        "Diluted EPS": 0.69,
        "Total Revenue": 49,
        "Gross Profit": 39,
        "Operating Income": 17,
        "EBIT": NaN,
        "Net Income": 14
    },
    "2018-09-30": {
        "Diluted EPS": 0.33,
        "Total Revenue": 48,
        "Gross Profit": 39,
        "Operating Income": 8,
        "EBIT": NaN,
        "Net Income": 6
    },
    "2018-06-30": {
        "Diluted EPS": 0.34,
        "Total Revenue": 39,
        "Gross Profit": 31,
        "Operating Income": 8,
        "EBIT": NaN,
        "Net Income": 7
    },
    "2018-03-31": {
        "Diluted EPS": 0.61,
        "Total Revenue": 45,
        "Gross Profit": 39,
        "Operating Income": 15,
        "EBIT": NaN,
        "Net Income": 12
    },
    "2017-12-31": {
        "Diluted EPS": -0.36,
        "Total Revenue": 44,
        "Gross Profit": 38,
        "Operating Income": 7,
        "EBIT": NaN,
        "Net Income": -7
    },
    "2017-09-30": {
        "Diluted EPS": 0.48,
        "Total Revenue": 43,
        "Gross Profit": 37,
        "Operating Income": 14,
        "EBIT": NaN,
        "Net Income": 9
    },
    "2017-06-30": {
        "Diluted EPS": 0.45,
        "Total Revenue": 41,
        "Gross Profit": 35,
        "Operating Income": 13,
        "EBIT": NaN,
        "Net Income": 9
    },
    "2017-03-31": {
        "Diluted EPS": 0.47,
        "Total Revenue": 39,
        "Gross Profit": 35,
        "Operating Income": 13,
        "EBIT": NaN,
        "Net Income": 9
    },
    "2016-12-31": {
        "Diluted EPS": 0.51,
        "Total Revenue": 38,
        "Gross Profit": 34,
        "Operating Income": 14,
        "EBIT": NaN,
        "Net Income": 9
    },
    "2016-09-30": {
        "Diluted EPS": 0.5,
        "Total Revenue": 39,
        "Gross Profit": 35,
        "Operating Income": 14,
        "EBIT": NaN,
        "Net Income": 9
    },
    "2016-06-30": {
        "Diluted EPS": 0.5,
        "Total Revenue": 39,
        "Gross Profit": 35,
        "Operating Income": 14,
        "EBIT": NaN,
        "Net Income": 9
    },
    "2016-03-31": {
        "Diluted EPS": 0.49,
        "Total Revenue": 38,
        "Gross Profit": 33,
        "Operating Income": 13,
        "EBIT": NaN,
        "Net Income": 8
    },
    "2015-12-31": {
        "Diluted EPS": 0.53,
        "Total Revenue": 35,
        "Gross Profit": 31,
        "Operating Income": 12,
        "EBIT": NaN,
        "Net Income": 8
    },
    "2015-09-30": {
        "Diluted EPS": 0.45,
        "Total Revenue": 36,
        "Gross Profit": 33,
        "Operating Income": 12,
        "EBIT": NaN,
        "Net Income": 8
    },
    "2015-06-30": {
        "Diluted EPS": 0.04,
        "Total Revenue": 25,
        "Gross Profit": 23,
        "Operating Income": 0,
        "EBIT": NaN,
        "Net Income": 0
    },
    "2015-03-31": {
        "Diluted EPS": 0.41,
        "Total Revenue": 23,
        "Gross Profit": 21,
        "Operating Income": 7,
        "EBIT": NaN,
        "Net Income": 5
    },
    "2014-12-31": {
        "Diluted EPS": 0.35,
        "Total Revenue": 22,
        "Gross Profit": 20,
        "Operating Income": 7,
        "EBIT": NaN,
        "Net Income": 4
    },
    "2014-09-30": {
        "Diluted EPS": 0.42,
        "Total Revenue": 22,
        "Gross Profit": 20,
        "Operating Income": 7,
        "EBIT": NaN,
        "Net Income": 5
    },
    "2014-06-30": {
        "Diluted EPS": 0.37,
        "Total Revenue": 21,
        "Gross Profit": 19,
        "Operating Income": 6,
        "EBIT": NaN,
        "Net Income": 4
    },
    "2014-03-31": {
        "Diluted EPS": 0.04,
        "Total Revenue": 18,
        "Gross Profit": 16,
        "Operating Income": 1,
        "EBIT": NaN,
        "Net Income": 0
    },
    "2013-12-31": {
        "Diluted EPS": 0.31,
        "Total Revenue": 18,
        "Gross Profit": 16,
        "Operating Income": 6,
        "EBIT": NaN,
        "Net Income": 3
    },
    "2013-09-30": {
        "Diluted EPS": 0.34,
        "Total Revenue": 17,
        "Gross Profit": 15,
        "Operating Income": 5,
        "EBIT": NaN,
        "Net Income": 3
    },
    "2013-06-30": {
        "Diluted EPS": 0.36,
        "Total Revenue": 17,
        "Gross Profit": 15,
        "Operating Income": 5,
        "EBIT": NaN,
        "Net Income": 3
    },
    "2013-03-31": {
        "Diluted EPS": 0.35,
        "Total Revenue": 16,
        "Gross Profit": 14,
        "Operating Income": 5,
        "EBIT": NaN,
        "Net Income": 3
    },
    "2012-12-31": {
        "Diluted EPS": 0.38,
        "Total Revenue": 17,
        "Gross Profit": 15,
        "Operating Income": 5,
        "EBIT": NaN,
        "Net Income": 3
    },
    "2012-09-30": {
        "Diluted EPS": 0.39,
        "Total Revenue": 16,
        "Gross Profit": 14,
        "Operating Income": 5,
        "EBIT": NaN,
        "Net Income": 3
    },
    "2012-06-30": {
        "Diluted EPS": 0.36,
        "Total Revenue": 17,
        "Gross Profit": 16,
        "Operating Income": 5,
        "EBIT": NaN,
        "Net Income": 3
    },
    "2012-03-31": {
        "Diluted EPS": 0.35,
        "Total Revenue": 15,
        "Gross Profit": 13,
        "Operating Income": 4,
        "EBIT": NaN,
        "Net Income": 3
    },
    "2011-12-31": {
        "Diluted EPS": 0.41,
        "Total Revenue": 15,
        "Gross Profit": 13,
        "Operating Income": 4,
        "EBIT": NaN,
        "Net Income": 3
    },
    "2011-09-30": {
        "Diluted EPS": 0.41,
        "Total Revenue": 15,
        "Gross Profit": 13,
        "Operating Income": 4,
        "EBIT": NaN,
        "Net Income": 3
    },
    "2011-06-30": {
        "Diluted EPS": 0.38,
        "Total Revenue": 14,
        "Gross Profit": 12,
        "Operating Income": 4,
        "EBIT": NaN,
        "Net Income": 2
    },
    "2011-03-31": {
        "Diluted EPS": 0.34,
        "Total Revenue": 13,
        "Gross Profit": 11,
        "Operating Income": 3,
        "EBIT": NaN,
        "Net Income": 2
    },
    "2010-12-31": {
        "Diluted EPS": 0.37,
        "Total Revenue": 13,
        "Gross Profit": 11,
        "Operating Income": 3,
        "EBIT": NaN,
        "Net Income": 2
    },
    "2010-09-30": {
        "Diluted EPS": 0.38,
        "Total Revenue": 13,
        "Gross Profit": 11,
        "Operating Income": 3,
        "EBIT": NaN,
        "Net Income": 2
    },
    "2010-06-30": {
        "Diluted EPS": 0.36,
        "Total Revenue": 13,
        "Gross Profit": 11,
        "Operating Income": 3,
        "EBIT": NaN,
        "Net Income": 2
    },
    "2010-03-31": {
        "Diluted EPS": 0.34,
        "Total Revenue": 13,
        "Gross Profit": 11,
        "Operating Income": 3,
        "EBIT": NaN,
        "Net Income": 2
    },
    "2009-12-31": {
        "Diluted EPS": 0.35,
        "Total Revenue": 12,
        "Gross Profit": 10,
        "Operating Income": 3,
        "EBIT": NaN,
        "Net Income": 2
    },
    "2009-09-30": {
        "Diluted EPS": 0.37,
        "Total Revenue": 12,
        "Gross Profit": 10,
        "Operating Income": 3,
        "EBIT": NaN,
        "Net Income": 2
    },
    "2009-06-30": {
        "Diluted EPS": 0.33,
        "Total Revenue": 13,
        "Gross Profit": 11,
        "Operating Income": 3,
        "EBIT": NaN,
        "Net Income": 2
    },
    "2009-03-31": {
        "Diluted EPS": 0.36,
        "Total Revenue": 12,
        "Gross Profit": 10,
        "Operating Income": 3,
        "EBIT": NaN,
        "Net Income": 2
    },
    "2023-09-30": {
        "Tax Effect Of Unusual Items": -3002693.4,
        "Tax Rate For Calcs": 0.3507,
        "Total Unusual Items": -8562000.0,
        "Total Unusual Items Excluding Goodwill": -8562000.0,
        "Net Income From Continuing Operation Net Minority Interest": 14985000.0,
        "Reconciled Depreciation": 1853000.0,
        "Net Interest Income": 76479000.0,
        "Interest Expense": 81362000.0,
        "Interest Income": 157841000.0,
        "Normalized Income": 20544306.6,
        "Net Income From Continuing And Discontinued Operation": 14985000.0,
        "Diluted Average Shares": 38203961.0,
        "Basic Average Shares": 38203961.0,
        "Diluted EPS": 0.34,
        "Basic EPS": 0.34,
        "Diluted NI Availto Com Stockholders": 12954000.0,
        "Net Income Common Stockholders": 12954000.0,
        "Otherunder Preferred Stock Dividend": 209000.0,
        "Preferred Stock Dividends": 1822000.0,
        "Net Income": 14985000.0,
        "Net Income Including Noncontrolling Interests": 14985000.0,
        "Net Income Continuous Operations": 14985000.0,
        "Tax Provision": 8093000.0,
        "Pretax Income": 23078000.0,
        "Special Income Charges": -8562000.0,
        "Restructuring And Mergern Acquisition": 8562000.0,
        "Gain On Sale Of Security": 462000.0,
        "Depreciation Amortization Depletion Income Statement": 349000.0,
        "Depreciation And Amortization In Income Statement": 349000.0,
        "Amortization": 349000.0,
        "Amortization Of Intangibles Income Statement": 349000.0,
        "Selling General And Administration": 34465000.0,
        "Selling And Marketing Expense": 2079000.0,
        "General And Administrative Expense": 32386000.0,
        "Other Gand A": NaN,
        "Insurance And Claims": 1866000.0,
        "Salaries And Wages": 30520000.0,
        "Total Revenue": 84407000.0,
        "Operating Revenue": 84407000.0,
        "Occupancy And Equipment": 7277000.0,
        "Professional Expense And Contract Services Expense": 1277000.0,
        "Other Non Interest Expense": 7593000.0
    },
    "2023-12-31": {
        "Tax Effect Of Unusual Items": -8903.825654,
        "Tax Rate For Calcs": 0.356153,
        "Total Unusual Items": -25000.0,
        "Total Unusual Items Excluding Goodwill": -25000.0,
        "Net Income From Continuing Operation Net Minority Interest": 16308000.0,
        "Reconciled Depreciation": 1815000.0,
        "Net Interest Income": 74121000.0,
        "Interest Expense": 84635000.0,
        "Interest Income": 158756000.0,
        "Normalized Income": 16324096.174346,
        "Net Income From Continuing And Discontinued Operation": 16308000.0,
        "Diluted Average Shares": 39154054.0,
        "Basic Average Shares": 39154054.0,
        "Diluted EPS": 0.37,
        "Basic EPS": 0.37,
        "Diluted NI Availto Com Stockholders": 14262000.0,
        "Net Income Common Stockholders": 14262000.0,
        "Otherunder Preferred Stock Dividend": 225000.0,
        "Preferred Stock Dividends": 1821000.0,
        "Net Income": 16308000.0,
        "Net Income Including Noncontrolling Interests": 16308000.0,
        "Net Income Continuous Operations": 16308000.0,
        "Tax Provision": 9021000.0,
        "Pretax Income": 25329000.0,
        "Special Income Charges": -25000.0,
        "Restructuring And Mergern Acquisition": 25000.0,
        "Gain On Sale Of Security": 1049000.0,
        "Depreciation Amortization Depletion Income Statement": 350000.0,
        "Depreciation And Amortization In Income Statement": 350000.0,
        "Amortization": 350000.0,
        "Amortization Of Intangibles Income Statement": 350000.0,
        "Selling General And Administration": 35388000.0,
        "Selling And Marketing Expense": 1765000.0,
        "General And Administrative Expense": 33623000.0,
        "Other Gand A": NaN,
        "Insurance And Claims": 3240000.0,
        "Salaries And Wages": 30383000.0,
        "Total Revenue": 82993000.0,
        "Operating Revenue": 82993000.0,
        "Occupancy And Equipment": 7261000.0,
        "Professional Expense And Contract Services Expense": 1279000.0,
        "Other Non Interest Expense": 9641000.0
    },
    "2024-03-31": {
        "Tax Effect Of Unusual Items": 670183.0,
        "Tax Rate For Calcs": 0.271,
        "Total Unusual Items": 2473000.0,
        "Total Unusual Items Excluding Goodwill": 2473000.0,
        "Net Income From Continuing Operation Net Minority Interest": 17691000.0,
        "Reconciled Depreciation": 1881000.0,
        "Net Interest Income": 71530000.0,
        "Interest Expense": 89479000.0,
        "Interest Income": 161009000.0,
        "Normalized Income": 15888183.0,
        "Net Income From Continuing And Discontinued Operation": 17691000.0,
        "Diluted Average Shares": 38255558.0,
        "Basic Average Shares": 38255558.0,
        "Diluted EPS": 0.41,
        "Basic EPS": 0.41,
        "Diluted NI Availto Com Stockholders": 15613000.0,
        "Net Income Common Stockholders": 15613000.0,
        "Otherunder Preferred Stock Dividend": 257000.0,
        "Preferred Stock Dividends": 1821000.0,
        "Net Income": 17691000.0,
        "Net Income Including Noncontrolling Interests": 17691000.0,
        "Net Income Continuous Operations": 17691000.0,
        "Tax Provision": 6585000.0,
        "Pretax Income": 24276000.0,
        "Special Income Charges": -495000.0,
        "Restructuring And Mergern Acquisition": 42000.0,
        "Gain On Sale Of Security": -436000.0,
        "Depreciation Amortization Depletion Income Statement": 307000.0,
        "Depreciation And Amortization In Income Statement": 307000.0,
        "Amortization": 307000.0,
        "Amortization Of Intangibles Income Statement": 307000.0,
        "Selling General And Administration": 35773000.0,
        "Selling And Marketing Expense": 1497000.0,
        "General And Administrative Expense": 34276000.0,
        "Other Gand A": NaN,
        "Insurance And Claims": 2239000.0,
        "Salaries And Wages": 32037000.0,
        "Total Revenue": 81997000.0,
        "Operating Revenue": 81997000.0,
        "Occupancy And Equipment": 7368000.0,
        "Professional Expense And Contract Services Expense": 1467000.0,
        "Other Non Interest Expense": 7101000.0
    },
    "2024-06-30": {
        "Tax Effect Of Unusual Items": 1071977.257885,
        "Tax Rate For Calcs": 0.290116,
        "Total Unusual Items": 3695000.0,
        "Total Unusual Items Excluding Goodwill": 3695000.0,
        "Net Income From Continuing Operation Net Minority Interest": 18479000.0,
        "Reconciled Depreciation": 1642000.0,
        "Net Interest Income": 75502000.0,
        "Interest Expense": 83916000.0,
        "Interest Income": 159418000.0,
        "Normalized Income": 15855977.257885,
        "Net Income From Continuing And Discontinued Operation": 18479000.0,
        "Diluted Average Shares": 38329485.0,
        "Basic Average Shares": 38329485.0,
        "Diluted EPS": 0.43,
        "Basic EPS": 0.43,
        "Diluted NI Availto Com Stockholders": 16365000.0,
        "Net Income Common Stockholders": 16365000.0,
        "Otherunder Preferred Stock Dividend": 292000.0,
        "Preferred Stock Dividends": 1822000.0,
        "Net Income": 18479000.0,
        "Net Income Including Noncontrolling Interests": 18479000.0,
        "Net Income Continuous Operations": 18479000.0,
        "Tax Provision": 7552000.0,
        "Pretax Income": 26031000.0,
        "Special Income Charges": 0.0,
        "Restructuring And Mergern Acquisition": 0.0,
        "Gain On Sale Of Security": 669000.0,
        "Depreciation Amortization Depletion Income Statement": 285000.0,
        "Depreciation And Amortization In Income Statement": 285000.0,
        "Amortization": 285000.0,
        "Amortization Of Intangibles Income Statement": 285000.0,
        "Selling General And Administration": 40476000.0,
        "Selling And Marketing Expense": 1637000.0,
        "General And Administrative Expense": 38839000.0,
        "Other Gand A": 4405000.0,
        "Insurance And Claims": 2250000.0,
        "Salaries And Wages": 32184000.0,
        "Total Revenue": 87310000.0,
        "Operating Revenue": 87310000.0,
        "Occupancy And Equipment": 7409000.0,
        "Professional Expense And Contract Services Expense": 2766000.0,
        "Other Non Interest Expense": 4758000.0
    }
}