{
    "2023-03-31": {
        "Tax Effect Of Unusual Items": 0.0,
        "Tax Rate For Calcs": 0.21,
        "Normalized EBITDA": -24176000.0,
        "Total Unusual Items": -372000.0,
        "Total Unusual Items Excluding Goodwill": -372000.0,
        "Net Income From Continuing Operation Net Minority Interest": -29421000.0,
        "Reconciled Depreciation": 9220000.0,
        "Reconciled Cost Of Revenue": 74138000.0,
        "EBITDA": -24176000.0,
        "EBIT": -33396000.0,
        "Net Interest Income": 3875000.0,
        "Interest Expense": NaN,
        "Interest Income": 4247000.0,
        "Normalized Income": -29421000.0,
        "Net Income From Continuing And Discontinued Operation": -29421000.0,
        "Total Expenses": 154632000.0,
        "Total Operating Income As Reported": -33396000.0,
        "Diluted Average Shares": 129158000.0,
        "Basic Average Shares": 129158000.0,
        "Diluted EPS": -0.23,
        "Basic EPS": -0.23,
        "Diluted NI Availto Com Stockholders": -29421000.0,
        "Net Income Common Stockholders": -29421000.0,
        "Otherunder Preferred Stock Dividend": 88000.0,
        "Net Income": -29421000.0,
        "Minority Interests": 108000.0,
        "Net Income Including Noncontrolling Interests": -29529000.0,
        "Net Income Continuous Operations": -29529000.0,
        "Earnings From Equity Interest Net Of Tax": NaN,
        "Tax Provision": 8000.0,
        "Pretax Income": -29521000.0,
        "Other Income Expense": -372000.0,
        "Other Non Operating Income Expenses": NaN,
        "Special Income Charges": NaN,
        "Impairment Of Capital Assets": NaN,
        "Gain On Sale Of Security": -372000.0,
        "Net Non Operating Interest Income Expense": 3875000.0,
        "Total Other Finance Cost": -3875000.0,
        "Interest Expense Non Operating": NaN,
        "Interest Income Non Operating": 4247000.0,
        "Operating Income": -33396000.0,
        "Operating Expense": 80494000.0,
        "Research And Development": 22209000.0,
        "Selling General And Administration": 58285000.0,
        "Gross Profit": 47098000.0,
        "Cost Of Revenue": 74138000.0,
        "Total Revenue": 121236000.0,
        "Operating Revenue": 121236000.0
    },
    "2022-12-31": {
        "Tax Effect Of Unusual Items": 0.0,
        "Tax Rate For Calcs": 0.029229,
        "Normalized EBITDA": -17622000.0,
        "Total Unusual Items": -231000.0,
        "Total Unusual Items Excluding Goodwill": -231000.0,
        "Net Income From Continuing Operation Net Minority Interest": -25553000.0,
        "Reconciled Depreciation": 10422000.0,
        "Reconciled Cost Of Revenue": 78102000.0,
        "EBITDA": -17622000.0,
        "EBIT": -28044000.0,
        "Net Interest Income": 1666000.0,
        "Interest Expense": NaN,
        "Interest Income": 2522000.0,
        "Normalized Income": -25553000.0,
        "Net Income From Continuing And Discontinued Operation": -25553000.0,
        "Total Expenses": 160776000.0,
        "Total Operating Income As Reported": -28044000.0,
        "Diluted Average Shares": 128828000.0,
        "Basic Average Shares": 128828000.0,
        "Diluted EPS": -0.2,
        "Basic EPS": -0.2,
        "Diluted NI Availto Com Stockholders": -25553000.0,
        "Net Income Common Stockholders": -25553000.0,
        "Otherunder Preferred Stock Dividend": NaN,
        "Net Income": -25553000.0,
        "Minority Interests": 54000.0,
        "Net Income Including Noncontrolling Interests": -25607000.0,
        "Net Income Continuous Operations": -25607000.0,
        "Earnings From Equity Interest Net Of Tax": NaN,
        "Tax Provision": -771000.0,
        "Pretax Income": -26378000.0,
        "Other Income Expense": -856000.0,
        "Other Non Operating Income Expenses": -625000.0,
        "Special Income Charges": NaN,
        "Impairment Of Capital Assets": NaN,
        "Gain On Sale Of Security": -231000.0,
        "Net Non Operating Interest Income Expense": 1666000.0,
        "Total Other Finance Cost": -1666000.0,
        "Interest Expense Non Operating": NaN,
        "Interest Income Non Operating": 2522000.0,
        "Operating Income": -28044000.0,
        "Operating Expense": 82674000.0,
        "Research And Development": 23891000.0,
        "Selling General And Administration": 58783000.0,
        "Gross Profit": 54630000.0,
        "Cost Of Revenue": 78102000.0,
        "Total Revenue": 132732000.0,
        "Operating Revenue": 132732000.0
    },
    "2022-09-30": {
        "Tax Effect Of Unusual Items": 0.0,
        "Tax Rate For Calcs": 0.21,
        "Normalized EBITDA": -33705000.0,
        "Total Unusual Items": -764000.0,
        "Total Unusual Items Excluding Goodwill": -764000.0,
        "Net Income From Continuing Operation Net Minority Interest": -37398000.0,
        "Reconciled Depreciation": 10066000.0,
        "Reconciled Cost Of Revenue": 79583000.0,
        "EBITDA": -33705000.0,
        "EBIT": -33705000.0,
        "Net Interest Income": -3502000.0,
        "Interest Expense": NaN,
        "Interest Income": 2029000.0,
        "Normalized Income": -37398000.0,
        "Net Income From Continuing And Discontinued Operation": -37398000.0,
        "Total Expenses": 165958000.0,
        "Total Operating Income As Reported": -33705000.0,
        "Diluted Average Shares": 127991000.0,
        "Basic Average Shares": 127991000.0,
        "Diluted EPS": -0.3,
        "Basic EPS": -0.3,
        "Diluted NI Availto Com Stockholders": -37398000.0,
        "Net Income Common Stockholders": -37398000.0,
        "Otherunder Preferred Stock Dividend": 462000.0,
        "Net Income": -37398000.0,
        "Minority Interests": 147000.0,
        "Net Income Including Noncontrolling Interests": -37545000.0,
        "Net Income Continuous Operations": -37545000.0,
        "Earnings From Equity Interest Net Of Tax": NaN,
        "Tax Provision": 338000.0,
        "Pretax Income": -37207000.0,
        "Other Income Expense": -5531000.0,
        "Other Non Operating Income Expenses": -4767000.0,
        "Special Income Charges": NaN,
        "Impairment Of Capital Assets": NaN,
        "Gain On Sale Of Security": -764000.0,
        "Net Non Operating Interest Income Expense": -3502000.0,
        "Total Other Finance Cost": 3502000.0,
        "Interest Expense Non Operating": NaN,
        "Interest Income Non Operating": 2029000.0,
        "Operating Income": -33705000.0,
        "Operating Expense": 86375000.0,
        "Research And Development": 20796000.0,
        "Selling General And Administration": 65579000.0,
        "Gross Profit": 52670000.0,
        "Cost Of Revenue": 79583000.0,
        "Total Revenue": 132253000.0,
        "Operating Revenue": 132253000.0
    },
    "2022-06-30": {
        "Tax Effect Of Unusual Items": -484400.0,
        "Tax Rate For Calcs": 0.4,
        "Normalized EBITDA": -21162000.0,
        "Total Unusual Items": -1211000.0,
        "Total Unusual Items Excluding Goodwill": -1211000.0,
        "Net Income From Continuing Operation Net Minority Interest": -32961000.0,
        "Reconciled Depreciation": 9051000.0,
        "Reconciled Cost Of Revenue": 86907000.0,
        "EBITDA": -22373000.0,
        "EBIT": -31424000.0,
        "Net Interest Income": 1540000.0,
        "Interest Expense": 285000.0,
        "Interest Income": 1825000.0,
        "Normalized Income": -32234400.0,
        "Net Income From Continuing And Discontinued Operation": -32961000.0,
        "Total Expenses": 172083000.0,
        "Total Operating Income As Reported": -32038000.0,
        "Diluted Average Shares": 127703000.0,
        "Basic Average Shares": 127703000.0,
        "Diluted EPS": -0.26,
        "Basic EPS": -0.26,
        "Diluted NI Availto Com Stockholders": -32961000.0,
        "Net Income Common Stockholders": -32961000.0,
        "Otherunder Preferred Stock Dividend": NaN,
        "Net Income": -32961000.0,
        "Minority Interests": 37000.0,
        "Net Income Including Noncontrolling Interests": -32998000.0,
        "Net Income Continuous Operations": -32998000.0,
        "Earnings From Equity Interest Net Of Tax": NaN,
        "Tax Provision": 1289000.0,
        "Pretax Income": -31709000.0,
        "Other Income Expense": -1211000.0,
        "Other Non Operating Income Expenses": -285000.0,
        "Gain On Sale Of Security": -1211000.0,
        "Net Non Operating Interest Income Expense": 1540000.0,
        "Total Other Finance Cost": NaN,
        "Interest Expense Non Operating": 285000.0,
        "Interest Income Non Operating": 1825000.0,
        "Operating Income": -32038000.0,
        "Operating Expense": 85176000.0,
        "Research And Development": 20772000.0,
        "Selling General And Administration": 64404000.0,
        "Gross Profit": 53138000.0,
        "Cost Of Revenue": 86907000.0,
        "Total Revenue": 140045000.0,
        "Operating Revenue": 140045000.0
    },
    "2022-03-31": {
        "Diluted EPS": -0.21,
        "Total Revenue": 133,
        "Gross Profit": 54,
        "Operating Income": -23,
        "EBIT": -14,
        "Net Income": -27
    },
    "2021-12-31": {
        "Diluted EPS": -0.07,
        "Total Revenue": 151,
        "Gross Profit": 66,
        "Operating Income": -4,
        "EBIT": 4,
        "Net Income": -6
    },
    "2021-09-30": {
        "Diluted EPS": 2.34,
        "Total Revenue": 156,
        "Gross Profit": 64,
        "Operating Income": -17,
        "EBIT": -9,
        "Net Income": 293
    },
    "2021-06-30": {
        "Diluted EPS": -0.08,
        "Total Revenue": 163,
        "Gross Profit": 69,
        "Operating Income": -10,
        "EBIT": -1,
        "Net Income": -10
    },
    "2021-03-31": {
        "Diluted EPS": 0.36,
        "Total Revenue": 146,
        "Gross Profit": 64,
        "Operating Income": -2,
        "EBIT": 7,
        "Net Income": 45
    },
    "2020-12-31": {
        "Diluted EPS": -0.16,
        "Total Revenue": 173,
        "Gross Profit": 72,
        "Operating Income": 1,
        "EBIT": 10,
        "Net Income": -20
    },
    "2020-09-30": {
        "Diluted EPS": -0.61,
        "Total Revenue": 136,
        "Gross Profit": 59,
        "Operating Income": -68,
        "EBIT": -56,
        "Net Income": -73
    },
    "2020-06-30": {
        "Diluted EPS": -0.33,
        "Total Revenue": 113,
        "Gross Profit": 35,
        "Operating Income": -34,
        "EBIT": -23,
        "Net Income": -38
    },
    "2020-03-31": {
        "Diluted EPS": -0.17,
        "Total Revenue": 136,
        "Gross Profit": 57,
        "Operating Income": -18,
        "EBIT": -7,
        "Net Income": -19
    },
    "2019-12-31": {
        "Diluted EPS": -0.03,
        "Total Revenue": 172,
        "Gross Profit": 74,
        "Operating Income": -5,
        "EBIT": 6,
        "Net Income": -5
    },
    "2019-09-30": {
        "Diluted EPS": -0.15,
        "Total Revenue": 155,
        "Gross Profit": 67,
        "Operating Income": -12,
        "EBIT": 1,
        "Net Income": -17
    },
    "2019-06-30": {
        "Diluted EPS": -0.21,
        "Total Revenue": 157,
        "Gross Profit": 73,
        "Operating Income": -19,
        "EBIT": -6,
        "Net Income": -24
    },
    "2019-03-31": {
        "Diluted EPS": -0.22,
        "Total Revenue": 152,
        "Gross Profit": 66,
        "Operating Income": -21,
        "EBIT": -8,
        "Net Income": -24
    },
    "2018-12-31": {
        "Diluted EPS": -0.04,
        "Total Revenue": 185,
        "Gross Profit": 83,
        "Operating Income": -7,
        "EBIT": 7,
        "Net Income": -4
    },
    "2018-09-30": {
        "Diluted EPS": -0.1,
        "Total Revenue": 165,
        "Gross Profit": 78,
        "Operating Income": -11,
        "EBIT": 4,
        "Net Income": -12
    },
    "2018-06-30": {
        "Diluted EPS": -0.08,
        "Total Revenue": 177,
        "Gross Profit": 86,
        "Operating Income": -8,
        "EBIT": 7,
        "Net Income": -9
    },
    "2018-03-31": {
        "Diluted EPS": -0.19,
        "Total Revenue": 166,
        "Gross Profit": 78,
        "Operating Income": -17,
        "EBIT": -2,
        "Net Income": -21
    },
    "2017-12-31": {
        "Diluted EPS": -0.08,
        "Total Revenue": 177,
        "Gross Profit": 85,
        "Operating Income": -6,
        "EBIT": 10,
        "Net Income": -10
    },
    "2017-09-30": {
        "Diluted EPS": -0.34,
        "Total Revenue": 153,
        "Gross Profit": 59,
        "Operating Income": -32,
        "EBIT": -17,
        "Net Income": -38
    },
    "2017-06-30": {
        "Diluted EPS": -0.08,
        "Total Revenue": 159,
        "Gross Profit": 81,
        "Operating Income": -7,
        "EBIT": 9,
        "Net Income": -8
    },
    "2017-03-31": {
        "Diluted EPS": -0.09,
        "Total Revenue": 156,
        "Gross Profit": 80,
        "Operating Income": -9,
        "EBIT": 6,
        "Net Income": -10
    },
    "2016-12-31": {
        "Diluted EPS": 0.04,
        "Total Revenue": 166,
        "Gross Profit": 83,
        "Operating Income": 4,
        "EBIT": 19,
        "Net Income": 5
    },
    "2016-09-30": {
        "Diluted EPS": -0.19,
        "Total Revenue": 156,
        "Gross Profit": 69,
        "Operating Income": -22,
        "EBIT": -7,
        "Net Income": -21
    },
    "2016-06-30": {
        "Diluted EPS": -0.04,
        "Total Revenue": 158,
        "Gross Profit": 80,
        "Operating Income": -4,
        "EBIT": 12,
        "Net Income": -5
    },
    "2016-03-31": {
        "Diluted EPS": -0.16,
        "Total Revenue": 153,
        "Gross Profit": 78,
        "Operating Income": -17,
        "EBIT": -2,
        "Net Income": -18
    },
    "2015-12-31": {
        "Diluted EPS": -5.32,
        "Total Revenue": 183,
        "Gross Profit": 60,
        "Operating Income": -566,
        "EBIT": -547,
        "Net Income": -596
    },
    "2015-09-30": {
        "Diluted EPS": -0.29,
        "Total Revenue": 152,
        "Gross Profit": 71,
        "Operating Income": -35,
        "EBIT": -13,
        "Net Income": -32
    },
    "2015-06-30": {
        "Diluted EPS": -0.12,
        "Total Revenue": 171,
        "Gross Profit": 82,
        "Operating Income": -24,
        "EBIT": -1,
        "Net Income": -14
    },
    "2015-03-31": {
        "Diluted EPS": -0.12,
        "Total Revenue": 161,
        "Gross Profit": 79,
        "Operating Income": -18,
        "EBIT": 2,
        "Net Income": -13
    },
    "2014-12-31": {
        "Diluted EPS": 0.01,
        "Total Revenue": 187,
        "Gross Profit": 90,
        "Operating Income": 4,
        "EBIT": 20,
        "Net Income": 2
    },
    "2014-09-30": {
        "Diluted EPS": 0.03,
        "Total Revenue": 167,
        "Gross Profit": 80,
        "Operating Income": 8,
        "EBIT": 23,
        "Net Income": 3
    },
    "2014-06-30": {
        "Diluted EPS": 0.02,
        "Total Revenue": 152,
        "Gross Profit": 72,
        "Operating Income": 4,
        "EBIT": 16,
        "Net Income": 2
    },
    "2014-03-31": {
        "Diluted EPS": 0.05,
        "Total Revenue": 148,
        "Gross Profit": 75,
        "Operating Income": 10,
        "EBIT": 22,
        "Net Income": 5
    },
    "2013-12-31": {
        "Diluted EPS": 0.12,
        "Total Revenue": 155,
        "Gross Profit": 80,
        "Operating Income": 18,
        "EBIT": 26,
        "Net Income": 11
    },
    "2013-09-30": {
        "Diluted EPS": 0.17,
        "Total Revenue": 136,
        "Gross Profit": 71,
        "Operating Income": 29,
        "EBIT": 37,
        "Net Income": 18
    },
    "2013-06-30": {
        "Diluted EPS": 0.1,
        "Total Revenue": 121,
        "Gross Profit": 63,
        "Operating Income": 17,
        "EBIT": 24,
        "Net Income": 9
    },
    "2013-03-31": {
        "Diluted EPS": 0.06,
        "Total Revenue": 102,
        "Gross Profit": 53,
        "Operating Income": 18,
        "EBIT": 24,
        "Net Income": 6
    },
    "2012-12-31": {
        "Diluted EPS": 0.13,
        "Total Revenue": 102,
        "Gross Profit": 52,
        "Operating Income": 18,
        "EBIT": 24,
        "Net Income": 11
    },
    "2012-09-30": {
        "Diluted EPS": 0.16,
        "Total Revenue": 91,
        "Gross Profit": 47,
        "Operating Income": 18,
        "EBIT": 24,
        "Net Income": 14
    },
    "2012-06-30": {
        "Diluted EPS": 0.11,
        "Total Revenue": 84,
        "Gross Profit": 43,
        "Operating Income": 14,
        "EBIT": 19,
        "Net Income": 8
    },
    "2012-03-31": {
        "Diluted EPS": 0.08,
        "Total Revenue": 78,
        "Gross Profit": 39,
        "Operating Income": 10,
        "EBIT": 15,
        "Net Income": 6
    },
    "2011-12-31": {
        "Diluted EPS": 0.11,
        "Total Revenue": 70,
        "Gross Profit": 33,
        "Operating Income": 11,
        "EBIT": 14,
        "Net Income": 8
    },
    "2011-09-30": {
        "Diluted EPS": 0.09,
        "Total Revenue": 58,
        "Gross Profit": 28,
        "Operating Income": 9,
        "EBIT": 11,
        "Net Income": 7
    },
    "2011-06-30": {
        "Diluted EPS": 0.17,
        "Total Revenue": 55,
        "Gross Profit": 25,
        "Operating Income": 8,
        "EBIT": 11,
        "Net Income": 13
    },
    "2011-03-31": {
        "Diluted EPS": 0.09,
        "Total Revenue": 48,
        "Gross Profit": 23,
        "Operating Income": 7,
        "EBIT": 10,
        "Net Income": 7
    },
    "2010-12-31": {
        "Diluted EPS": 0.14,
        "Total Revenue": 52,
        "Gross Profit": 25,
        "Operating Income": 10,
        "EBIT": 12,
        "Net Income": 9
    },
    "2010-09-30": {
        "Diluted EPS": 0.07,
        "Total Revenue": 42,
        "Gross Profit": 19,
        "Operating Income": 5,
        "EBIT": 7,
        "Net Income": 5
    },
    "2010-06-30": {
        "Diluted EPS": 0.04,
        "Total Revenue": 35,
        "Gross Profit": 16,
        "Operating Income": 3,
        "EBIT": 5,
        "Net Income": 3
    },
    "2010-03-31": {
        "Diluted EPS": 0.03,
        "Total Revenue": 32,
        "Gross Profit": 14,
        "Operating Income": 3,
        "EBIT": 4,
        "Net Income": 2
    },
    "2009-12-31": {
        "Diluted EPS": 0.05,
        "Total Revenue": 36,
        "Gross Profit": 16,
        "Operating Income": 4,
        "EBIT": 6,
        "Net Income": 4
    },
    "2009-09-30": {
        "Diluted EPS": 0.01,
        "Total Revenue": 28,
        "Gross Profit": 12,
        "Operating Income": 1,
        "EBIT": 2,
        "Net Income": 1
    },
    "2009-06-30": {
        "Diluted EPS": -0.02,
        "Total Revenue": 25,
        "Gross Profit": 11,
        "Operating Income": -1,
        "EBIT": 1,
        "Net Income": -1
    },
    "2009-03-31": {
        "Diluted EPS": -0.03,
        "Total Revenue": 24,
        "Gross Profit": 10,
        "Operating Income": -2,
        "EBIT": 0,
        "Net Income": -2
    },
    "2023-06-30": {
        "Tax Effect Of Unusual Items": 0.0,
        "Tax Rate For Calcs": 0.21,
        "Normalized EBITDA": -22507000.0,
        "Total Unusual Items": -1273000.0,
        "Total Unusual Items Excluding Goodwill": -1273000.0,
        "Net Income From Continuing Operation Net Minority Interest": -28895000.0,
        "Reconciled Depreciation": 9222000.0,
        "Reconciled Cost Of Revenue": 78178000.0,
        "EBITDA": -22507000.0,
        "EBIT": -31729000.0,
        "Net Interest Income": 3214000.0,
        "Interest Expense": NaN,
        "Interest Income": 3214000.0,
        "Normalized Income": -28895000.0,
        "Net Income From Continuing And Discontinued Operation": -28895000.0,
        "Total Expenses": 159923000.0,
        "Total Operating Income As Reported": -31729000.0,
        "Diluted Average Shares": 129907000.0,
        "Basic Average Shares": 129907000.0,
        "Diluted EPS": -0.22,
        "Basic EPS": -0.22,
        "Diluted NI Availto Com Stockholders": -28895000.0,
        "Net Income Common Stockholders": -28895000.0,
        "Otherunder Preferred Stock Dividend": NaN,
        "Net Income": -28895000.0,
        "Minority Interests": -16000.0,
        "Net Income Including Noncontrolling Interests": -28879000.0,
        "Net Income Continuous Operations": -28879000.0,
        "Earnings From Equity Interest Net Of Tax": -142000.0,
        "Tax Provision": 222000.0,
        "Pretax Income": -28515000.0,
        "Other Income Expense": -1273000.0,
        "Other Non Operating Income Expenses": NaN,
        "Special Income Charges": NaN,
        "Impairment Of Capital Assets": NaN,
        "Gain On Sale Of Security": -1273000.0,
        "Net Non Operating Interest Income Expense": 3214000.0,
        "Total Other Finance Cost": NaN,
        "Interest Expense Non Operating": NaN,
        "Interest Income Non Operating": 3214000.0,
        "Operating Income": -31729000.0,
        "Operating Expense": 81745000.0,
        "Research And Development": 22762000.0,
        "Selling General And Administration": 58983000.0,
        "Gross Profit": 50016000.0,
        "Cost Of Revenue": 78178000.0,
        "Total Revenue": 128194000.0,
        "Operating Revenue": 128194000.0
    },
    "2023-09-30": {
        "Tax Effect Of Unusual Items": -2855370.0,
        "Tax Rate For Calcs": 0.21,
        "Normalized EBITDA": 22222000.0,
        "Total Unusual Items": -13597000.0,
        "Total Unusual Items Excluding Goodwill": -13597000.0,
        "Net Income From Continuing Operation Net Minority Interest": -11704000.0,
        "Reconciled Depreciation": 8612000.0,
        "Reconciled Cost Of Revenue": 68441000.0,
        "EBITDA": 8625000.0,
        "EBIT": 13000.0,
        "Net Interest Income": 2602000.0,
        "Interest Expense": 105000.0,
        "Interest Income": 4909000.0,
        "Normalized Income": -962370.0,
        "Net Income From Continuing And Discontinued Operation": -11704000.0,
        "Total Expenses": 123778000.0,
        "Total Operating Income As Reported": -13584000.0,
        "Diluted Average Shares": 130263000.0,
        "Basic Average Shares": 130263000.0,
        "Diluted EPS": -0.09,
        "Basic EPS": -0.09,
        "Diluted NI Availto Com Stockholders": -11704000.0,
        "Net Income Common Stockholders": -11704000.0,
        "Otherunder Preferred Stock Dividend": 61000.0,
        "Net Income": -11704000.0,
        "Minority Interests": 57000.0,
        "Net Income Including Noncontrolling Interests": -11761000.0,
        "Net Income Continuous Operations": -11761000.0,
        "Earnings From Equity Interest Net Of Tax": -605000.0,
        "Tax Provision": 174000.0,
        "Pretax Income": -10982000.0,
        "Other Income Expense": -13597000.0,
        "Other Non Operating Income Expenses": NaN,
        "Special Income Charges": -13597000.0,
        "Impairment Of Capital Assets": 13597000.0,
        "Gain On Sale Of Security": -2202000.0,
        "Net Non Operating Interest Income Expense": 2602000.0,
        "Total Other Finance Cost": -2602000.0,
        "Interest Expense Non Operating": 105000.0,
        "Interest Income Non Operating": 4909000.0,
        "Operating Income": 13000.0,
        "Operating Expense": 55337000.0,
        "Research And Development": 21982000.0,
        "Selling General And Administration": 33355000.0,
        "Gross Profit": 55350000.0,
        "Cost Of Revenue": 68441000.0,
        "Total Revenue": 123791000.0,
        "Operating Revenue": 123791000.0
    }
}