{
    "2023-03-31": {
        "Tax Effect Of Unusual Items": NaN,
        "Tax Rate For Calcs": NaN,
        "Normalized EBITDA": NaN,
        "Total Unusual Items": NaN,
        "Total Unusual Items Excluding Goodwill": NaN,
        "Net Income From Continuing Operation Net Minority Interest": NaN,
        "Reconciled Depreciation": NaN,
        "Reconciled Cost Of Revenue": NaN,
        "EBITDA": NaN,
        "EBIT": NaN,
        "Net Interest Income": NaN,
        "Interest Expense": NaN,
        "Interest Income": NaN,
        "Normalized Income": NaN,
        "Net Income From Continuing And Discontinued Operation": NaN,
        "Total Expenses": NaN,
        "Total Operating Income As Reported": NaN,
        "Diluted Average Shares": NaN,
        "Basic Average Shares": NaN,
        "Diluted EPS": NaN,
        "Basic EPS": NaN,
        "Diluted NI Availto Com Stockholders": NaN,
        "Net Income Common Stockholders": NaN,
        "Net Income": NaN,
        "Minority Interests": 0.0,
        "Net Income Including Noncontrolling Interests": NaN,
        "Net Income Continuous Operations": NaN,
        "Tax Provision": NaN,
        "Pretax Income": NaN,
        "Other Income Expense": NaN,
        "Other Non Operating Income Expenses": NaN,
        "Special Income Charges": NaN,
        "Gain On Sale Of Security": NaN,
        "Net Non Operating Interest Income Expense": NaN,
        "Interest Expense Non Operating": NaN,
        "Interest Income Non Operating": NaN,
        "Operating Income": NaN,
        "Operating Expense": NaN,
        "Depreciation Amortization Depletion Income Statement": NaN,
        "Depreciation And Amortization In Income Statement": NaN,
        "Research And Development": NaN,
        "Selling General And Administration": NaN,
        "Selling And Marketing Expense": NaN,
        "General And Administrative Expense": NaN,
        "Other Gand A": NaN,
        "Gross Profit": NaN,
        "Cost Of Revenue": NaN,
        "Total Revenue": NaN,
        "Operating Revenue": NaN
    },
    "2022-12-31": {
        "Tax Effect Of Unusual Items": NaN,
        "Tax Rate For Calcs": NaN,
        "Normalized EBITDA": NaN,
        "Total Unusual Items": NaN,
        "Total Unusual Items Excluding Goodwill": NaN,
        "Net Income From Continuing Operation Net Minority Interest": NaN,
        "Reconciled Depreciation": NaN,
        "Reconciled Cost Of Revenue": NaN,
        "EBITDA": NaN,
        "EBIT": NaN,
        "Net Interest Income": NaN,
        "Interest Expense": NaN,
        "Interest Income": NaN,
        "Normalized Income": NaN,
        "Net Income From Continuing And Discontinued Operation": NaN,
        "Total Expenses": NaN,
        "Total Operating Income As Reported": NaN,
        "Diluted Average Shares": NaN,
        "Basic Average Shares": NaN,
        "Diluted EPS": NaN,
        "Basic EPS": NaN,
        "Diluted NI Availto Com Stockholders": NaN,
        "Net Income Common Stockholders": NaN,
        "Net Income": NaN,
        "Minority Interests": NaN,
        "Net Income Including Noncontrolling Interests": NaN,
        "Net Income Continuous Operations": NaN,
        "Tax Provision": NaN,
        "Pretax Income": NaN,
        "Other Income Expense": NaN,
        "Other Non Operating Income Expenses": NaN,
        "Special Income Charges": -269893000.0,
        "Other Special Charges": 0.0,
        "Gain On Sale Of Security": NaN,
        "Net Non Operating Interest Income Expense": NaN,
        "Interest Expense Non Operating": NaN,
        "Interest Income Non Operating": NaN,
        "Operating Income": NaN,
        "Operating Expense": NaN,
        "Depreciation Amortization Depletion Income Statement": NaN,
        "Depreciation And Amortization In Income Statement": NaN,
        "Research And Development": NaN,
        "Selling General And Administration": NaN,
        "Selling And Marketing Expense": NaN,
        "General And Administrative Expense": NaN,
        "Other Gand A": NaN,
        "Gross Profit": NaN,
        "Cost Of Revenue": NaN,
        "Total Revenue": NaN,
        "Operating Revenue": NaN
    },
    "2022-09-30": {
        "Tax Effect Of Unusual Items": NaN,
        "Tax Rate For Calcs": NaN,
        "Normalized EBITDA": NaN,
        "Total Unusual Items": NaN,
        "Total Unusual Items Excluding Goodwill": NaN,
        "Net Income From Continuing Operation Net Minority Interest": NaN,
        "Reconciled Depreciation": NaN,
        "Reconciled Cost Of Revenue": NaN,
        "EBITDA": NaN,
        "EBIT": NaN,
        "Net Interest Income": NaN,
        "Interest Expense": NaN,
        "Interest Income": NaN,
        "Normalized Income": NaN,
        "Net Income From Continuing And Discontinued Operation": NaN,
        "Total Expenses": NaN,
        "Total Operating Income As Reported": NaN,
        "Diluted Average Shares": NaN,
        "Basic Average Shares": NaN,
        "Diluted EPS": NaN,
        "Basic EPS": NaN,
        "Diluted NI Availto Com Stockholders": NaN,
        "Net Income Common Stockholders": NaN,
        "Net Income": NaN,
        "Minority Interests": NaN,
        "Net Income Including Noncontrolling Interests": NaN,
        "Net Income Continuous Operations": NaN,
        "Tax Provision": NaN,
        "Pretax Income": NaN,
        "Other Income Expense": NaN,
        "Other Non Operating Income Expenses": NaN,
        "Special Income Charges": -70250000.0,
        "Other Special Charges": 70250000.0,
        "Gain On Sale Of Security": NaN,
        "Net Non Operating Interest Income Expense": NaN,
        "Interest Expense Non Operating": NaN,
        "Interest Income Non Operating": NaN,
        "Operating Income": NaN,
        "Operating Expense": NaN,
        "Depreciation Amortization Depletion Income Statement": NaN,
        "Depreciation And Amortization In Income Statement": NaN,
        "Research And Development": NaN,
        "Selling General And Administration": NaN,
        "Selling And Marketing Expense": NaN,
        "General And Administrative Expense": NaN,
        "Other Gand A": NaN,
        "Gross Profit": NaN,
        "Cost Of Revenue": NaN,
        "Total Revenue": NaN,
        "Operating Revenue": NaN
    },
    "2022-06-30": {
        "Tax Effect Of Unusual Items": 461751.049071,
        "Tax Rate For Calcs": 0.257386,
        "Normalized EBITDA": -46554000.0,
        "Total Unusual Items": 1794000.0,
        "Total Unusual Items Excluding Goodwill": 1794000.0,
        "Net Income From Continuing Operation Net Minority Interest": -34056000.0,
        "Reconciled Depreciation": 1494000.0,
        "Reconciled Cost Of Revenue": 27496000.0,
        "EBITDA": -44760000.0,
        "EBIT": -46254000.0,
        "Net Interest Income": 132000.0,
        "Interest Expense": 454000.0,
        "Interest Income": 586000.0,
        "Normalized Income": -35388248.950929,
        "Net Income From Continuing And Discontinued Operation": -34056000.0,
        "Total Expenses": 128554000.0,
        "Total Operating Income As Reported": -47984000.0,
        "Diluted Average Shares": 49553440.0,
        "Basic Average Shares": 49553440.0,
        "Diluted EPS": -0.6875,
        "Basic EPS": -0.6875,
        "Diluted NI Availto Com Stockholders": -34056000.0,
        "Net Income Common Stockholders": -34056000.0,
        "Net Income": -34056000.0,
        "Net Income Including Noncontrolling Interests": -34686000.0,
        "Net Income Continuous Operations": -34686000.0,
        "Tax Provision": -12022000.0,
        "Pretax Income": -46708000.0,
        "Other Income Expense": 1774000.0,
        "Other Non Operating Income Expenses": -20000.0,
        "Special Income Charges": NaN,
        "Other Special Charges": NaN,
        "Impairment Of Capital Assets": NaN,
        "Gain On Sale Of Security": 1794000.0,
        "Net Non Operating Interest Income Expense": 132000.0,
        "Interest Expense Non Operating": 454000.0,
        "Interest Income Non Operating": 586000.0,
        "Operating Income": -47984000.0,
        "Operating Expense": 101057000.0,
        "Depreciation Amortization Depletion Income Statement": 1493000.0,
        "Depreciation And Amortization In Income Statement": 1493000.0,
        "Research And Development": 4333000.0,
        "Selling General And Administration": 95231000.0,
        "Selling And Marketing Expense": 18051000.0,
        "General And Administrative Expense": 77180000.0,
        "Other Gand A": 77180000.0,
        "Gross Profit": 53073000.0,
        "Cost Of Revenue": 27497000.0,
        "Total Revenue": 80570000.0,
        "Operating Revenue": 80570000.0
    },
    "2022-03-31": {
        "Diluted EPS": 0.37,
        "Total Revenue": 85,
        "Gross Profit": 57,
        "Operating Income": 25,
        "EBIT": 27,
        "Net Income": 18
    },
    "2021-12-31": {
        "Diluted EPS": 0.35,
        "Total Revenue": 86,
        "Gross Profit": 57,
        "Operating Income": 24,
        "EBIT": 26,
        "Net Income": 17
    },
    "2021-09-30": {
        "Diluted EPS": 0.5,
        "Total Revenue": 87,
        "Gross Profit": 57,
        "Operating Income": 28,
        "EBIT": 30,
        "Net Income": 23
    },
    "2021-06-30": {
        "Diluted EPS": 0.42,
        "Total Revenue": 93,
        "Gross Profit": 61,
        "Operating Income": 22,
        "EBIT": 28,
        "Net Income": 18
    },
    "2021-03-31": {
        "Diluted EPS": 0.44,
        "Total Revenue": 97,
        "Gross Profit": 63,
        "Operating Income": 26,
        "EBIT": 33,
        "Net Income": 19
    },
    "2020-12-31": {
        "Diluted EPS": 0.0,
        "Total Revenue": NaN,
        "Gross Profit": NaN,
        "Operating Income": NaN,
        "EBIT": NaN,
        "Net Income": NaN
    },
    "2020-09-30": {
        "Diluted EPS": 0.19,
        "Total Revenue": 92,
        "Gross Profit": 60,
        "Operating Income": 21,
        "EBIT": 29,
        "Net Income": 8
    },
    "2020-06-30": {
        "Diluted EPS": 0.42,
        "Total Revenue": 99,
        "Gross Profit": 64,
        "Operating Income": 28,
        "EBIT": 28,
        "Net Income": 17
    },
    "2019-12-31": {
        "Diluted EPS": 0.0,
        "Total Revenue": NaN,
        "Gross Profit": NaN,
        "Operating Income": NaN,
        "EBIT": NaN,
        "Net Income": NaN
    },
    "2023-06-30": {
        "Tax Effect Of Unusual Items": NaN,
        "Tax Rate For Calcs": NaN,
        "Normalized EBITDA": NaN,
        "Total Unusual Items": NaN,
        "Total Unusual Items Excluding Goodwill": NaN,
        "Net Income From Continuing Operation Net Minority Interest": NaN,
        "Reconciled Depreciation": NaN,
        "Reconciled Cost Of Revenue": NaN,
        "EBITDA": NaN,
        "EBIT": NaN,
        "Net Interest Income": NaN,
        "Interest Expense": NaN,
        "Interest Income": NaN,
        "Normalized Income": NaN,
        "Net Income From Continuing And Discontinued Operation": NaN,
        "Total Expenses": NaN,
        "Rent Expense Supplemental": NaN,
        "Total Operating Income As Reported": NaN,
        "Diluted Average Shares": NaN,
        "Basic Average Shares": NaN,
        "Diluted EPS": NaN,
        "Basic EPS": NaN,
        "Diluted NI Availto Com Stockholders": NaN,
        "Net Income Common Stockholders": NaN,
        "Net Income": NaN,
        "Minority Interests": 0.0,
        "Net Income Including Noncontrolling Interests": NaN,
        "Net Income Continuous Operations": NaN,
        "Tax Provision": NaN,
        "Pretax Income": NaN,
        "Other Income Expense": NaN,
        "Other Non Operating Income Expenses": NaN,
        "Special Income Charges": NaN,
        "Gain On Sale Of Security": NaN,
        "Net Non Operating Interest Income Expense": NaN,
        "Interest Expense Non Operating": NaN,
        "Interest Income Non Operating": NaN,
        "Operating Income": NaN,
        "Operating Expense": NaN,
        "Depreciation Amortization Depletion Income Statement": NaN,
        "Depreciation And Amortization In Income Statement": NaN,
        "Research And Development": NaN,
        "Selling General And Administration": NaN,
        "Selling And Marketing Expense": NaN,
        "General And Administrative Expense": NaN,
        "Other Gand A": NaN,
        "Rent And Landing Fees": NaN,
        "Gross Profit": NaN,
        "Cost Of Revenue": NaN,
        "Total Revenue": NaN,
        "Operating Revenue": NaN
    },
    "2023-09-30": {
        "Tax Effect Of Unusual Items": 508717.848298,
        "Tax Rate For Calcs": 0.2245,
        "Normalized EBITDA": 32958000.0,
        "Total Unusual Items": 2266000.0,
        "Total Unusual Items Excluding Goodwill": 2266000.0,
        "Net Income From Continuing Operation Net Minority Interest": 26930000.0,
        "Reconciled Depreciation": 55000.0,
        "Reconciled Cost Of Revenue": 23658000.0,
        "EBITDA": 35224000.0,
        "EBIT": 35169000.0,
        "Net Interest Income": 2689000.0,
        "Interest Expense": 443000.0,
        "Interest Income": 3132000.0,
        "Normalized Income": 25172717.848298,
        "Net Income From Continuing And Discontinued Operation": 26930000.0,
        "Total Expenses": 43303000.0,
        "Rent Expense Supplemental": 349000.0,
        "Total Operating Income As Reported": 29680000.0,
        "Diluted Average Shares": 49553440.0,
        "Basic Average Shares": 49553440.0,
        "Diluted EPS": 0.5435,
        "Basic EPS": 0.5435,
        "Diluted NI Availto Com Stockholders": 26930000.0,
        "Net Income Common Stockholders": 26930000.0,
        "Net Income": 26930000.0,
        "Minority Interests": 0.0,
        "Net Income Including Noncontrolling Interests": 26930000.0,
        "Net Income Continuous Operations": 26930000.0,
        "Tax Provision": 7796000.0,
        "Pretax Income": 34726000.0,
        "Other Income Expense": 2357000.0,
        "Other Non Operating Income Expenses": 91000.0,
        "Special Income Charges": 0.0,
        "Gain On Sale Of Security": 2266000.0,
        "Net Non Operating Interest Income Expense": 2689000.0,
        "Interest Expense Non Operating": 443000.0,
        "Interest Income Non Operating": 3132000.0,
        "Operating Income": 29680000.0,
        "Operating Expense": 19645000.0,
        "Depreciation Amortization Depletion Income Statement": 55000.0,
        "Depreciation And Amortization In Income Statement": 55000.0,
        "Research And Development": 4361000.0,
        "Selling General And Administration": 15229000.0,
        "Selling And Marketing Expense": 10585000.0,
        "General And Administrative Expense": 4644000.0,
        "Other Gand A": 4295000.0,
        "Rent And Landing Fees": 349000.0,
        "Gross Profit": 49325000.0,
        "Cost Of Revenue": 23658000.0,
        "Total Revenue": 72983000.0,
        "Operating Revenue": 72983000.0
    },
    "2023-12-31": {
        "Tax Effect Of Unusual Items": -1000320.135016,
        "Tax Rate For Calcs": 0.237775,
        "Normalized EBITDA": 39304000.0,
        "Total Unusual Items": -4207000.0,
        "Total Unusual Items Excluding Goodwill": -4207000.0,
        "Net Income From Continuing Operation Net Minority Interest": 25926000.0,
        "Reconciled Depreciation": 570000.0,
        "Reconciled Cost Of Revenue": 24787000.0,
        "EBITDA": 35097000.0,
        "EBIT": 34527000.0,
        "Net Interest Income": 2709000.0,
        "Interest Expense": 457000.0,
        "Interest Income": 3166000.0,
        "Normalized Income": 29132679.864984,
        "Net Income From Continuing And Discontinued Operation": 25926000.0,
        "Total Expenses": 47501000.0,
        "Rent Expense Supplemental": NaN,
        "Total Operating Income As Reported": 35597000.0,
        "Diluted Average Shares": 49553440.0,
        "Basic Average Shares": 49553440.0,
        "Diluted EPS": 0.5135,
        "Basic EPS": 0.5135,
        "Diluted NI Availto Com Stockholders": 25926000.0,
        "Net Income Common Stockholders": 25926000.0,
        "Net Income": 25926000.0,
        "Minority Interests": NaN,
        "Net Income Including Noncontrolling Interests": 25969000.0,
        "Net Income Continuous Operations": 25969000.0,
        "Tax Provision": 8101000.0,
        "Pretax Income": 34070000.0,
        "Other Income Expense": -4236000.0,
        "Other Non Operating Income Expenses": -29000.0,
        "Special Income Charges": 0.0,
        "Gain On Sale Of Security": -4207000.0,
        "Net Non Operating Interest Income Expense": 2709000.0,
        "Interest Expense Non Operating": 457000.0,
        "Interest Income Non Operating": 3166000.0,
        "Operating Income": 35597000.0,
        "Operating Expense": 22714000.0,
        "Depreciation Amortization Depletion Income Statement": 570000.0,
        "Depreciation And Amortization In Income Statement": 570000.0,
        "Research And Development": 4658000.0,
        "Selling General And Administration": 17486000.0,
        "Selling And Marketing Expense": 9912000.0,
        "General And Administrative Expense": 7574000.0,
        "Other Gand A": 7574000.0,
        "Rent And Landing Fees": NaN,
        "Gross Profit": 58311000.0,
        "Cost Of Revenue": 24787000.0,
        "Total Revenue": 83098000.0,
        "Operating Revenue": 83098000.0
    },
    "2024-03-31": {
        "Tax Effect Of Unusual Items": 895825.828488,
        "Tax Rate For Calcs": 0.20838,
        "Normalized EBITDA": 35290000.0,
        "Total Unusual Items": 4299000.0,
        "Total Unusual Items Excluding Goodwill": 4299000.0,
        "Net Income From Continuing Operation Net Minority Interest": 30308000.0,
        "Reconciled Depreciation": 827000.0,
        "Reconciled Cost Of Revenue": 27373000.0,
        "EBITDA": 39589000.0,
        "EBIT": 38762000.0,
        "Net Interest Income": 3022000.0,
        "Interest Expense": 409000.0,
        "Interest Income": 3431000.0,
        "Normalized Income": 26904825.828488,
        "Net Income From Continuing And Discontinued Operation": 30308000.0,
        "Total Expenses": 57087000.0,
        "Rent Expense Supplemental": NaN,
        "Total Operating Income As Reported": 31056000.0,
        "Diluted Average Shares": 49553440.0,
        "Basic Average Shares": 49553440.0,
        "Diluted EPS": 0.6115,
        "Basic EPS": 0.6115,
        "Diluted NI Availto Com Stockholders": 30308000.0,
        "Net Income Common Stockholders": 30308000.0,
        "Net Income": 30308000.0,
        "Minority Interests": -53000.0,
        "Net Income Including Noncontrolling Interests": 30361000.0,
        "Net Income Continuous Operations": 30361000.0,
        "Tax Provision": 7992000.0,
        "Pretax Income": 38353000.0,
        "Other Income Expense": 4275000.0,
        "Other Non Operating Income Expenses": -24000.0,
        "Special Income Charges": NaN,
        "Gain On Sale Of Security": 4299000.0,
        "Net Non Operating Interest Income Expense": 3022000.0,
        "Interest Expense Non Operating": 409000.0,
        "Interest Income Non Operating": 3431000.0,
        "Operating Income": 31056000.0,
        "Operating Expense": 29714000.0,
        "Depreciation Amortization Depletion Income Statement": 827000.0,
        "Depreciation And Amortization In Income Statement": 827000.0,
        "Research And Development": 3256000.0,
        "Selling General And Administration": 25631000.0,
        "Selling And Marketing Expense": 14760000.0,
        "General And Administrative Expense": 10871000.0,
        "Other Gand A": 10871000.0,
        "Rent And Landing Fees": NaN,
        "Gross Profit": 60770000.0,
        "Cost Of Revenue": 27373000.0,
        "Total Revenue": 88143000.0,
        "Operating Revenue": 88143000.0
    },
    "2024-06-30": {
        "Tax Effect Of Unusual Items": 629250.703565,
        "Tax Rate For Calcs": 0.219864,
        "Normalized EBITDA": 41024000.0,
        "Total Unusual Items": 2862000.0,
        "Total Unusual Items Excluding Goodwill": 2862000.0,
        "Net Income From Continuing Operation Net Minority Interest": 33177000.0,
        "Reconciled Depreciation": 820000.0,
        "Reconciled Cost Of Revenue": 26819000.0,
        "EBITDA": 43886000.0,
        "EBIT": 43066000.0,
        "Net Interest Income": 3403000.0,
        "Interest Expense": 426000.0,
        "Interest Income": 3829000.0,
        "Normalized Income": 30944250.703565,
        "Net Income From Continuing And Discontinued Operation": 33177000.0,
        "Total Expenses": 52043000.0,
        "Rent Expense Supplemental": NaN,
        "Total Operating Income As Reported": 36193000.0,
        "Diluted Average Shares": 49553440.0,
        "Basic Average Shares": 49553440.0,
        "Diluted EPS": 0.6695,
        "Basic EPS": 0.6695,
        "Diluted NI Availto Com Stockholders": 33177000.0,
        "Net Income Common Stockholders": 33177000.0,
        "Net Income": 33177000.0,
        "Minority Interests": -88000.0,
        "Net Income Including Noncontrolling Interests": 33265000.0,
        "Net Income Continuous Operations": 33265000.0,
        "Tax Provision": 9375000.0,
        "Pretax Income": 42640000.0,
        "Other Income Expense": 3044000.0,
        "Other Non Operating Income Expenses": 182000.0,
        "Special Income Charges": NaN,
        "Gain On Sale Of Security": 2862000.0,
        "Net Non Operating Interest Income Expense": 3403000.0,
        "Interest Expense Non Operating": 426000.0,
        "Interest Income Non Operating": 3829000.0,
        "Operating Income": 36193000.0,
        "Operating Expense": 25223000.0,
        "Depreciation Amortization Depletion Income Statement": 819000.0,
        "Depreciation And Amortization In Income Statement": 819000.0,
        "Research And Development": 3191000.0,
        "Selling General And Administration": 21213000.0,
        "Selling And Marketing Expense": 11107000.0,
        "General And Administrative Expense": 10106000.0,
        "Other Gand A": 10106000.0,
        "Rent And Landing Fees": NaN,
        "Gross Profit": 61416000.0,
        "Cost Of Revenue": 26820000.0,
        "Total Revenue": 88236000.0,
        "Operating Revenue": 88236000.0
    },
    "2024-09-30": {
        "Tax Effect Of Unusual Items": -1277497.127029,
        "Tax Rate For Calcs": 0.259127,
        "Normalized EBITDA": 40158000.0,
        "Total Unusual Items": -4930000.0,
        "Total Unusual Items Excluding Goodwill": -4930000.0,
        "Net Income From Continuing Operation Net Minority Interest": 25042000.0,
        "Reconciled Depreciation": 833000.0,
        "Reconciled Cost Of Revenue": 24761000.0,
        "EBITDA": 35228000.0,
        "EBIT": 34394000.0,
        "Net Interest Income": 3588000.0,
        "Interest Expense": 457000.0,
        "Interest Income": 4045000.0,
        "Normalized Income": 28694502.872971,
        "Net Income From Continuing And Discontinued Operation": 25042000.0,
        "Total Expenses": 47742000.0,
        "Rent Expense Supplemental": 1616000.0,
        "Total Operating Income As Reported": 35239000.0,
        "Diluted Average Shares": 49553440.0,
        "Basic Average Shares": 49553440.0,
        "Diluted EPS": 0.5055,
        "Basic EPS": 0.5055,
        "Diluted NI Availto Com Stockholders": 25042000.0,
        "Net Income Common Stockholders": 25042000.0,
        "Net Income": 25042000.0,
        "Minority Interests": -101000.0,
        "Net Income Including Noncontrolling Interests": 25143000.0,
        "Net Income Continuous Operations": 25143000.0,
        "Tax Provision": 8794000.0,
        "Pretax Income": 33937000.0,
        "Other Income Expense": -4890000.0,
        "Other Non Operating Income Expenses": 40000.0,
        "Special Income Charges": NaN,
        "Gain On Sale Of Security": -4930000.0,
        "Net Non Operating Interest Income Expense": 3588000.0,
        "Interest Expense Non Operating": 457000.0,
        "Interest Income Non Operating": 4045000.0,
        "Operating Income": 35239000.0,
        "Operating Expense": 22982000.0,
        "Depreciation Amortization Depletion Income Statement": 834000.0,
        "Depreciation And Amortization In Income Statement": 834000.0,
        "Research And Development": 2537000.0,
        "Selling General And Administration": 19611000.0,
        "Selling And Marketing Expense": 8864000.0,
        "General And Administrative Expense": 10747000.0,
        "Other Gand A": 9131000.0,
        "Rent And Landing Fees": 1616000.0,
        "Gross Profit": 58221000.0,
        "Cost Of Revenue": 24760000.0,
        "Total Revenue": 82981000.0,
        "Operating Revenue": 82981000.0
    }
}