{
    "2023-04-30": {
        "Tax Effect Of Unusual Items": 0.0,
        "Tax Rate For Calcs": 0.257536,
        "Normalized EBITDA": 4918000000.0,
        "Net Income From Continuing Operation Net Minority Interest": 2860000000.0,
        "Reconciled Depreciation": 501000000.0,
        "Reconciled Cost Of Revenue": 10730000000.0,
        "EBITDA": 4918000000.0,
        "EBIT": 4417000000.0,
        "Net Interest Income": -569000000.0,
        "Interest Expense": 569000000.0,
        "Normalized Income": 2860000000.0,
        "Net Income From Continuing And Discontinued Operation": 2860000000.0,
        "Total Expenses": 12970000000.0,
        "Diluted Average Shares": 296500000.0,
        "Basic Average Shares": 295100000.0,
        "Diluted EPS": 9.65,
        "Basic EPS": 9.69,
        "Diluted NI Availto Com Stockholders": 2860000000.0,
        "Net Income Common Stockholders": 2860000000.0,
        "Net Income": 2860000000.0,
        "Minority Interests": 1000000.0,
        "Net Income Including Noncontrolling Interests": 2859000000.0,
        "Net Income Continuous Operations": 2859000000.0,
        "Earnings From Equity Interest Net Of Tax": 2000000.0,
        "Tax Provision": 991000000.0,
        "Pretax Income": 3848000000.0,
        "Other Income Expense": 229000000.0,
        "Other Non Operating Income Expenses": 229000000.0,
        "Net Non Operating Interest Income Expense": -569000000.0,
        "Interest Expense Non Operating": 569000000.0,
        "Operating Income": 4188000000.0,
        "Operating Expense": 2240000000.0,
        "Other Operating Expenses": 363000000.0,
        "Research And Development": 547000000.0,
        "Selling General And Administration": 1330000000.0,
        "Gross Profit": 6428000000.0,
        "Cost Of Revenue": 10730000000.0,
        "Total Revenue": 17158000000.0,
        "Operating Revenue": 17158000000.0
    },
    "2023-01-31": {
        "Tax Effect Of Unusual Items": 0.0,
        "Tax Rate For Calcs": 0.215403,
        "Normalized EBITDA": 3466000000.0,
        "Net Income From Continuing Operation Net Minority Interest": 1959000000.0,
        "Reconciled Depreciation": 494000000.0,
        "Reconciled Cost Of Revenue": 7934000000.0,
        "EBITDA": 3466000000.0,
        "EBIT": 2972000000.0,
        "Net Interest Income": -479000000.0,
        "Interest Expense": 479000000.0,
        "Normalized Income": 1959000000.0,
        "Net Income From Continuing And Discontinued Operation": 1959000000.0,
        "Total Expenses": 9680000000.0,
        "Diluted Average Shares": 299100000.0,
        "Basic Average Shares": 297600000.0,
        "Diluted EPS": 6.55,
        "Basic EPS": 6.58,
        "Diluted NI Availto Com Stockholders": 1959000000.0,
        "Net Income Common Stockholders": 1959000000.0,
        "Net Income": 1959000000.0,
        "Minority Interests": 2000000.0,
        "Net Income Including Noncontrolling Interests": 1957000000.0,
        "Net Income Continuous Operations": 1957000000.0,
        "Earnings From Equity Interest Net Of Tax": 1000000.0,
        "Tax Provision": 537000000.0,
        "Pretax Income": 2493000000.0,
        "Other Income Expense": 256000000.0,
        "Other Non Operating Income Expenses": 256000000.0,
        "Net Non Operating Interest Income Expense": -479000000.0,
        "Interest Expense Non Operating": 479000000.0,
        "Operating Income": 2716000000.0,
        "Operating Expense": 1746000000.0,
        "Other Operating Expenses": 299000000.0,
        "Research And Development": 495000000.0,
        "Selling General And Administration": 952000000.0,
        "Gross Profit": 4462000000.0,
        "Cost Of Revenue": 7934000000.0,
        "Total Revenue": 12396000000.0,
        "Operating Revenue": 12396000000.0
    },
    "2022-10-31": {
        "Tax Effect Of Unusual Items": 0.0,
        "Tax Rate For Calcs": 0.222877,
        "Normalized EBITDA": 3686000000.0,
        "Net Income From Continuing Operation Net Minority Interest": 2246000000.0,
        "Reconciled Depreciation": 452000000.0,
        "Reconciled Cost Of Revenue": 10428000000.0,
        "EBITDA": 3686000000.0,
        "EBIT": 3234000000.0,
        "Net Interest Income": -349000000.0,
        "Interest Expense": 349000000.0,
        "Normalized Income": 2246000000.0,
        "Net Income From Continuing And Discontinued Operation": 2246000000.0,
        "Total Expenses": 12170000000.0,
        "Diluted Average Shares": 302100000.0,
        "Basic Average Shares": 300400000.0,
        "Diluted EPS": 7.44,
        "Basic EPS": 7.48,
        "Diluted NI Availto Com Stockholders": 2246000000.0,
        "Net Income Common Stockholders": 2246000000.0,
        "Net Income": 2246000000.0,
        "Minority Interests": 2000000.0,
        "Net Income Including Noncontrolling Interests": 2244000000.0,
        "Net Income Continuous Operations": 2244000000.0,
        "Earnings From Equity Interest Net Of Tax": 2000000.0,
        "Tax Provision": 643000000.0,
        "Pretax Income": 2885000000.0,
        "Other Income Expense": 128000000.0,
        "Other Non Operating Income Expenses": -441000000.0,
        "Net Non Operating Interest Income Expense": -349000000.0,
        "Interest Expense Non Operating": 349000000.0,
        "Operating Income": 3106000000.0,
        "Operating Expense": 1742000000.0,
        "Other Operating Expenses": -901000000.0,
        "Research And Development": 576000000.0,
        "Selling General And Administration": 1240000000.0,
        "Gross Profit": 4848000000.0,
        "Cost Of Revenue": 10428000000.0,
        "Total Revenue": 15276000000.0,
        "Operating Revenue": 15276000000.0
    },
    "2022-07-31": {
        "Tax Effect Of Unusual Items": 0.0,
        "Tax Rate For Calcs": 0.257582,
        "Normalized EBITDA": 3345000000.0,
        "Net Income From Continuing Operation Net Minority Interest": 1884000000.0,
        "Reconciled Depreciation": 510000000.0,
        "Reconciled Cost Of Revenue": 9511000000.0,
        "EBITDA": 3345000000.0,
        "EBIT": 2835000000.0,
        "Net Interest Income": -296000000.0,
        "Interest Expense": 296000000.0,
        "Normalized Income": 1884000000.0,
        "Net Income From Continuing And Discontinued Operation": 1884000000.0,
        "Total Expenses": 11267000000.0,
        "Diluted Average Shares": 305700000.0,
        "Basic Average Shares": 304100000.0,
        "Diluted EPS": 6.16,
        "Basic EPS": 6.2,
        "Diluted NI Availto Com Stockholders": 1884000000.0,
        "Net Income Common Stockholders": 1884000000.0,
        "Net Income": 1884000000.0,
        "Minority Interests": -1000000.0,
        "Net Income Including Noncontrolling Interests": 1885000000.0,
        "Net Income Continuous Operations": 1885000000.0,
        "Earnings From Equity Interest Net Of Tax": NaN,
        "Tax Provision": 654000000.0,
        "Pretax Income": 2539000000.0,
        "Other Income Expense": 256000000.0,
        "Other Non Operating Income Expenses": 256000000.0,
        "Net Non Operating Interest Income Expense": -296000000.0,
        "Interest Expense Non Operating": 296000000.0,
        "Operating Income": 2579000000.0,
        "Operating Expense": 1756000000.0,
        "Other Operating Expenses": 316000000.0,
        "Research And Development": 481000000.0,
        "Selling General And Administration": 959000000.0,
        "Gross Profit": 4335000000.0,
        "Cost Of Revenue": 9511000000.0,
        "Total Revenue": 13846000000.0,
        "Operating Revenue": 13846000000.0
    },
    "2023-07-31": {
        "Tax Effect Of Unusual Items": 0.0,
        "Tax Rate For Calcs": 0.176373,
        "Normalized EBITDA": 4761000000.0,
        "Net Income From Continuing Operation Net Minority Interest": 2978000000.0,
        "Reconciled Depreciation": 532000000.0,
        "Reconciled Cost Of Revenue": 9624000000.0,
        "EBITDA": 4761000000.0,
        "EBIT": 4229000000.0,
        "Net Interest Income": -623000000.0,
        "Interest Expense": 623000000.0,
        "Normalized Income": 2978000000.0,
        "Net Income From Continuing And Discontinued Operation": 2978000000.0,
        "Total Expenses": 11572000000.0,
        "Diluted Average Shares": 292100000.0,
        "Basic Average Shares": 290800000.0,
        "Diluted EPS": 10.2,
        "Basic EPS": 10.24,
        "Diluted NI Availto Com Stockholders": 2978000000.0,
        "Net Income Common Stockholders": 2978000000.0,
        "Net Income": 2978000000.0,
        "Minority Interests": 6000000.0,
        "Net Income Including Noncontrolling Interests": 2972000000.0,
        "Net Income Continuous Operations": 2972000000.0,
        "Earnings From Equity Interest Net Of Tax": 2000000.0,
        "Tax Provision": 636000000.0,
        "Pretax Income": 3606000000.0,
        "Other Income Expense": 264000000.0,
        "Other Non Operating Income Expenses": 264000000.0,
        "Net Non Operating Interest Income Expense": -623000000.0,
        "Interest Expense Non Operating": 623000000.0,
        "Operating Income": 3965000000.0,
        "Operating Expense": 1948000000.0,
        "Other Operating Expenses": 310000000.0,
        "Research And Development": 528000000.0,
        "Selling General And Administration": 1110000000.0,
        "Gross Profit": 5913000000.0,
        "Cost Of Revenue": 9624000000.0,
        "Total Revenue": 15537000000.0,
        "Operating Revenue": 15537000000.0
    },
    "2023-10-31": {
        "Tax Effect Of Unusual Items": 0.0,
        "Tax Rate For Calcs": 0.230068,
        "Normalized EBITDA": 4332000000.0,
        "Net Income From Continuing Operation Net Minority Interest": 2369000000.0,
        "Reconciled Depreciation": 477000000.0,
        "Reconciled Cost Of Revenue": 9654000000.0,
        "EBITDA": 4332000000.0,
        "EBIT": 3855000000.0,
        "Net Interest Income": -782000000.0,
        "Interest Expense": 782000000.0,
        "Normalized Income": 2369000000.0,
        "Net Income From Continuing And Discontinued Operation": 2369000000.0,
        "Total Expenses": 11435000000.0,
        "Diluted Average Shares": 286900000.0,
        "Basic Average Shares": 285500000.0,
        "Diluted EPS": 8.26,
        "Basic EPS": 8.3,
        "Diluted NI Availto Com Stockholders": 2369000000.0,
        "Net Income Common Stockholders": 2369000000.0,
        "Net Income": 2369000000.0,
        "Minority Interests": 1000000.0,
        "Net Income Including Noncontrolling Interests": 2368000000.0,
        "Net Income Continuous Operations": 2368000000.0,
        "Earnings From Equity Interest Net Of Tax": 2000000.0,
        "Tax Provision": 707000000.0,
        "Pretax Income": 3073000000.0,
        "Other Income Expense": 133000000.0,
        "Other Non Operating Income Expenses": -119000000.0,
        "Net Non Operating Interest Income Expense": -782000000.0,
        "Interest Expense Non Operating": 782000000.0,
        "Operating Income": 3722000000.0,
        "Operating Expense": 1781000000.0,
        "Other Operating Expenses": -904000000.0,
        "Research And Development": 606000000.0,
        "Selling General And Administration": 1226000000.0,
        "Gross Profit": 5503000000.0,
        "Cost Of Revenue": 9654000000.0,
        "Total Revenue": 15157000000.0,
        "Operating Revenue": 15157000000.0
    },
    "2024-01-31": {
        "Tax Effect Of Unusual Items": 0.0,
        "Tax Rate For Calcs": 0.211738,
        "Normalized EBITDA": 3537000000.0,
        "Net Income From Continuing Operation Net Minority Interest": 1751000000.0,
        "Reconciled Depreciation": 520000000.0,
        "Reconciled Cost Of Revenue": 7200000000.0,
        "EBITDA": 3537000000.0,
        "EBIT": 3017000000.0,
        "Net Interest Income": -802000000.0,
        "Interest Expense": 802000000.0,
        "Normalized Income": 1751000000.0,
        "Net Income From Continuing And Discontinued Operation": 1751000000.0,
        "Total Expenses": 9168000000.0,
        "Diluted Average Shares": 281100000.0,
        "Basic Average Shares": 279900000.0,
        "Diluted EPS": 6.23,
        "Basic EPS": 6.25,
        "Diluted NI Availto Com Stockholders": 1751000000.0,
        "Net Income Common Stockholders": 1751000000.0,
        "Net Income": 1751000000.0,
        "Minority Interests": 3000000.0,
        "Net Income Including Noncontrolling Interests": 1748000000.0,
        "Net Income Continuous Operations": 1748000000.0,
        "Earnings From Equity Interest Net Of Tax": 2000000.0,
        "Tax Provision": 469000000.0,
        "Pretax Income": 2215000000.0,
        "Other Income Expense": 339000000.0,
        "Other Non Operating Income Expenses": 339000000.0,
        "Net Non Operating Interest Income Expense": -802000000.0,
        "Interest Expense Non Operating": 802000000.0,
        "Operating Income": 2678000000.0,
        "Operating Expense": 1968000000.0,
        "Other Operating Expenses": 369000000.0,
        "Research And Development": 533000000.0,
        "Selling General And Administration": 1066000000.0,
        "Gross Profit": 4646000000.0,
        "Cost Of Revenue": 7200000000.0,
        "Total Revenue": 11846000000.0,
        "Operating Revenue": 11846000000.0
    },
    "2024-04-30": {
        "Tax Effect Of Unusual Items": 0.0,
        "Tax Rate For Calcs": 0.240937,
        "Normalized EBITDA": 4478000000.0,
        "Net Income From Continuing Operation Net Minority Interest": 2370000000.0,
        "Reconciled Depreciation": 525000000.0,
        "Reconciled Cost Of Revenue": 9157000000.0,
        "EBITDA": 4478000000.0,
        "EBIT": 3953000000.0,
        "Net Interest Income": -836000000.0,
        "Interest Expense": 836000000.0,
        "Normalized Income": 2370000000.0,
        "Net Income From Continuing And Discontinued Operation": 2370000000.0,
        "Total Expenses": 11282000000.0,
        "Diluted Average Shares": 277900000.0,
        "Basic Average Shares": 276800000.0,
        "Diluted EPS": 8.53,
        "Basic EPS": 8.56,
        "Diluted NI Availto Com Stockholders": 2370000000.0,
        "Net Income Common Stockholders": 2370000000.0,
        "Net Income": 2370000000.0,
        "Minority Interests": 2000000.0,
        "Net Income Including Noncontrolling Interests": 2368000000.0,
        "Net Income Continuous Operations": 2368000000.0,
        "Earnings From Equity Interest Net Of Tax": 2000000.0,
        "Tax Provision": 751000000.0,
        "Pretax Income": 3117000000.0,
        "Other Income Expense": 238000000.0,
        "Other Non Operating Income Expenses": 238000000.0,
        "Net Non Operating Interest Income Expense": -836000000.0,
        "Interest Expense Non Operating": 836000000.0,
        "Operating Income": 3715000000.0,
        "Operating Expense": 2125000000.0,
        "Other Operating Expenses": 295000000.0,
        "Research And Development": 565000000.0,
        "Selling General And Administration": 1265000000.0,
        "Gross Profit": 5840000000.0,
        "Cost Of Revenue": 9157000000.0,
        "Total Revenue": 14997000000.0,
        "Operating Revenue": 14997000000.0
    },
    "2024-07-31": {
        "Tax Effect Of Unusual Items": 0.0,
        "Tax Rate For Calcs": 0.265393,
        "Normalized EBITDA": 3748000000.0,
        "Net Income From Continuing Operation Net Minority Interest": 1734000000.0,
        "Reconciled Depreciation": 553000000.0,
        "Reconciled Cost Of Revenue": 7848000000.0,
        "EBITDA": 3748000000.0,
        "EBIT": 3195000000.0,
        "Net Interest Income": -840000000.0,
        "Interest Expense": 840000000.0,
        "Normalized Income": 1734000000.0,
        "Net Income From Continuing And Discontinued Operation": 1734000000.0,
        "Total Expenses": 9957000000.0,
        "Diluted Average Shares": 275600000.0,
        "Basic Average Shares": 274500000.0,
        "Diluted EPS": 6.29,
        "Basic EPS": 6.32,
        "Diluted NI Availto Com Stockholders": 1734000000.0,
        "Net Income Common Stockholders": 1734000000.0,
        "Net Income": 1734000000.0,
        "Minority Interests": 3000000.0,
        "Net Income Including Noncontrolling Interests": 1731000000.0,
        "Net Income Continuous Operations": 1731000000.0,
        "Earnings From Equity Interest Net Of Tax": 1000000.0,
        "Tax Provision": 625000000.0,
        "Pretax Income": 2355000000.0,
        "Other Income Expense": 304000000.0,
        "Other Non Operating Income Expenses": 304000000.0,
        "Net Non Operating Interest Income Expense": -840000000.0,
        "Interest Expense Non Operating": 840000000.0,
        "Operating Income": 2891000000.0,
        "Operating Expense": 2109000000.0,
        "Other Operating Expenses": 264000000.0,
        "Research And Development": 567000000.0,
        "Selling General And Administration": 1278000000.0,
        "Gross Profit": 5000000000.0,
        "Cost Of Revenue": 7848000000.0,
        "Total Revenue": 12848000000.0,
        "Operating Revenue": 12848000000.0
    }
}