{
    "2023-03-31": {
        "Tax Effect Of Unusual Items": 5561773.620891,
        "Tax Rate For Calcs": 0.24053,
        "Normalized EBITDA": 137285000.0,
        "Total Unusual Items": 23123000.0,
        "Total Unusual Items Excluding Goodwill": 23123000.0,
        "Net Income From Continuing Operation Net Minority Interest": 89199000.0,
        "Reconciled Depreciation": 42032000.0,
        "Reconciled Cost Of Revenue": 186870000.0,
        "EBIT": 118376000.0,
        "Net Interest Income": -927000.0,
        "Interest Expense": 927000.0,
        "Normalized Income": 71637773.620891,
        "Net Income From Continuing And Discontinued Operation": 89199000.0,
        "Total Expenses": 242979000.0,
        "Diluted Average Shares": 53763000.0,
        "Basic Average Shares": 51503000.0,
        "Diluted EPS": 1.66,
        "Basic EPS": 1.73,
        "Diluted NI Availto Com Stockholders": 89199000.0,
        "Net Income Common Stockholders": 89199000.0,
        "Net Income": 89199000.0,
        "Net Income Including Noncontrolling Interests": 89199000.0,
        "Net Income Continuous Operations": 89199000.0,
        "Tax Provision": 28250000.0,
        "Pretax Income": 117449000.0,
        "Other Income Expense": 21632000.0,
        "Other Non Operating Income Expenses": -1491000.0,
        "Special Income Charges": NaN,
        "Impairment Of Capital Assets": NaN,
        "Gain On Sale Of Security": 23123000.0,
        "Net Non Operating Interest Income Expense": -927000.0,
        "Interest Expense Non Operating": 927000.0,
        "Operating Income": 96744000.0,
        "Operating Expense": 56109000.0,
        "Other Operating Expenses": -1295000.0,
        "Other Taxes": 29038000.0,
        "Selling General And Administration": 28366000.0,
        "Selling And Marketing Expense": 5389000.0,
        "General And Administrative Expense": 22977000.0,
        "Other Gand A": 22977000.0,
        "Salaries And Wages": 4938000.0,
        "Gross Profit": 152853000.0,
        "Cost Of Revenue": 186870000.0,
        "Total Revenue": 339723000.0,
        "Operating Revenue": 339723000.0
    },
    "2022-12-31": {
        "Tax Effect Of Unusual Items": -6458834.043967,
        "Tax Rate For Calcs": 0.168116,
        "Normalized EBITDA": 172650000.0,
        "Total Unusual Items": -38419000.0,
        "Total Unusual Items Excluding Goodwill": -38419000.0,
        "Net Income From Continuing Operation Net Minority Interest": 75115000.0,
        "Reconciled Depreciation": 43003000.0,
        "Reconciled Cost Of Revenue": 188014000.0,
        "EBIT": 91228000.0,
        "Net Interest Income": -933000.0,
        "Interest Expense": 933000.0,
        "Normalized Income": 107075165.956033,
        "Net Income From Continuing And Discontinued Operation": 75115000.0,
        "Total Expenses": 245426000.0,
        "Diluted Average Shares": 53851000.0,
        "Basic Average Shares": 51173000.0,
        "Diluted EPS": 1.39,
        "Basic EPS": 1.47,
        "Diluted NI Availto Com Stockholders": 75115000.0,
        "Net Income Common Stockholders": 75115000.0,
        "Net Income": 75115000.0,
        "Net Income Including Noncontrolling Interests": 75115000.0,
        "Net Income Continuous Operations": 75115000.0,
        "Tax Provision": 15180000.0,
        "Pretax Income": 90295000.0,
        "Other Income Expense": -43244000.0,
        "Other Non Operating Income Expenses": -4825000.0,
        "Special Income Charges": 0.0,
        "Impairment Of Capital Assets": 0.0,
        "Gain On Sale Of Security": -38419000.0,
        "Net Non Operating Interest Income Expense": -933000.0,
        "Interest Expense Non Operating": 933000.0,
        "Operating Income": 134472000.0,
        "Operating Expense": 57412000.0,
        "Other Operating Expenses": -1259000.0,
        "Other Taxes": 30015000.0,
        "Selling General And Administration": 28656000.0,
        "Selling And Marketing Expense": 5474000.0,
        "General And Administrative Expense": 23182000.0,
        "Other Gand A": 23182000.0,
        "Salaries And Wages": 4564000.0,
        "Gross Profit": 191884000.0,
        "Cost Of Revenue": 188014000.0,
        "Total Revenue": 379898000.0,
        "Operating Revenue": 379898000.0
    },
    "2022-09-30": {
        "Tax Effect Of Unusual Items": 15513216.0,
        "Tax Rate For Calcs": 0.142,
        "Normalized EBITDA": 221085000.0,
        "Total Unusual Items": 109248000.0,
        "Total Unusual Items Excluding Goodwill": 109248000.0,
        "Net Income From Continuing Operation Net Minority Interest": 250423000.0,
        "Reconciled Depreciation": 37680000.0,
        "Reconciled Cost Of Revenue": 193305000.0,
        "EBIT": 292653000.0,
        "Net Interest Income": -909000.0,
        "Interest Expense": 909000.0,
        "Normalized Income": 156688216.0,
        "Net Income From Continuing And Discontinued Operation": 250423000.0,
        "Total Expenses": 245341000.0,
        "Diluted Average Shares": 53715000.0,
        "Basic Average Shares": 51182000.0,
        "Diluted EPS": 4.66,
        "Basic EPS": 4.89,
        "Diluted NI Availto Com Stockholders": 250423000.0,
        "Net Income Common Stockholders": 250423000.0,
        "Net Income": 250423000.0,
        "Net Income Including Noncontrolling Interests": 250423000.0,
        "Net Income Continuous Operations": 250423000.0,
        "Tax Provision": 41321000.0,
        "Pretax Income": 291744000.0,
        "Other Income Expense": 106522000.0,
        "Other Non Operating Income Expenses": -2726000.0,
        "Special Income Charges": 0.0,
        "Impairment Of Capital Assets": 0.0,
        "Gain On Sale Of Security": 109248000.0,
        "Net Non Operating Interest Income Expense": -909000.0,
        "Interest Expense Non Operating": 909000.0,
        "Operating Income": 186131000.0,
        "Operating Expense": 52036000.0,
        "Other Operating Expenses": -8015000.0,
        "Other Taxes": 33789000.0,
        "Selling General And Administration": 26262000.0,
        "Selling And Marketing Expense": 5191000.0,
        "General And Administrative Expense": 21071000.0,
        "Other Gand A": 16655000.0,
        "Salaries And Wages": 4416000.0,
        "Gross Profit": 238167000.0,
        "Cost Of Revenue": 193305000.0,
        "Total Revenue": 431472000.0,
        "Operating Revenue": 431472000.0
    },
    "2022-06-30": {
        "Tax Effect Of Unusual Items": -7845852.0,
        "Tax Rate For Calcs": 0.138,
        "Normalized EBITDA": 274122000.0,
        "Total Unusual Items": -56854000.0,
        "Total Unusual Items Excluding Goodwill": -56854000.0,
        "Net Income From Continuing Operation Net Minority Interest": 155494000.0,
        "Reconciled Depreciation": 35400000.0,
        "Reconciled Cost Of Revenue": 176459000.0,
        "EBIT": 181868000.0,
        "Net Interest Income": -1526000.0,
        "Interest Expense": 1526000.0,
        "Normalized Income": 204502148.0,
        "Net Income From Continuing And Discontinued Operation": 155494000.0,
        "Total Expenses": 236023000.0,
        "Diluted Average Shares": 54886000.0,
        "Basic Average Shares": 51757000.0,
        "Diluted EPS": 2.83,
        "Basic EPS": 3.0,
        "Diluted NI Availto Com Stockholders": 155494000.0,
        "Net Income Common Stockholders": 155494000.0,
        "Net Income": 155494000.0,
        "Net Income Including Noncontrolling Interests": 155494000.0,
        "Net Income Continuous Operations": 155494000.0,
        "Tax Provision": 24848000.0,
        "Pretax Income": 180342000.0,
        "Other Income Expense": -63475000.0,
        "Other Non Operating Income Expenses": -6621000.0,
        "Special Income Charges": 0.0,
        "Impairment Of Capital Assets": 0.0,
        "Gain On Sale Of Security": -56854000.0,
        "Net Non Operating Interest Income Expense": -1526000.0,
        "Interest Expense Non Operating": 1526000.0,
        "Operating Income": 245343000.0,
        "Operating Expense": 59564000.0,
        "Other Operating Expenses": -790000.0,
        "Other Taxes": 36317000.0,
        "Selling General And Administration": 24037000.0,
        "Selling And Marketing Expense": 4802000.0,
        "General And Administrative Expense": 19235000.0,
        "Other Gand A": 15131000.0,
        "Salaries And Wages": 4104000.0,
        "Gross Profit": 304907000.0,
        "Cost Of Revenue": 176459000.0,
        "Total Revenue": 481366000.0,
        "Operating Revenue": 481366000.0
    },
    "2023-06-30": {
        "Tax Effect Of Unusual Items": 4848004.435633,
        "Tax Rate For Calcs": 0.246379,
        "Normalized EBITDA": 120192000.0,
        "Total Unusual Items": 19677000.0,
        "Total Unusual Items Excluding Goodwill": 19677000.0,
        "Net Income From Continuing Operation Net Minority Interest": 67281000.0,
        "Reconciled Depreciation": 49767000.0,
        "Reconciled Cost Of Revenue": 195577000.0,
        "EBIT": 90102000.0,
        "Net Interest Income": -825000.0,
        "Interest Expense": 825000.0,
        "Normalized Income": 52452004.435633,
        "Net Income From Continuing And Discontinued Operation": 67281000.0,
        "Total Expenses": 253678000.0,
        "Diluted Average Shares": 53999000.0,
        "Basic Average Shares": 51817000.0,
        "Diluted EPS": 1.25,
        "Basic EPS": 1.3,
        "Diluted NI Availto Com Stockholders": 67281000.0,
        "Net Income Common Stockholders": 67281000.0,
        "Net Income": 67281000.0,
        "Net Income Including Noncontrolling Interests": 67281000.0,
        "Net Income Continuous Operations": 67281000.0,
        "Tax Provision": 21996000.0,
        "Pretax Income": 89277000.0,
        "Other Income Expense": 15687000.0,
        "Other Non Operating Income Expenses": -3990000.0,
        "Special Income Charges": NaN,
        "Impairment Of Capital Assets": NaN,
        "Gain On Sale Of Security": 19677000.0,
        "Net Non Operating Interest Income Expense": -825000.0,
        "Interest Expense Non Operating": 825000.0,
        "Operating Income": 74415000.0,
        "Operating Expense": 58101000.0,
        "Other Operating Expenses": -890000.0,
        "Other Taxes": 26937000.0,
        "Selling General And Administration": 32054000.0,
        "Selling And Marketing Expense": 5159000.0,
        "General And Administrative Expense": 26895000.0,
        "Other Gand A": 26895000.0,
        "Salaries And Wages": NaN,
        "Gross Profit": 132516000.0,
        "Cost Of Revenue": 195577000.0,
        "Total Revenue": 328093000.0,
        "Operating Revenue": 328093000.0
    },
    "2022-03-31": {
        "Diluted EPS": -0.02,
        "Total Revenue": 412,
        "Gross Profit": 396,
        "Operating Income": -5,
        "EBIT": 31,
        "Net Income": -1
    },
    "2021-12-31": {
        "Diluted EPS": 2.43,
        "Total Revenue": 362,
        "Gross Profit": 348,
        "Operating Income": 123,
        "EBIT": 160,
        "Net Income": 121
    },
    "2021-09-30": {
        "Diluted EPS": 1.51,
        "Total Revenue": 344,
        "Gross Profit": 330,
        "Operating Income": 88,
        "EBIT": 126,
        "Net Income": 83
    },
    "2021-06-30": {
        "Diluted EPS": -1.52,
        "Total Revenue": 301,
        "Gross Profit": 292,
        "Operating Income": -74,
        "EBIT": -37,
        "Net Income": -78
    },
    "2021-03-31": {
        "Diluted EPS": -1.38,
        "Total Revenue": 251,
        "Gross Profit": 244,
        "Operating Income": -52,
        "EBIT": -12,
        "Net Income": -70
    },
    "2020-12-31": {
        "Diluted EPS": -12.27,
        "Total Revenue": 197,
        "Gross Profit": 190,
        "Operating Income": 877,
        "EBIT": 917,
        "Net Income": -53
    },
    "2020-09-30": {
        "Diluted EPS": -16.13,
        "Total Revenue": 194,
        "Gross Profit": 189,
        "Operating Income": NaN,
        "EBIT": NaN,
        "Net Income": -806
    },
    "2020-06-30": {
        "Diluted EPS": -1.41,
        "Total Revenue": 118,
        "Gross Profit": 116,
        "Operating Income": -767,
        "EBIT": -712,
        "Net Income": -697
    },
    "2020-03-31": {
        "Diluted EPS": 0.14,
        "Total Revenue": 242,
        "Gross Profit": 238,
        "Operating Income": 139,
        "EBIT": 236,
        "Net Income": 74
    },
    "2019-12-31": {
        "Diluted EPS": 0.05,
        "Total Revenue": 311,
        "Gross Profit": 304,
        "Operating Income": 9,
        "EBIT": 73,
        "Net Income": 23
    },
    "2019-09-30": {
        "Diluted EPS": 0.14,
        "Total Revenue": 315,
        "Gross Profit": 309,
        "Operating Income": 129,
        "EBIT": 184,
        "Net Income": 73
    },
    "2019-06-30": {
        "Diluted EPS": 0.32,
        "Total Revenue": 343,
        "Gross Profit": 340,
        "Operating Income": 135,
        "EBIT": 193,
        "Net Income": 147
    },
    "2019-03-31": {
        "Diluted EPS": -0.06,
        "Total Revenue": 305,
        "Gross Profit": 305,
        "Operating Income": -15,
        "EBIT": 42,
        "Net Income": -26
    },
    "2018-12-31": {
        "Diluted EPS": 0.38,
        "Total Revenue": 338,
        "Gross Profit": 336,
        "Operating Income": 319,
        "EBIT": 379,
        "Net Income": 174
    },
    "2018-09-30": {
        "Diluted EPS": 0.17,
        "Total Revenue": 395,
        "Gross Profit": 394,
        "Operating Income": 116,
        "EBIT": 167,
        "Net Income": 78
    },
    "2018-06-30": {
        "Diluted EPS": 0.07,
        "Total Revenue": 387,
        "Gross Profit": 386,
        "Operating Income": 56,
        "EBIT": 109,
        "Net Income": 30
    },
    "2018-03-31": {
        "Diluted EPS": 0.09,
        "Total Revenue": 353,
        "Gross Profit": 353,
        "Operating Income": 73,
        "EBIT": 126,
        "Net Income": 40
    },
    "2017-12-31": {
        "Diluted EPS": 0.32,
        "Total Revenue": 327,
        "Gross Profit": 323,
        "Operating Income": 28,
        "EBIT": 81,
        "Net Income": 127
    },
    "2017-09-30": {
        "Diluted EPS": 0.0,
        "Total Revenue": 267,
        "Gross Profit": 265,
        "Operating Income": 11,
        "EBIT": 63,
        "Net Income": 0
    },
    "2017-06-30": {
        "Diluted EPS": 0.04,
        "Total Revenue": 261,
        "Gross Profit": 261,
        "Operating Income": 49,
        "EBIT": 100,
        "Net Income": 14
    },
    "2017-03-31": {
        "Diluted EPS": 0.05,
        "Total Revenue": 275,
        "Gross Profit": 275,
        "Operating Income": 70,
        "EBIT": 121,
        "Net Income": 22
    },
    "2016-12-31": {
        "Diluted EPS": -0.99,
        "Total Revenue": 272,
        "Gross Profit": 271,
        "Operating Income": 161,
        "EBIT": 809,
        "Net Income": -386
    },
    "2016-09-30": {
        "Diluted EPS": -0.06,
        "Total Revenue": 254,
        "Gross Profit": 253,
        "Operating Income": 53,
        "EBIT": 108,
        "Net Income": -25
    },
    "2016-06-30": {
        "Diluted EPS": -1.03,
        "Total Revenue": 255,
        "Gross Profit": 254,
        "Operating Income": -545,
        "EBIT": -479,
        "Net Income": -381
    },
    "2016-03-31": {
        "Diluted EPS": -0.53,
        "Total Revenue": 195,
        "Gross Profit": 194,
        "Operating Income": -332,
        "EBIT": -254,
        "Net Income": -185
    },
    "2015-12-31": {
        "Diluted EPS": -2.57,
        "Total Revenue": 270,
        "Gross Profit": 268,
        "Operating Income": NaN,
        "EBIT": NaN,
        "Net Income": -885
    },
    "2015-09-30": {
        "Diluted EPS": -6.41,
        "Total Revenue": 304,
        "Gross Profit": 303,
        "Operating Income": NaN,
        "EBIT": NaN,
        "Net Income": NaN
    },
    "2015-06-30": {
        "Diluted EPS": -3.28,
        "Total Revenue": 377,
        "Gross Profit": 376,
        "Operating Income": -39,
        "EBIT": 111,
        "Net Income": NaN
    },
    "2015-03-31": {
        "Diluted EPS": -0.31,
        "Total Revenue": 308,
        "Gross Profit": 307,
        "Operating Income": -132,
        "EBIT": 20,
        "Net Income": -108
    },
    "2014-12-31": {
        "Diluted EPS": 1.03,
        "Total Revenue": 484,
        "Gross Profit": 481,
        "Operating Income": 637,
        "EBIT": 784,
        "Net Income": 364
    },
    "2014-09-30": {
        "Diluted EPS": 0.77,
        "Total Revenue": 638,
        "Gross Profit": 626,
        "Operating Income": 481,
        "EBIT": 631,
        "Net Income": 269
    },
    "2014-06-30": {
        "Diluted EPS": -0.16,
        "Total Revenue": 672,
        "Gross Profit": 667,
        "Operating Income": 72,
        "EBIT": 224,
        "Net Income": -55
    },
    "2014-03-31": {
        "Diluted EPS": 0.17,
        "Total Revenue": 642,
        "Gross Profit": 637,
        "Operating Income": 142,
        "EBIT": 287,
        "Net Income": 58
    },
    "2013-12-31": {
        "Diluted EPS": 0.25,
        "Total Revenue": 599,
        "Gross Profit": 593,
        "Operating Income": 179,
        "EBIT": 327,
        "Net Income": 90
    },
    "2013-09-30": {
        "Diluted EPS": 0.28,
        "Total Revenue": 685,
        "Gross Profit": 681,
        "Operating Income": 194,
        "EBIT": 323,
        "Net Income": 102
    },
    "2013-06-30": {
        "Diluted EPS": 0.35,
        "Total Revenue": 650,
        "Gross Profit": 647,
        "Operating Income": 253,
        "EBIT": 383,
        "Net Income": 130
    },
    "2013-03-31": {
        "Diluted EPS": 0.23,
        "Total Revenue": 583,
        "Gross Profit": 579,
        "Operating Income": 222,
        "EBIT": 339,
        "Net Income": 88
    },
    "2012-12-31": {
        "Diluted EPS": 0.3,
        "Total Revenue": 609,
        "Gross Profit": 603,
        "Operating Income": 243,
        "EBIT": 364,
        "Net Income": 115
    },
    "2012-09-30": {
        "Diluted EPS": 0.22,
        "Total Revenue": 600,
        "Gross Profit": 599,
        "Operating Income": 177,
        "EBIT": 318,
        "Net Income": 85
    },
    "2012-06-30": {
        "Diluted EPS": 0.54,
        "Total Revenue": 602,
        "Gross Profit": 601,
        "Operating Income": 397,
        "EBIT": 533,
        "Net Income": 212
    },
    "2012-03-31": {
        "Diluted EPS": 0.29,
        "Total Revenue": 645,
        "Gross Profit": 639,
        "Operating Income": 233,
        "EBIT": 357,
        "Net Income": 113
    },
    "2011-12-31": {
        "Diluted EPS": 0.15,
        "Total Revenue": 617,
        "Gross Profit": 608,
        "Operating Income": 143,
        "EBIT": 257,
        "Net Income": 53
    },
    "2011-09-30": {
        "Diluted EPS": 0.68,
        "Total Revenue": 577,
        "Gross Profit": 575,
        "Operating Income": 481,
        "EBIT": 587,
        "Net Income": 276
    },
    "2011-06-30": {
        "Diluted EPS": 0.64,
        "Total Revenue": 601,
        "Gross Profit": 600,
        "Operating Income": 466,
        "EBIT": 574,
        "Net Income": 259
    },
    "2011-03-31": {
        "Diluted EPS": -0.04,
        "Total Revenue": 514,
        "Gross Profit": 512,
        "Operating Income": 42,
        "EBIT": 140,
        "Net Income": -14
    },
    "2010-12-31": {
        "Diluted EPS": -0.01,
        "Total Revenue": 519,
        "Gross Profit": 517,
        "Operating Income": 72,
        "EBIT": 201,
        "Net Income": 10
    },
    "2010-09-30": {
        "Diluted EPS": 0.07,
        "Total Revenue": 467,
        "Gross Profit": 464,
        "Operating Income": 105,
        "EBIT": 216,
        "Net Income": 29
    },
    "2010-06-30": {
        "Diluted EPS": 0.34,
        "Total Revenue": 497,
        "Gross Profit": 496,
        "Operating Income": 275,
        "EBIT": 404,
        "Net Income": 135
    },
    "2010-03-31": {
        "Diluted EPS": 0.32,
        "Total Revenue": 439,
        "Gross Profit": 437,
        "Operating Income": 204,
        "EBIT": 285,
        "Net Income": 97
    },
    "2009-12-31": {
        "Diluted EPS": 0.01,
        "Total Revenue": 271,
        "Gross Profit": 270,
        "Operating Income": 17,
        "EBIT": 85,
        "Net Income": 3
    },
    "2009-09-30": {
        "Diluted EPS": 0.11,
        "Total Revenue": 227,
        "Gross Profit": 226,
        "Operating Income": 51,
        "EBIT": 105,
        "Net Income": 27
    },
    "2009-06-30": {
        "Diluted EPS": -0.35,
        "Total Revenue": 217,
        "Gross Profit": 216,
        "Operating Income": -126,
        "EBIT": -64,
        "Net Income": -87
    },
    "2009-03-31": {
        "Diluted EPS": -0.07,
        "Total Revenue": 174,
        "Gross Profit": 172,
        "Operating Income": -17,
        "EBIT": 45,
        "Net Income": -18
    }
}