{
    "2023-03-31": {
        "Tax Effect Of Unusual Items": NaN,
        "Tax Rate For Calcs": NaN,
        "Normalized EBITDA": NaN,
        "Net Income From Continuing Operation Net Minority Interest": NaN,
        "Reconciled Depreciation": NaN,
        "Reconciled Cost Of Revenue": NaN,
        "EBITDA": NaN,
        "EBIT": NaN,
        "Net Interest Income": NaN,
        "Normalized Income": NaN,
        "Net Income From Continuing And Discontinued Operation": NaN,
        "Total Expenses": NaN,
        "Total Operating Income As Reported": NaN,
        "Diluted Average Shares": NaN,
        "Basic Average Shares": NaN,
        "Diluted EPS": NaN,
        "Basic EPS": NaN,
        "Diluted NI Availto Com Stockholders": NaN,
        "Net Income Common Stockholders": NaN,
        "Otherunder Preferred Stock Dividend": 4200000.0,
        "Preferred Stock Dividends": 3100000.0,
        "Net Income": NaN,
        "Net Income Including Noncontrolling Interests": NaN,
        "Net Income Continuous Operations": NaN,
        "Tax Provision": NaN,
        "Pretax Income": NaN,
        "Other Income Expense": NaN,
        "Earnings From Equity Interest": NaN,
        "Net Non Operating Interest Income Expense": NaN,
        "Total Other Finance Cost": NaN,
        "Operating Income": NaN,
        "Operating Expense": NaN,
        "Research And Development": NaN,
        "Selling General And Administration": NaN,
        "Selling And Marketing Expense": NaN,
        "General And Administrative Expense": NaN,
        "Other Gand A": NaN,
        "Gross Profit": NaN,
        "Cost Of Revenue": NaN,
        "Total Revenue": NaN,
        "Operating Revenue": NaN
    },
    "2022-12-31": {
        "Tax Effect Of Unusual Items": NaN,
        "Tax Rate For Calcs": NaN,
        "Normalized EBITDA": NaN,
        "Net Income From Continuing Operation Net Minority Interest": NaN,
        "Reconciled Depreciation": NaN,
        "Reconciled Cost Of Revenue": NaN,
        "EBITDA": NaN,
        "EBIT": NaN,
        "Net Interest Income": NaN,
        "Normalized Income": NaN,
        "Net Income From Continuing And Discontinued Operation": NaN,
        "Total Expenses": NaN,
        "Total Operating Income As Reported": NaN,
        "Diluted Average Shares": NaN,
        "Basic Average Shares": NaN,
        "Diluted EPS": NaN,
        "Basic EPS": NaN,
        "Diluted NI Availto Com Stockholders": NaN,
        "Net Income Common Stockholders": NaN,
        "Otherunder Preferred Stock Dividend": NaN,
        "Preferred Stock Dividends": NaN,
        "Net Income": NaN,
        "Minority Interests": 0.0,
        "Net Income Including Noncontrolling Interests": NaN,
        "Net Income Continuous Operations": NaN,
        "Tax Provision": NaN,
        "Pretax Income": NaN,
        "Other Income Expense": NaN,
        "Earnings From Equity Interest": NaN,
        "Net Non Operating Interest Income Expense": NaN,
        "Total Other Finance Cost": NaN,
        "Operating Income": NaN,
        "Operating Expense": NaN,
        "Research And Development": NaN,
        "Selling General And Administration": NaN,
        "Selling And Marketing Expense": NaN,
        "General And Administrative Expense": NaN,
        "Other Gand A": NaN,
        "Gross Profit": NaN,
        "Cost Of Revenue": NaN,
        "Total Revenue": NaN,
        "Operating Revenue": NaN
    },
    "2022-09-30": {
        "Tax Effect Of Unusual Items": NaN,
        "Tax Rate For Calcs": NaN,
        "Normalized EBITDA": NaN,
        "Net Income From Continuing Operation Net Minority Interest": NaN,
        "Reconciled Depreciation": NaN,
        "Reconciled Cost Of Revenue": NaN,
        "EBITDA": NaN,
        "EBIT": NaN,
        "Net Interest Income": NaN,
        "Normalized Income": NaN,
        "Net Income From Continuing And Discontinued Operation": NaN,
        "Total Expenses": NaN,
        "Total Operating Income As Reported": NaN,
        "Diluted Average Shares": NaN,
        "Basic Average Shares": NaN,
        "Diluted EPS": NaN,
        "Basic EPS": NaN,
        "Diluted NI Availto Com Stockholders": NaN,
        "Net Income Common Stockholders": NaN,
        "Otherunder Preferred Stock Dividend": NaN,
        "Preferred Stock Dividends": NaN,
        "Net Income": NaN,
        "Minority Interests": 0.0,
        "Net Income Including Noncontrolling Interests": NaN,
        "Net Income Continuous Operations": NaN,
        "Tax Provision": NaN,
        "Pretax Income": NaN,
        "Other Income Expense": NaN,
        "Earnings From Equity Interest": NaN,
        "Net Non Operating Interest Income Expense": NaN,
        "Total Other Finance Cost": NaN,
        "Operating Income": NaN,
        "Operating Expense": NaN,
        "Research And Development": NaN,
        "Selling General And Administration": NaN,
        "Selling And Marketing Expense": NaN,
        "General And Administrative Expense": NaN,
        "Other Gand A": NaN,
        "Gross Profit": NaN,
        "Cost Of Revenue": NaN,
        "Total Revenue": NaN,
        "Operating Revenue": NaN
    },
    "2022-06-30": {
        "Tax Effect Of Unusual Items": 0.0,
        "Tax Rate For Calcs": 0.4,
        "Normalized EBITDA": 8532000.0,
        "Total Unusual Items": 0.0,
        "Total Unusual Items Excluding Goodwill": 0.0,
        "Net Income From Continuing Operation Net Minority Interest": -13165000.0,
        "Reconciled Depreciation": 9918000.0,
        "Reconciled Cost Of Revenue": 45149000.0,
        "EBITDA": 8532000.0,
        "EBIT": -1386000.0,
        "Net Interest Income": -10529000.0,
        "Normalized Income": -13165000.0,
        "Net Income From Continuing And Discontinued Operation": -13165000.0,
        "Total Expenses": 135807000.0,
        "Total Operating Income As Reported": -1370000.0,
        "Diluted Average Shares": 77434000.0,
        "Basic Average Shares": 77434000.0,
        "Diluted EPS": -0.26,
        "Basic EPS": -0.26,
        "Diluted NI Availto Com Stockholders": -13165000.0,
        "Net Income Common Stockholders": -13165000.0,
        "Otherunder Preferred Stock Dividend": NaN,
        "Preferred Stock Dividends": NaN,
        "Net Income": -13165000.0,
        "Minority Interests": 0.0,
        "Net Income Including Noncontrolling Interests": -13165000.0,
        "Net Income Continuous Operations": -13165000.0,
        "Tax Provision": 1266000.0,
        "Pretax Income": -11899000.0,
        "Other Income Expense": 16000.0,
        "Special Income Charges": 0.0,
        "Impairment Of Capital Assets": 0.0,
        "Earnings From Equity Interest": 16000.0,
        "Net Non Operating Interest Income Expense": -10529000.0,
        "Total Other Finance Cost": 10529000.0,
        "Operating Income": -1386000.0,
        "Operating Expense": 90658000.0,
        "Research And Development": 21407000.0,
        "Selling General And Administration": 69251000.0,
        "Selling And Marketing Expense": 42214000.0,
        "General And Administrative Expense": 27037000.0,
        "Other Gand A": 27037000.0,
        "Gross Profit": 89272000.0,
        "Cost Of Revenue": 45149000.0,
        "Total Revenue": 134421000.0,
        "Operating Revenue": 134421000.0
    },
    "2022-03-31": {
        "Diluted EPS": -0.5,
        "Total Revenue": 112,
        "Gross Profit": 70,
        "Operating Income": -5,
        "EBIT": 5,
        "Net Income": -31
    },
    "2021-12-31": {
        "Diluted EPS": -0.44,
        "Total Revenue": 125,
        "Gross Profit": 70,
        "Operating Income": -12,
        "EBIT": -12,
        "Net Income": -42
    },
    "2021-09-30": {
        "Diluted EPS": -0.38,
        "Total Revenue": 83,
        "Gross Profit": 45,
        "Operating Income": -22,
        "EBIT": -22,
        "Net Income": -24
    },
    "2021-06-30": {
        "Diluted EPS": -0.46,
        "Total Revenue": 63,
        "Gross Profit": 25,
        "Operating Income": -36,
        "EBIT": -37,
        "Net Income": -31
    },
    "2021-03-31": {
        "Diluted EPS": -0.47,
        "Total Revenue": 52,
        "Gross Profit": 22,
        "Operating Income": -26,
        "EBIT": -16,
        "Net Income": -37
    },
    "2020-12-31": {
        "Diluted EPS": -0.44,
        "Total Revenue": 53,
        "Gross Profit": 27,
        "Operating Income": -35,
        "EBIT": -26,
        "Net Income": -29
    },
    "2020-09-30": {
        "Diluted EPS": -0.58,
        "Total Revenue": 12,
        "Gross Profit": -1,
        "Operating Income": -43,
        "EBIT": -28,
        "Net Income": -42
    },
    "2020-06-30": {
        "Diluted EPS": -0.82,
        "Total Revenue": -10,
        "Gross Profit": -24,
        "Operating Income": -75,
        "EBIT": -74,
        "Net Income": -57
    },
    "2020-03-31": {
        "Diluted EPS": -0.22,
        "Total Revenue": 76,
        "Gross Profit": 43,
        "Operating Income": -25,
        "EBIT": -17,
        "Net Income": -15
    },
    "2019-12-31": {
        "Diluted EPS": -0.05,
        "Total Revenue": 146,
        "Gross Profit": 94,
        "Operating Income": 0,
        "EBIT": 7,
        "Net Income": -3
    },
    "2019-09-30": {
        "Diluted EPS": -0.05,
        "Total Revenue": 132,
        "Gross Profit": 89,
        "Operating Income": 0,
        "EBIT": 0,
        "Net Income": -4
    },
    "2019-06-30": {
        "Diluted EPS": -0.23,
        "Total Revenue": 114,
        "Gross Profit": 74,
        "Operating Income": -16,
        "EBIT": -16,
        "Net Income": -16
    },
    "2019-03-31": {
        "Diluted EPS": 0.03,
        "Total Revenue": 133,
        "Gross Profit": 88,
        "Operating Income": 8,
        "EBIT": 13,
        "Net Income": 2
    },
    "2018-12-31": {
        "Diluted EPS": 0.03,
        "Total Revenue": 133,
        "Gross Profit": 83,
        "Operating Income": 6,
        "EBIT": 10,
        "Net Income": 3
    },
    "2018-09-30": {
        "Diluted EPS": -0.02,
        "Total Revenue": 121,
        "Gross Profit": 85,
        "Operating Income": 9,
        "EBIT": 9,
        "Net Income": -1
    },
    "2018-06-30": {
        "Diluted EPS": 0.0,
        "Total Revenue": NaN,
        "Gross Profit": NaN,
        "Operating Income": NaN,
        "Net Income": NaN
    },
    "2018-03-31": {
        "Diluted EPS": 0.24,
        "Total Revenue": 149,
        "Gross Profit": 105,
        "Operating Income": 23,
        "EBIT": 26,
        "Net Income": 16
    },
    "2017-09-30": {
        "Diluted EPS": 0.19,
        "Total Revenue": 131,
        "Gross Profit": 94,
        "Operating Income": 18,
        "EBIT": 22,
        "Net Income": 11
    },
    "2017-06-30": {
        "Diluted EPS": 0.0,
        "Total Revenue": NaN,
        "Gross Profit": NaN,
        "Operating Income": NaN,
        "EBIT": NaN,
        "Net Income": NaN
    },
    "2017-03-31": {
        "Diluted EPS": 0.26,
        "Total Revenue": 125,
        "Gross Profit": 94,
        "Operating Income": 24,
        "EBIT": 27,
        "Net Income": 15
    },
    "2016-12-31": {
        "Diluted EPS": 0.0,
        "Total Revenue": NaN,
        "Gross Profit": NaN,
        "Operating Income": NaN,
        "EBIT": NaN,
        "Net Income": NaN
    },
    "2016-09-30": {
        "Diluted EPS": 0.25,
        "Total Revenue": 106,
        "Gross Profit": 80,
        "Operating Income": 19,
        "EBIT": 19,
        "Net Income": 14
    },
    "2015-12-31": {
        "Diluted EPS": 0.0,
        "Total Revenue": NaN,
        "Gross Profit": NaN,
        "Operating Income": NaN,
        "EBIT": NaN,
        "Net Income": NaN
    },
    "2023-06-30": {
        "Tax Effect Of Unusual Items": NaN,
        "Tax Rate For Calcs": NaN,
        "Normalized EBITDA": NaN,
        "Net Income From Continuing Operation Net Minority Interest": NaN,
        "Reconciled Depreciation": NaN,
        "Reconciled Cost Of Revenue": NaN,
        "EBITDA": NaN,
        "EBIT": NaN,
        "Net Interest Income": NaN,
        "Normalized Income": NaN,
        "Net Income From Continuing And Discontinued Operation": NaN,
        "Total Expenses": NaN,
        "Total Operating Income As Reported": NaN,
        "Diluted Average Shares": NaN,
        "Basic Average Shares": NaN,
        "Diluted EPS": NaN,
        "Basic EPS": NaN,
        "Diluted NI Availto Com Stockholders": NaN,
        "Net Income Common Stockholders": NaN,
        "Otherunder Preferred Stock Dividend": 3300000.0,
        "Preferred Stock Dividends": 4200000.0,
        "Net Income": NaN,
        "Net Income Including Noncontrolling Interests": NaN,
        "Net Income Continuous Operations": NaN,
        "Tax Provision": NaN,
        "Pretax Income": NaN,
        "Other Income Expense": NaN,
        "Earnings From Equity Interest": NaN,
        "Net Non Operating Interest Income Expense": NaN,
        "Total Other Finance Cost": NaN,
        "Operating Income": NaN,
        "Operating Expense": NaN,
        "Other Operating Expenses": NaN,
        "Research And Development": NaN,
        "Selling General And Administration": NaN,
        "Selling And Marketing Expense": NaN,
        "General And Administrative Expense": NaN,
        "Other Gand A": NaN,
        "Gross Profit": NaN,
        "Cost Of Revenue": NaN,
        "Total Revenue": NaN,
        "Operating Revenue": NaN
    },
    "2023-09-30": {
        "Tax Effect Of Unusual Items": 0.0,
        "Tax Rate For Calcs": 0.3,
        "Normalized EBITDA": 24968000.0,
        "Net Income From Continuing Operation Net Minority Interest": -315000.0,
        "Reconciled Depreciation": 8769000.0,
        "Reconciled Cost Of Revenue": 57599000.0,
        "EBITDA": 24968000.0,
        "EBIT": 16199000.0,
        "Net Interest Income": -3215000.0,
        "Normalized Income": -315000.0,
        "Net Income From Continuing And Discontinued Operation": -315000.0,
        "Total Expenses": 161950000.0,
        "Total Operating Income As Reported": 15251000.0,
        "Diluted Average Shares": 77166000.0,
        "Basic Average Shares": 77166000.0,
        "Diluted EPS": -0.11,
        "Basic EPS": -0.11,
        "Diluted NI Availto Com Stockholders": -8215000.0,
        "Net Income Common Stockholders": -8215000.0,
        "Otherunder Preferred Stock Dividend": 3400000.0,
        "Preferred Stock Dividends": 4500000.0,
        "Net Income": -315000.0,
        "Net Income Including Noncontrolling Interests": -315000.0,
        "Net Income Continuous Operations": -315000.0,
        "Tax Provision": 12351000.0,
        "Pretax Income": 12036000.0,
        "Other Income Expense": -948000.0,
        "Earnings From Equity Interest": -948000.0,
        "Net Non Operating Interest Income Expense": -3215000.0,
        "Total Other Finance Cost": 3215000.0,
        "Operating Income": 16199000.0,
        "Operating Expense": 104351000.0,
        "Other Operating Expenses": NaN,
        "Research And Development": 26440000.0,
        "Selling General And Administration": 77911000.0,
        "Selling And Marketing Expense": 56529000.0,
        "General And Administrative Expense": 21382000.0,
        "Other Gand A": 21382000.0,
        "Gross Profit": 120550000.0,
        "Cost Of Revenue": 57599000.0,
        "Total Revenue": 178149000.0,
        "Operating Revenue": 178149000.0
    },
    "2023-12-31": {
        "Tax Effect Of Unusual Items": 0.0,
        "Tax Rate For Calcs": 0.3,
        "Normalized EBITDA": 7923000.0,
        "Net Income From Continuing Operation Net Minority Interest": -2501000.0,
        "Reconciled Depreciation": 12356000.0,
        "Reconciled Cost Of Revenue": 60312000.0,
        "EBITDA": 7923000.0,
        "EBIT": -4433000.0,
        "Net Interest Income": -7006000.0,
        "Normalized Income": -2501000.0,
        "Net Income From Continuing And Discontinued Operation": -2501000.0,
        "Total Expenses": 180690000.0,
        "Total Operating Income As Reported": 23030000.0,
        "Diluted Average Shares": 77325000.0,
        "Basic Average Shares": 66648804.0,
        "Diluted EPS": 0.08,
        "Basic EPS": 0.08,
        "Diluted NI Availto Com Stockholders": -24772000.0,
        "Net Income Common Stockholders": -24772000.0,
        "Otherunder Preferred Stock Dividend": NaN,
        "Preferred Stock Dividends": NaN,
        "Net Income": -2501000.0,
        "Net Income Including Noncontrolling Interests": -2501000.0,
        "Net Income Continuous Operations": -2501000.0,
        "Tax Provision": 8656000.0,
        "Pretax Income": 6155000.0,
        "Other Income Expense": -9809000.0,
        "Earnings From Equity Interest": 60000.0,
        "Net Non Operating Interest Income Expense": -7006000.0,
        "Total Other Finance Cost": 12005000.0,
        "Operating Income": 22970000.0,
        "Operating Expense": 120378000.0,
        "Other Operating Expenses": NaN,
        "Research And Development": 30271000.0,
        "Selling General And Administration": 85561000.0,
        "Selling And Marketing Expense": 60245000.0,
        "General And Administrative Expense": 25316000.0,
        "Other Gand A": 25316000.0,
        "Gross Profit": 143348000.0,
        "Cost Of Revenue": 60312000.0,
        "Total Revenue": 203660000.0,
        "Operating Revenue": 203660000.0
    },
    "2024-03-31": {
        "Tax Effect Of Unusual Items": 0.0,
        "Tax Rate For Calcs": 0.312497,
        "Normalized EBITDA": 40346000.0,
        "Net Income From Continuing Operation Net Minority Interest": 13803000.0,
        "Reconciled Depreciation": 11193000.0,
        "Reconciled Cost Of Revenue": 51756000.0,
        "EBITDA": 40346000.0,
        "EBIT": 29153000.0,
        "Net Interest Income": -8832000.0,
        "Normalized Income": 13803000.0,
        "Net Income From Continuing And Discontinued Operation": 13803000.0,
        "Total Expenses": 144507000.0,
        "Total Operating Income As Reported": 28909000.0,
        "Diluted Average Shares": 77712000.0,
        "Basic Average Shares": 77650000.0,
        "Diluted EPS": 0.07,
        "Basic EPS": 0.07,
        "Diluted NI Availto Com Stockholders": 5800000.0,
        "Net Income Common Stockholders": 5800000.0,
        "Otherunder Preferred Stock Dividend": 4400000.0,
        "Preferred Stock Dividends": 3600000.0,
        "Net Income": 13803000.0,
        "Net Income Including Noncontrolling Interests": 13803000.0,
        "Net Income Continuous Operations": 13803000.0,
        "Tax Provision": 6274000.0,
        "Pretax Income": 20077000.0,
        "Other Income Expense": -244000.0,
        "Earnings From Equity Interest": -244000.0,
        "Net Non Operating Interest Income Expense": -8832000.0,
        "Total Other Finance Cost": 8832000.0,
        "Operating Income": 29153000.0,
        "Operating Expense": 92751000.0,
        "Other Operating Expenses": NaN,
        "Research And Development": 23367000.0,
        "Selling General And Administration": 69384000.0,
        "Selling And Marketing Expense": 53357000.0,
        "General And Administrative Expense": 16027000.0,
        "Other Gand A": 16027000.0,
        "Gross Profit": 121904000.0,
        "Cost Of Revenue": 51756000.0,
        "Total Revenue": 173660000.0,
        "Operating Revenue": 173660000.0
    },
    "2024-06-30": {
        "Tax Effect Of Unusual Items": 0.0,
        "Tax Rate For Calcs": 0.3,
        "Normalized EBITDA": 36829000.0,
        "Net Income From Continuing Operation Net Minority Interest": 13437000.0,
        "Reconciled Depreciation": 10607000.0,
        "Reconciled Cost Of Revenue": 51952000.0,
        "EBITDA": 36829000.0,
        "EBIT": 26222000.0,
        "Net Interest Income": -14464000.0,
        "Normalized Income": 13437000.0,
        "Net Income From Continuing And Discontinued Operation": 13437000.0,
        "Total Expenses": 158825000.0,
        "Total Operating Income As Reported": 26142000.0,
        "Diluted Average Shares": 83514000.0,
        "Basic Average Shares": 83004000.0,
        "Diluted EPS": 0.07,
        "Basic EPS": 0.07,
        "Diluted NI Availto Com Stockholders": 6000000.0,
        "Net Income Common Stockholders": 6000000.0,
        "Otherunder Preferred Stock Dividend": 3700000.0,
        "Preferred Stock Dividends": 3700000.0,
        "Net Income": 13437000.0,
        "Net Income Including Noncontrolling Interests": 13437000.0,
        "Net Income Continuous Operations": 13437000.0,
        "Tax Provision": -1759000.0,
        "Pretax Income": 11678000.0,
        "Other Income Expense": -80000.0,
        "Earnings From Equity Interest": -80000.0,
        "Net Non Operating Interest Income Expense": -14464000.0,
        "Total Other Finance Cost": 14464000.0,
        "Operating Income": 26222000.0,
        "Operating Expense": 106873000.0,
        "Other Operating Expenses": NaN,
        "Research And Development": 27138000.0,
        "Selling General And Administration": 79735000.0,
        "Selling And Marketing Expense": 62933000.0,
        "General And Administrative Expense": 16802000.0,
        "Other Gand A": 16802000.0,
        "Gross Profit": 133095000.0,
        "Cost Of Revenue": 51952000.0,
        "Total Revenue": 185047000.0,
        "Operating Revenue": 185047000.0
    },
    "2024-09-30": {
        "Tax Effect Of Unusual Items": 0.0,
        "Tax Rate For Calcs": 0.3,
        "Normalized EBITDA": 48324000.0,
        "Net Income From Continuing Operation Net Minority Interest": 8928000.0,
        "Reconciled Depreciation": 11107000.0,
        "Reconciled Cost Of Revenue": 50790000.0,
        "EBITDA": 48324000.0,
        "EBIT": 37217000.0,
        "Net Interest Income": -29346000.0,
        "Normalized Income": 8928000.0,
        "Net Income From Continuing And Discontinued Operation": 8928000.0,
        "Total Expenses": 156712000.0,
        "Total Operating Income As Reported": 36635000.0,
        "Diluted Average Shares": 83916000.0,
        "Basic Average Shares": 83071000.0,
        "Diluted EPS": 0.02,
        "Basic EPS": 0.02,
        "Diluted NI Availto Com Stockholders": 1328000.0,
        "Net Income Common Stockholders": 1328000.0,
        "Otherunder Preferred Stock Dividend": 3800000.0,
        "Preferred Stock Dividends": 3800000.0,
        "Net Income": 8928000.0,
        "Net Income Including Noncontrolling Interests": 8928000.0,
        "Net Income Continuous Operations": 8928000.0,
        "Tax Provision": -1639000.0,
        "Pretax Income": 7289000.0,
        "Other Income Expense": -582000.0,
        "Earnings From Equity Interest": -582000.0,
        "Net Non Operating Interest Income Expense": -29346000.0,
        "Total Other Finance Cost": 29346000.0,
        "Operating Income": 37217000.0,
        "Operating Expense": 105922000.0,
        "Other Operating Expenses": 342000.0,
        "Research And Development": 26746000.0,
        "Selling General And Administration": 78834000.0,
        "Selling And Marketing Expense": 60373000.0,
        "General And Administrative Expense": 18461000.0,
        "Other Gand A": 18461000.0,
        "Gross Profit": 143139000.0,
        "Cost Of Revenue": 50790000.0,
        "Total Revenue": 193929000.0,
        "Operating Revenue": 193929000.0
    }
}