{
    "2023-03-31": {
        "Tax Effect Of Unusual Items": NaN,
        "Tax Rate For Calcs": NaN,
        "Normalized EBITDA": NaN,
        "Total Unusual Items": NaN,
        "Total Unusual Items Excluding Goodwill": NaN,
        "Net Income From Continuing Operation Net Minority Interest": NaN,
        "Reconciled Depreciation": NaN,
        "Reconciled Cost Of Revenue": NaN,
        "EBITDA": NaN,
        "EBIT": NaN,
        "Normalized Income": NaN,
        "Net Income From Continuing And Discontinued Operation": NaN,
        "Total Expenses": NaN,
        "Diluted Average Shares": 108822306.0,
        "Basic Average Shares": 92940291.0,
        "Diluted EPS": 0.45,
        "Basic EPS": 0.49,
        "Diluted NI Availto Com Stockholders": NaN,
        "Net Income Common Stockholders": NaN,
        "Preferred Stock Dividends": NaN,
        "Net Income": NaN,
        "Minority Interests": NaN,
        "Net Income Including Noncontrolling Interests": NaN,
        "Net Income Continuous Operations": NaN,
        "Tax Provision": NaN,
        "Pretax Income": NaN,
        "Other Income Expense": NaN,
        "Other Non Operating Income Expenses": NaN,
        "Special Income Charges": NaN,
        "Restructuring And Mergern Acquisition": NaN,
        "Earnings From Equity Interest": NaN,
        "Operating Income": NaN,
        "Operating Expense": NaN,
        "Selling General And Administration": NaN,
        "Gross Profit": NaN,
        "Cost Of Revenue": NaN,
        "Total Revenue": NaN,
        "Operating Revenue": NaN
    },
    "2022-12-31": {
        "Tax Effect Of Unusual Items": NaN,
        "Tax Rate For Calcs": NaN,
        "Normalized EBITDA": NaN,
        "Total Unusual Items": NaN,
        "Total Unusual Items Excluding Goodwill": NaN,
        "Net Income From Continuing Operation Net Minority Interest": NaN,
        "Reconciled Depreciation": NaN,
        "Reconciled Cost Of Revenue": NaN,
        "EBITDA": NaN,
        "EBIT": NaN,
        "Net Interest Income": -1000.0,
        "Interest Expense": 1000.0,
        "Normalized Income": NaN,
        "Net Income From Continuing And Discontinued Operation": NaN,
        "Total Expenses": NaN,
        "Diluted Average Shares": NaN,
        "Basic Average Shares": NaN,
        "Diluted EPS": NaN,
        "Basic EPS": NaN,
        "Diluted NI Availto Com Stockholders": NaN,
        "Net Income Common Stockholders": NaN,
        "Preferred Stock Dividends": NaN,
        "Net Income": NaN,
        "Minority Interests": NaN,
        "Net Income Including Noncontrolling Interests": NaN,
        "Net Income Continuous Operations": NaN,
        "Tax Provision": NaN,
        "Pretax Income": NaN,
        "Other Income Expense": NaN,
        "Other Non Operating Income Expenses": NaN,
        "Special Income Charges": NaN,
        "Restructuring And Mergern Acquisition": NaN,
        "Earnings From Equity Interest": NaN,
        "Net Non Operating Interest Income Expense": -1000.0,
        "Interest Expense Non Operating": 1000.0,
        "Operating Income": NaN,
        "Operating Expense": NaN,
        "Selling General And Administration": NaN,
        "Gross Profit": NaN,
        "Cost Of Revenue": NaN,
        "Total Revenue": NaN,
        "Operating Revenue": NaN
    },
    "2022-09-30": {
        "Tax Effect Of Unusual Items": NaN,
        "Tax Rate For Calcs": NaN,
        "Normalized EBITDA": NaN,
        "Total Unusual Items": NaN,
        "Total Unusual Items Excluding Goodwill": NaN,
        "Net Income From Continuing Operation Net Minority Interest": NaN,
        "Reconciled Depreciation": NaN,
        "Reconciled Cost Of Revenue": NaN,
        "EBITDA": NaN,
        "EBIT": NaN,
        "Net Interest Income": -5000.0,
        "Interest Expense": 5000.0,
        "Normalized Income": NaN,
        "Net Income From Continuing And Discontinued Operation": NaN,
        "Total Expenses": NaN,
        "Diluted Average Shares": NaN,
        "Basic Average Shares": NaN,
        "Diluted EPS": NaN,
        "Basic EPS": NaN,
        "Diluted NI Availto Com Stockholders": NaN,
        "Net Income Common Stockholders": NaN,
        "Preferred Stock Dividends": NaN,
        "Net Income": NaN,
        "Minority Interests": NaN,
        "Net Income Including Noncontrolling Interests": NaN,
        "Net Income Continuous Operations": NaN,
        "Tax Provision": NaN,
        "Pretax Income": NaN,
        "Other Income Expense": NaN,
        "Other Non Operating Income Expenses": NaN,
        "Special Income Charges": NaN,
        "Restructuring And Mergern Acquisition": NaN,
        "Earnings From Equity Interest": NaN,
        "Net Non Operating Interest Income Expense": -5000.0,
        "Interest Expense Non Operating": 5000.0,
        "Operating Income": NaN,
        "Operating Expense": NaN,
        "Selling General And Administration": NaN,
        "Gross Profit": NaN,
        "Cost Of Revenue": NaN,
        "Total Revenue": NaN,
        "Operating Revenue": NaN
    },
    "2022-06-30": {
        "Tax Effect Of Unusual Items": -1311230.283841,
        "Tax Rate For Calcs": 0.260062,
        "Normalized EBITDA": 98381000.0,
        "Total Unusual Items": -5042000.0,
        "Total Unusual Items Excluding Goodwill": -5042000.0,
        "Net Income From Continuing Operation Net Minority Interest": 62624000.0,
        "Reconciled Depreciation": 3628000.0,
        "Reconciled Cost Of Revenue": 635422000.0,
        "EBITDA": 93339000.0,
        "EBIT": 89711000.0,
        "Net Interest Income": -13000.0,
        "Interest Expense": 13000.0,
        "Normalized Income": 66354769.716159,
        "Net Income From Continuing And Discontinued Operation": 62624000.0,
        "Total Expenses": 701437000.0,
        "Diluted Average Shares": 104566243.0,
        "Basic Average Shares": 92758939.0,
        "Diluted EPS": 0.6,
        "Basic EPS": 0.64,
        "Diluted NI Availto Com Stockholders": 59008000.0,
        "Net Income Common Stockholders": 59008000.0,
        "Preferred Stock Dividends": 3616000.0,
        "Net Income": 62624000.0,
        "Minority Interests": -3747000.0,
        "Net Income Including Noncontrolling Interests": 66371000.0,
        "Net Income Continuous Operations": 66371000.0,
        "Tax Provision": 23327000.0,
        "Pretax Income": 89698000.0,
        "Other Income Expense": -1986000.0,
        "Other Non Operating Income Expenses": -278000.0,
        "Special Income Charges": -5042000.0,
        "Restructuring And Mergern Acquisition": 5042000.0,
        "Earnings From Equity Interest": 3334000.0,
        "Net Non Operating Interest Income Expense": -13000.0,
        "Interest Expense Non Operating": 13000.0,
        "Operating Income": 91697000.0,
        "Operating Expense": 66015000.0,
        "Selling General And Administration": 66015000.0,
        "Gross Profit": 157712000.0,
        "Cost Of Revenue": 635422000.0,
        "Total Revenue": 793134000.0,
        "Operating Revenue": 791230000.0
    },
    "2022-03-31": {
        "Diluted EPS": 0.42,
        "Total Revenue": 664,
        "Gross Profit": 125,
        "Operating Income": 63,
        "EBIT": 67,
        "Net Income": 40
    },
    "2021-12-31": {
        "Diluted EPS": 0.58,
        "Total Revenue": 852,
        "Gross Profit": 140,
        "Operating Income": 79,
        "EBIT": 84,
        "Net Income": 54
    },
    "2021-09-30": {
        "Diluted EPS": 0.2,
        "Total Revenue": 363,
        "Gross Profit": 60,
        "Operating Income": 26,
        "EBIT": 27,
        "Net Income": 19
    },
    "2021-06-30": {
        "Diluted EPS": 0.31,
        "Total Revenue": 365,
        "Gross Profit": 62,
        "Operating Income": 32,
        "EBIT": 34,
        "Net Income": 28
    },
    "2021-03-31": {
        "Diluted EPS": 0.18,
        "Total Revenue": 344,
        "Gross Profit": 53,
        "Operating Income": 23,
        "EBIT": 26,
        "Net Income": 17
    },
    "2020-12-31": {
        "Diluted EPS": 0.0,
        "Total Revenue": 461,
        "Gross Profit": 74,
        "Operating Income": 38,
        "EBIT": 41,
        "Net Income": 38
    },
    "2020-09-30": {
        "Diluted EPS": 0.0,
        "Total Revenue": 284,
        "Gross Profit": 43,
        "Operating Income": 24,
        "EBIT": 26,
        "Net Income": 23
    },
    "2020-06-30": {
        "Diluted EPS": 0.0,
        "Total Revenue": 200,
        "Gross Profit": 29,
        "Operating Income": 12,
        "EBIT": 14,
        "Net Income": 12
    },
    "2020-03-31": {
        "Diluted EPS": 0.0,
        "Total Revenue": 189,
        "Gross Profit": 25,
        "Operating Income": 7,
        "EBIT": 9,
        "Net Income": 7
    },
    "2019-12-31": {
        "Diluted EPS": 0.0,
        "Total Revenue": NaN,
        "Gross Profit": NaN,
        "Operating Income": NaN,
        "EBIT": NaN,
        "Net Income": NaN
    },
    "2018-12-31": {
        "Diluted EPS": 0.0,
        "Total Revenue": NaN,
        "Gross Profit": NaN,
        "Operating Income": NaN,
        "EBIT": NaN,
        "Net Income": NaN
    },
    "2023-06-30": {
        "Tax Effect Of Unusual Items": -4612999.707871,
        "Tax Rate For Calcs": 0.252546,
        "Normalized EBITDA": 131545000.0,
        "Total Unusual Items": -18266000.0,
        "Total Unusual Items Excluding Goodwill": -18266000.0,
        "Net Income From Continuing Operation Net Minority Interest": 68764000.0,
        "Reconciled Depreciation": 4504000.0,
        "Reconciled Cost Of Revenue": 762855000.0,
        "EBITDA": 113279000.0,
        "EBIT": 108775000.0,
        "Normalized Income": 82417000.292129,
        "Net Income From Continuing And Discontinued Operation": 68764000.0,
        "Total Expenses": 836564000.0,
        "Diluted Average Shares": 105439519.0,
        "Basic Average Shares": 93108277.0,
        "Diluted EPS": 0.65,
        "Basic EPS": 0.7,
        "Diluted NI Availto Com Stockholders": 65169000.0,
        "Net Income Common Stockholders": 65169000.0,
        "Preferred Stock Dividends": 3595000.0,
        "Net Income": 68764000.0,
        "Minority Interests": -2878000.0,
        "Net Income Including Noncontrolling Interests": 71642000.0,
        "Net Income Continuous Operations": 71642000.0,
        "Tax Provision": 24206000.0,
        "Pretax Income": 95848000.0,
        "Other Income Expense": -12927000.0,
        "Other Non Operating Income Expenses": 635000.0,
        "Special Income Charges": -18266000.0,
        "Restructuring And Mergern Acquisition": 18266000.0,
        "Earnings From Equity Interest": 4704000.0,
        "Operating Income": 108775000.0,
        "Operating Expense": 73709000.0,
        "Selling General And Administration": 73709000.0,
        "Gross Profit": 182484000.0,
        "Cost Of Revenue": 762855000.0,
        "Total Revenue": 945339000.0,
        "Operating Revenue": 942880000.0
    },
    "2023-09-30": {
        "Tax Effect Of Unusual Items": -2101525.742593,
        "Tax Rate For Calcs": 0.23283,
        "Normalized EBITDA": 120099000.0,
        "Total Unusual Items": -9026000.0,
        "Total Unusual Items Excluding Goodwill": -9026000.0,
        "Net Income From Continuing Operation Net Minority Interest": 76097000.0,
        "Reconciled Depreciation": 4492000.0,
        "Reconciled Cost Of Revenue": 709286000.0,
        "EBITDA": 111073000.0,
        "EBIT": 106581000.0,
        "Normalized Income": 83021474.257407,
        "Net Income From Continuing And Discontinued Operation": 76097000.0,
        "Total Expenses": 789249000.0,
        "Diluted Average Shares": 102052181.0,
        "Basic Average Shares": 93108277.0,
        "Diluted EPS": 0.75,
        "Basic EPS": 0.79,
        "Diluted NI Availto Com Stockholders": 73174000.0,
        "Net Income Common Stockholders": 73174000.0,
        "Preferred Stock Dividends": 2923000.0,
        "Net Income": 76097000.0,
        "Minority Interests": -3503000.0,
        "Net Income Including Noncontrolling Interests": 79600000.0,
        "Net Income Continuous Operations": 79600000.0,
        "Tax Provision": 24158000.0,
        "Pretax Income": 103758000.0,
        "Other Income Expense": -2823000.0,
        "Other Non Operating Income Expenses": 1646000.0,
        "Special Income Charges": -9026000.0,
        "Restructuring And Mergern Acquisition": 9026000.0,
        "Earnings From Equity Interest": 4557000.0,
        "Operating Income": 106581000.0,
        "Operating Expense": 79963000.0,
        "Selling General And Administration": 79963000.0,
        "Gross Profit": 186544000.0,
        "Cost Of Revenue": 709286000.0,
        "Total Revenue": 895830000.0,
        "Operating Revenue": 893502000.0
    },
    "2023-12-31": {
        "Tax Effect Of Unusual Items": -3147064.992026,
        "Tax Rate For Calcs": 0.22508,
        "Normalized EBITDA": 159764000.0,
        "Total Unusual Items": -13982000.0,
        "Total Unusual Items Excluding Goodwill": -13982000.0,
        "Net Income From Continuing Operation Net Minority Interest": 101950000.0,
        "Reconciled Depreciation": 4475000.0,
        "Reconciled Cost Of Revenue": 902328000.0,
        "EBITDA": 145782000.0,
        "EBIT": 141307000.0,
        "Normalized Income": 112784935.007974,
        "Net Income From Continuing And Discontinued Operation": 101950000.0,
        "Total Expenses": 996690000.0,
        "Diluted Average Shares": NaN,
        "Basic Average Shares": NaN,
        "Diluted EPS": NaN,
        "Basic EPS": NaN,
        "Diluted NI Availto Com Stockholders": 98575000.0,
        "Net Income Common Stockholders": 98575000.0,
        "Preferred Stock Dividends": 3375000.0,
        "Net Income": 101950000.0,
        "Minority Interests": -2999000.0,
        "Net Income Including Noncontrolling Interests": 104949000.0,
        "Net Income Continuous Operations": 104949000.0,
        "Tax Provision": 30483000.0,
        "Pretax Income": 135432000.0,
        "Other Income Expense": -5875000.0,
        "Other Non Operating Income Expenses": 2251000.0,
        "Special Income Charges": -13982000.0,
        "Restructuring And Mergern Acquisition": 13982000.0,
        "Earnings From Equity Interest": 5856000.0,
        "Operating Income": 141307000.0,
        "Operating Expense": 94362000.0,
        "Selling General And Administration": 94362000.0,
        "Gross Profit": 235669000.0,
        "Cost Of Revenue": 902328000.0,
        "Total Revenue": 1137997000.0,
        "Operating Revenue": 1135030000.0
    },
    "2024-03-31": {
        "Tax Effect Of Unusual Items": -686298.0,
        "Tax Rate For Calcs": 0.214,
        "Normalized EBITDA": 74607000.0,
        "Total Unusual Items": -3207000.0,
        "Total Unusual Items Excluding Goodwill": -3207000.0,
        "Net Income From Continuing Operation Net Minority Interest": 54494000.0,
        "Reconciled Depreciation": 4033000.0,
        "Reconciled Cost Of Revenue": 678640000.0,
        "EBITDA": 71400000.0,
        "EBIT": 67367000.0,
        "Normalized Income": 57014702.0,
        "Net Income From Continuing And Discontinued Operation": 54494000.0,
        "Total Expenses": 760433000.0,
        "Diluted Average Shares": 99935524.0,
        "Basic Average Shares": 93325838.0,
        "Diluted EPS": 0.55,
        "Basic EPS": 0.55,
        "Diluted NI Availto Com Stockholders": 51119000.0,
        "Net Income Common Stockholders": 51119000.0,
        "Preferred Stock Dividends": 3375000.0,
        "Net Income": 54494000.0,
        "Minority Interests": -1189000.0,
        "Net Income Including Noncontrolling Interests": 55683000.0,
        "Net Income Continuous Operations": 55683000.0,
        "Tax Provision": 15141000.0,
        "Pretax Income": 70824000.0,
        "Other Income Expense": 3457000.0,
        "Other Non Operating Income Expenses": 1761000.0,
        "Special Income Charges": -3207000.0,
        "Restructuring And Mergern Acquisition": 3207000.0,
        "Earnings From Equity Interest": 4903000.0,
        "Operating Income": 67367000.0,
        "Operating Expense": 81793000.0,
        "Selling General And Administration": 81793000.0,
        "Gross Profit": 149160000.0,
        "Cost Of Revenue": 678640000.0,
        "Total Revenue": 827800000.0,
        "Operating Revenue": 825221000.0
    },
    "2024-06-30": {
        "Tax Effect Of Unusual Items": -1017001.641386,
        "Tax Rate For Calcs": 0.219276,
        "Normalized EBITDA": 112961000.0,
        "Total Unusual Items": -4638000.0,
        "Total Unusual Items Excluding Goodwill": -4638000.0,
        "Net Income From Continuing Operation Net Minority Interest": 80943000.0,
        "Reconciled Depreciation": 4339000.0,
        "Reconciled Cost Of Revenue": 852837000.0,
        "EBITDA": 108323000.0,
        "EBIT": 103984000.0,
        "Normalized Income": 84563998.358614,
        "Net Income From Continuing And Discontinued Operation": 80943000.0,
        "Total Expenses": 951763000.0,
        "Diluted Average Shares": 100125681.0,
        "Basic Average Shares": 93722953.0,
        "Diluted EPS": 0.81,
        "Basic EPS": 0.83,
        "Diluted NI Availto Com Stockholders": 77568000.0,
        "Net Income Common Stockholders": 77568000.0,
        "Preferred Stock Dividends": 3375000.0,
        "Net Income": 80943000.0,
        "Minority Interests": -1820000.0,
        "Net Income Including Noncontrolling Interests": 82763000.0,
        "Net Income Continuous Operations": 82763000.0,
        "Tax Provision": 23245000.0,
        "Pretax Income": 106008000.0,
        "Other Income Expense": 2024000.0,
        "Other Non Operating Income Expenses": 1363000.0,
        "Special Income Charges": -4638000.0,
        "Restructuring And Mergern Acquisition": 4638000.0,
        "Earnings From Equity Interest": 5299000.0,
        "Operating Income": 103984000.0,
        "Operating Expense": 98926000.0,
        "Selling General And Administration": 98926000.0,
        "Gross Profit": 202910000.0,
        "Cost Of Revenue": 852837000.0,
        "Total Revenue": 1055747000.0,
        "Operating Revenue": 1052236000.0
    }
}