{
    "2023-03-31": {
        "Tax Effect Of Unusual Items": NaN,
        "Tax Rate For Calcs": NaN,
        "Normalized EBITDA": NaN,
        "Total Unusual Items": NaN,
        "Total Unusual Items Excluding Goodwill": NaN,
        "Net Income From Continuing Operation Net Minority Interest": NaN,
        "Reconciled Depreciation": NaN,
        "Reconciled Cost Of Revenue": NaN,
        "EBITDA": NaN,
        "EBIT": NaN,
        "Net Interest Income": NaN,
        "Interest Expense": NaN,
        "Interest Income": NaN,
        "Normalized Income": NaN,
        "Net Income From Continuing And Discontinued Operation": NaN,
        "Total Expenses": NaN,
        "Total Operating Income As Reported": NaN,
        "Diluted Average Shares": NaN,
        "Basic Average Shares": NaN,
        "Diluted EPS": NaN,
        "Basic EPS": NaN,
        "Diluted NI Availto Com Stockholders": NaN,
        "Net Income Common Stockholders": NaN,
        "Net Income": NaN,
        "Net Income Including Noncontrolling Interests": NaN,
        "Net Income Continuous Operations": NaN,
        "Tax Provision": NaN,
        "Pretax Income": NaN,
        "Other Income Expense": NaN,
        "Special Income Charges": NaN,
        "Other Special Charges": NaN,
        "Write Off": NaN,
        "Restructuring And Mergern Acquisition": NaN,
        "Gain On Sale Of Security": NaN,
        "Net Non Operating Interest Income Expense": NaN,
        "Interest Expense Non Operating": NaN,
        "Interest Income Non Operating": NaN,
        "Operating Income": NaN,
        "Operating Expense": NaN,
        "Other Operating Expenses": -300000.0,
        "Depreciation Amortization Depletion Income Statement": NaN,
        "Depreciation And Amortization In Income Statement": NaN,
        "Selling General And Administration": NaN,
        "Gross Profit": NaN,
        "Cost Of Revenue": NaN,
        "Total Revenue": NaN,
        "Operating Revenue": NaN
    },
    "2022-12-31": {
        "Tax Effect Of Unusual Items": NaN,
        "Tax Rate For Calcs": NaN,
        "Normalized EBITDA": NaN,
        "Total Unusual Items": NaN,
        "Total Unusual Items Excluding Goodwill": NaN,
        "Net Income From Continuing Operation Net Minority Interest": NaN,
        "Reconciled Depreciation": NaN,
        "Reconciled Cost Of Revenue": NaN,
        "EBITDA": NaN,
        "EBIT": NaN,
        "Net Interest Income": NaN,
        "Interest Expense": NaN,
        "Interest Income": NaN,
        "Normalized Income": NaN,
        "Net Income From Continuing And Discontinued Operation": NaN,
        "Total Expenses": NaN,
        "Total Operating Income As Reported": NaN,
        "Diluted Average Shares": 30700000.0,
        "Basic Average Shares": 29100000.0,
        "Diluted EPS": 0.36,
        "Basic EPS": 0.37,
        "Diluted NI Availto Com Stockholders": NaN,
        "Net Income Common Stockholders": NaN,
        "Net Income": NaN,
        "Net Income Including Noncontrolling Interests": NaN,
        "Net Income Continuous Operations": NaN,
        "Tax Provision": NaN,
        "Pretax Income": NaN,
        "Other Income Expense": NaN,
        "Special Income Charges": NaN,
        "Write Off": NaN,
        "Restructuring And Mergern Acquisition": NaN,
        "Gain On Sale Of Security": NaN,
        "Net Non Operating Interest Income Expense": NaN,
        "Interest Expense Non Operating": NaN,
        "Interest Income Non Operating": NaN,
        "Operating Income": NaN,
        "Operating Expense": NaN,
        "Other Operating Expenses": NaN,
        "Depreciation Amortization Depletion Income Statement": NaN,
        "Depreciation And Amortization In Income Statement": NaN,
        "Selling General And Administration": NaN,
        "Gross Profit": NaN,
        "Cost Of Revenue": NaN,
        "Total Revenue": NaN,
        "Operating Revenue": NaN
    },
    "2022-09-30": {
        "Tax Effect Of Unusual Items": 58800.0,
        "Tax Rate For Calcs": 0.294,
        "Normalized EBITDA": 45300000.0,
        "Total Unusual Items": 200000.0,
        "Total Unusual Items Excluding Goodwill": 200000.0,
        "Net Income From Continuing Operation Net Minority Interest": 19200000.0,
        "Reconciled Depreciation": 15800000.0,
        "Reconciled Cost Of Revenue": 79800000.0,
        "EBITDA": 45500000.0,
        "EBIT": 29700000.0,
        "Net Interest Income": -2300000.0,
        "Interest Expense": 2500000.0,
        "Interest Income": 200000.0,
        "Normalized Income": 19058800.0,
        "Net Income From Continuing And Discontinued Operation": 19200000.0,
        "Total Expenses": 159400000.0,
        "Total Operating Income As Reported": 26700000.0,
        "Diluted Average Shares": 30900000.0,
        "Basic Average Shares": 29800000.0,
        "Diluted EPS": 0.62,
        "Basic EPS": 0.64,
        "Diluted NI Availto Com Stockholders": 19200000.0,
        "Net Income Common Stockholders": 19200000.0,
        "Net Income": 19200000.0,
        "Net Income Including Noncontrolling Interests": 19200000.0,
        "Net Income Continuous Operations": 19200000.0,
        "Tax Provision": 8000000.0,
        "Pretax Income": 27200000.0,
        "Other Income Expense": 200000.0,
        "Special Income Charges": -2600000.0,
        "Restructuring And Mergern Acquisition": 2600000.0,
        "Gain On Sale Of Security": 2800000.0,
        "Net Non Operating Interest Income Expense": -2300000.0,
        "Interest Expense Non Operating": 2500000.0,
        "Interest Income Non Operating": 200000.0,
        "Operating Income": 29300000.0,
        "Operating Expense": 75500000.0,
        "Other Operating Expenses": NaN,
        "Depreciation Amortization Depletion Income Statement": 11700000.0,
        "Depreciation And Amortization In Income Statement": 11700000.0,
        "Selling General And Administration": 63800000.0,
        "Gross Profit": 104800000.0,
        "Cost Of Revenue": 83900000.0,
        "Total Revenue": 188700000.0,
        "Operating Revenue": 188700000.0
    },
    "2022-06-30": {
        "Tax Effect Of Unusual Items": 28200.0,
        "Tax Rate For Calcs": 0.282,
        "Normalized EBITDA": 81400000.0,
        "Total Unusual Items": 100000.0,
        "Total Unusual Items Excluding Goodwill": 100000.0,
        "Net Income From Continuing Operation Net Minority Interest": 46000000.0,
        "Reconciled Depreciation": 15100000.0,
        "Reconciled Cost Of Revenue": 107800000.0,
        "EBITDA": 81500000.0,
        "EBIT": 66400000.0,
        "Net Interest Income": -2100000.0,
        "Interest Expense": 2300000.0,
        "Interest Income": 200000.0,
        "Normalized Income": 45928200.0,
        "Net Income From Continuing And Discontinued Operation": 46000000.0,
        "Total Expenses": 200100000.0,
        "Total Operating Income As Reported": 65900000.0,
        "Diluted Average Shares": 32400000.0,
        "Basic Average Shares": 31500000.0,
        "Diluted EPS": 1.42,
        "Basic EPS": 1.46,
        "Diluted NI Availto Com Stockholders": 46000000.0,
        "Net Income Common Stockholders": 46000000.0,
        "Net Income": 46000000.0,
        "Net Income Including Noncontrolling Interests": 46000000.0,
        "Net Income Continuous Operations": 46000000.0,
        "Tax Provision": 18100000.0,
        "Pretax Income": 64100000.0,
        "Other Income Expense": 100000.0,
        "Special Income Charges": -200000.0,
        "Restructuring And Mergern Acquisition": 200000.0,
        "Gain On Sale Of Security": 300000.0,
        "Net Non Operating Interest Income Expense": -2100000.0,
        "Interest Expense Non Operating": 2300000.0,
        "Interest Income Non Operating": 200000.0,
        "Operating Income": 66100000.0,
        "Operating Expense": 88400000.0,
        "Other Operating Expenses": -200000.0,
        "Depreciation Amortization Depletion Income Statement": 11200000.0,
        "Depreciation And Amortization In Income Statement": 11200000.0,
        "Selling General And Administration": 77400000.0,
        "Gross Profit": 154500000.0,
        "Cost Of Revenue": 111700000.0,
        "Total Revenue": 266200000.0,
        "Operating Revenue": 266200000.0
    },
    "2023-06-30": {
        "Tax Effect Of Unusual Items": NaN,
        "Tax Rate For Calcs": NaN,
        "Normalized EBITDA": NaN,
        "Total Unusual Items": NaN,
        "Total Unusual Items Excluding Goodwill": NaN,
        "Net Income From Continuing Operation Net Minority Interest": NaN,
        "Reconciled Depreciation": NaN,
        "Reconciled Cost Of Revenue": NaN,
        "EBITDA": NaN,
        "EBIT": NaN,
        "Net Interest Income": NaN,
        "Interest Expense": NaN,
        "Interest Income": NaN,
        "Normalized Income": NaN,
        "Net Income From Continuing And Discontinued Operation": NaN,
        "Total Expenses": NaN,
        "Total Operating Income As Reported": NaN,
        "Diluted Average Shares": 30400000.0,
        "Basic Average Shares": 29500000.0,
        "Diluted EPS": 1.24,
        "Basic EPS": 1.28,
        "Diluted NI Availto Com Stockholders": NaN,
        "Net Income Common Stockholders": NaN,
        "Net Income": NaN,
        "Net Income Including Noncontrolling Interests": NaN,
        "Net Income Continuous Operations": NaN,
        "Tax Provision": NaN,
        "Pretax Income": NaN,
        "Other Income Expense": NaN,
        "Special Income Charges": NaN,
        "Other Special Charges": NaN,
        "Write Off": NaN,
        "Restructuring And Mergern Acquisition": NaN,
        "Gain On Sale Of Security": NaN,
        "Net Non Operating Interest Income Expense": NaN,
        "Interest Expense Non Operating": NaN,
        "Interest Income Non Operating": NaN,
        "Operating Income": NaN,
        "Operating Expense": NaN,
        "Other Operating Expenses": -100000.0,
        "Depreciation Amortization Depletion Income Statement": NaN,
        "Depreciation And Amortization In Income Statement": NaN,
        "Selling General And Administration": NaN,
        "Gross Profit": NaN,
        "Cost Of Revenue": NaN,
        "Total Revenue": NaN,
        "Operating Revenue": NaN
    },
    "2022-03-31": {
        "Diluted EPS": 0.77,
        "Total Revenue": 211,
        "Gross Profit": 112,
        "Operating Income": 35,
        "EBIT": 50,
        "Net Income": 26
    },
    "2021-12-31": {
        "Diluted EPS": 0.66,
        "Total Revenue": 233,
        "Gross Profit": 141,
        "Operating Income": 41,
        "EBIT": 56,
        "Net Income": 26
    },
    "2021-09-30": {
        "Diluted EPS": 1.22,
        "Total Revenue": 248,
        "Gross Profit": 155,
        "Operating Income": 65,
        "EBIT": 79,
        "Net Income": 42
    },
    "2021-06-30": {
        "Diluted EPS": 1.24,
        "Total Revenue": 268,
        "Gross Profit": 150,
        "Operating Income": 62,
        "EBIT": 76,
        "Net Income": 43
    },
    "2021-03-31": {
        "Diluted EPS": 1.02,
        "Total Revenue": 245,
        "Gross Profit": 135,
        "Operating Income": 51,
        "EBIT": 65,
        "Net Income": 35
    },
    "2020-12-31": {
        "Diluted EPS": -1.05,
        "Total Revenue": 210,
        "Gross Profit": 101,
        "Operating Income": -27,
        "EBIT": -11,
        "Net Income": -36
    },
    "2020-09-30": {
        "Diluted EPS": 0.21,
        "Total Revenue": 210,
        "Gross Profit": 97,
        "Operating Income": 15,
        "EBIT": 34,
        "Net Income": 7
    },
    "2020-06-30": {
        "Diluted EPS": -0.04,
        "Total Revenue": 254,
        "Gross Profit": 117,
        "Operating Income": 4,
        "EBIT": 25,
        "Net Income": -1
    },
    "2020-03-31": {
        "Diluted EPS": 0.12,
        "Total Revenue": 221,
        "Gross Profit": 84,
        "Operating Income": 12,
        "EBIT": 30,
        "Net Income": 4
    },
    "2019-12-31": {
        "Diluted EPS": 0.2,
        "Total Revenue": 190,
        "Gross Profit": 72,
        "Operating Income": 6,
        "EBIT": 25,
        "Net Income": 7
    },
    "2019-09-30": {
        "Diluted EPS": 0.43,
        "Total Revenue": 196,
        "Gross Profit": 75,
        "Operating Income": 32,
        "EBIT": 50,
        "Net Income": 15
    },
    "2019-06-30": {
        "Diluted EPS": 0.51,
        "Total Revenue": 259,
        "Gross Profit": 110,
        "Operating Income": 33,
        "EBIT": 51,
        "Net Income": 17
    },
    "2019-03-31": {
        "Diluted EPS": -0.04,
        "Total Revenue": 230,
        "Gross Profit": 76,
        "Operating Income": 7,
        "EBIT": 24,
        "Net Income": -1
    },
    "2018-12-31": {
        "Diluted EPS": -0.03,
        "Total Revenue": 200,
        "Gross Profit": 71,
        "Operating Income": 3,
        "EBIT": 16,
        "Net Income": -1
    },
    "2018-09-30": {
        "Diluted EPS": 1.4,
        "Total Revenue": 217,
        "Gross Profit": 84,
        "Operating Income": 62,
        "EBIT": 74,
        "Net Income": 48
    },
    "2018-06-30": {
        "Diluted EPS": 0.56,
        "Total Revenue": 291,
        "Gross Profit": 125,
        "Operating Income": 36,
        "EBIT": 47,
        "Net Income": 19
    },
    "2018-03-31": {
        "Diluted EPS": 0.23,
        "Total Revenue": 255,
        "Gross Profit": 97,
        "Operating Income": 19,
        "EBIT": 30,
        "Net Income": 8
    },
    "2017-12-31": {
        "Diluted EPS": -0.72,
        "Total Revenue": 225,
        "Gross Profit": 86,
        "Operating Income": 10,
        "EBIT": 23,
        "Net Income": -24
    },
    "2017-09-30": {
        "Diluted EPS": 0.16,
        "Total Revenue": 223,
        "Gross Profit": 82,
        "Operating Income": 17,
        "EBIT": 28,
        "Net Income": 5
    },
    "2017-06-30": {
        "Diluted EPS": 0.57,
        "Total Revenue": 290,
        "Gross Profit": 118,
        "Operating Income": 42,
        "EBIT": 53,
        "Net Income": 19
    },
    "2017-03-31": {
        "Diluted EPS": 0.28,
        "Total Revenue": 267,
        "Gross Profit": 98,
        "Operating Income": 26,
        "EBIT": 37,
        "Net Income": 9
    },
    "2016-12-31": {
        "Diluted EPS": -0.04,
        "Total Revenue": 221,
        "Gross Profit": 75,
        "Operating Income": 6,
        "EBIT": 19,
        "Net Income": -1
    },
    "2016-09-30": {
        "Diluted EPS": 0.31,
        "Total Revenue": 224,
        "Gross Profit": 78,
        "Operating Income": 18,
        "EBIT": 28,
        "Net Income": 10
    },
    "2016-06-30": {
        "Diluted EPS": 1.12,
        "Total Revenue": 298,
        "Gross Profit": 130,
        "Operating Income": 59,
        "EBIT": 70,
        "Net Income": 36
    },
    "2016-03-31": {
        "Diluted EPS": 0.41,
        "Total Revenue": 240,
        "Gross Profit": 82,
        "Operating Income": 23,
        "EBIT": 32,
        "Net Income": 13
    },
    "2015-12-31": {
        "Diluted EPS": 0.0,
        "Total Revenue": NaN,
        "Gross Profit": NaN,
        "Operating Income": NaN,
        "EBIT": NaN,
        "Net Income": NaN
    },
    "2015-09-30": {
        "Diluted EPS": 0.52,
        "Total Revenue": 232,
        "Gross Profit": 87,
        "Operating Income": 28,
        "EBIT": 28,
        "Net Income": 17
    },
    "2014-12-31": {
        "Diluted EPS": 0.0,
        "Total Revenue": NaN,
        "Gross Profit": NaN,
        "Operating Income": NaN,
        "EBIT": NaN,
        "Net Income": NaN
    },
    "2013-12-31": {
        "Diluted EPS": 0.0,
        "Total Revenue": NaN,
        "Gross Profit": NaN,
        "Operating Income": NaN,
        "EBIT": NaN,
        "Net Income": NaN
    },
    "2023-09-30": {
        "Tax Effect Of Unusual Items": 119379.844961,
        "Tax Rate For Calcs": 0.29845,
        "Normalized EBITDA": 47300000.0,
        "Total Unusual Items": 400000.0,
        "Total Unusual Items Excluding Goodwill": 400000.0,
        "Net Income From Continuing Operation Net Minority Interest": 18100000.0,
        "Reconciled Depreciation": 17200000.0,
        "Reconciled Cost Of Revenue": 68100000.0,
        "EBITDA": 47700000.0,
        "EBIT": 30500000.0,
        "Net Interest Income": -4100000.0,
        "Interest Expense": 4700000.0,
        "Interest Income": 600000.0,
        "Normalized Income": 17819379.844961,
        "Net Income From Continuing And Discontinued Operation": 18100000.0,
        "Total Expenses": 150500000.0,
        "Total Operating Income As Reported": 29800000.0,
        "Diluted Average Shares": 30300000.0,
        "Basic Average Shares": 29400000.0,
        "Diluted EPS": 0.6,
        "Basic EPS": 0.62,
        "Diluted NI Availto Com Stockholders": 18100000.0,
        "Net Income Common Stockholders": 18100000.0,
        "Net Income": 18100000.0,
        "Net Income Including Noncontrolling Interests": 18100000.0,
        "Net Income Continuous Operations": 18100000.0,
        "Tax Provision": 7700000.0,
        "Pretax Income": 25800000.0,
        "Other Income Expense": 400000.0,
        "Special Income Charges": 300000.0,
        "Other Special Charges": 100000.0,
        "Write Off": 100000.0,
        "Restructuring And Mergern Acquisition": -500000.0,
        "Gain On Sale Of Security": 100000.0,
        "Net Non Operating Interest Income Expense": -4100000.0,
        "Interest Expense Non Operating": 4700000.0,
        "Interest Income Non Operating": 600000.0,
        "Operating Income": 29500000.0,
        "Operating Expense": 79600000.0,
        "Other Operating Expenses": -200000.0,
        "Depreciation Amortization Depletion Income Statement": 14400000.0,
        "Depreciation And Amortization In Income Statement": 14400000.0,
        "Selling General And Administration": 65400000.0,
        "Gross Profit": 109100000.0,
        "Cost Of Revenue": 70900000.0,
        "Total Revenue": 180000000.0,
        "Operating Revenue": 180000000.0
    },
    "2023-12-31": {
        "Tax Effect Of Unusual Items": -189000.0,
        "Tax Rate For Calcs": 0.21,
        "Normalized EBITDA": 33200000.0,
        "Total Unusual Items": -900000.0,
        "Total Unusual Items Excluding Goodwill": -900000.0,
        "Net Income From Continuing Operation Net Minority Interest": 10600000.0,
        "Reconciled Depreciation": 21400000.0,
        "Reconciled Cost Of Revenue": 68000000.0,
        "EBITDA": 32300000.0,
        "EBIT": 10900000.0,
        "Net Interest Income": -3600000.0,
        "Interest Expense": 4200000.0,
        "Interest Income": 600000.0,
        "Normalized Income": 11311000.0,
        "Net Income From Continuing And Discontinued Operation": 10600000.0,
        "Total Expenses": 165300000.0,
        "Total Operating Income As Reported": 9800000.0,
        "Diluted Average Shares": NaN,
        "Basic Average Shares": NaN,
        "Diluted EPS": NaN,
        "Basic EPS": NaN,
        "Diluted NI Availto Com Stockholders": 10600000.0,
        "Net Income Common Stockholders": 10600000.0,
        "Net Income": 10600000.0,
        "Net Income Including Noncontrolling Interests": 10600000.0,
        "Net Income Continuous Operations": 10600000.0,
        "Tax Provision": -3900000.0,
        "Pretax Income": 6700000.0,
        "Other Income Expense": -900000.0,
        "Special Income Charges": -1400000.0,
        "Other Special Charges": 100000.0,
        "Write Off": 0.0,
        "Restructuring And Mergern Acquisition": 1300000.0,
        "Gain On Sale Of Security": 500000.0,
        "Net Non Operating Interest Income Expense": -3600000.0,
        "Interest Expense Non Operating": 4200000.0,
        "Interest Income Non Operating": 600000.0,
        "Operating Income": 11200000.0,
        "Operating Expense": 91400000.0,
        "Other Operating Expenses": 5900000.0,
        "Depreciation Amortization Depletion Income Statement": 15500000.0,
        "Depreciation And Amortization In Income Statement": 15500000.0,
        "Selling General And Administration": 70000000.0,
        "Gross Profit": 102600000.0,
        "Cost Of Revenue": 73900000.0,
        "Total Revenue": 176500000.0,
        "Operating Revenue": 176500000.0
    },
    "2024-03-31": {
        "Tax Effect Of Unusual Items": -274400.0,
        "Tax Rate For Calcs": 0.196,
        "Normalized EBITDA": 63300000.0,
        "Total Unusual Items": -1400000.0,
        "Total Unusual Items Excluding Goodwill": -1400000.0,
        "Net Income From Continuing Operation Net Minority Interest": 33300000.0,
        "Reconciled Depreciation": 16200000.0,
        "Reconciled Cost Of Revenue": 77800000.0,
        "EBITDA": 61900000.0,
        "EBIT": 45700000.0,
        "Net Interest Income": -3600000.0,
        "Interest Expense": 4300000.0,
        "Interest Income": 700000.0,
        "Normalized Income": 34425600.0,
        "Net Income From Continuing And Discontinued Operation": 33300000.0,
        "Total Expenses": 157000000.0,
        "Total Operating Income As Reported": 44600000.0,
        "Diluted Average Shares": 30500000.0,
        "Basic Average Shares": 29300000.0,
        "Diluted EPS": 1.09,
        "Basic EPS": 1.14,
        "Diluted NI Availto Com Stockholders": 33300000.0,
        "Net Income Common Stockholders": 33300000.0,
        "Net Income": 33300000.0,
        "Net Income Including Noncontrolling Interests": 33300000.0,
        "Net Income Continuous Operations": 33300000.0,
        "Tax Provision": 8100000.0,
        "Pretax Income": 41400000.0,
        "Other Income Expense": -1400000.0,
        "Special Income Charges": -1800000.0,
        "Other Special Charges": 100000.0,
        "Write Off": NaN,
        "Restructuring And Mergern Acquisition": 1700000.0,
        "Gain On Sale Of Security": 400000.0,
        "Net Non Operating Interest Income Expense": -3600000.0,
        "Interest Expense Non Operating": 4300000.0,
        "Interest Income Non Operating": 700000.0,
        "Operating Income": 46400000.0,
        "Operating Expense": 76900000.0,
        "Other Operating Expenses": -9800000.0,
        "Depreciation Amortization Depletion Income Statement": 13900000.0,
        "Depreciation And Amortization In Income Statement": 13900000.0,
        "Selling General And Administration": 72800000.0,
        "Gross Profit": 123300000.0,
        "Cost Of Revenue": 80100000.0,
        "Total Revenue": 203400000.0,
        "Operating Revenue": 203400000.0
    },
    "2024-06-30": {
        "Tax Effect Of Unusual Items": -251100.0,
        "Tax Rate For Calcs": 0.279,
        "Normalized EBITDA": 83000000.0,
        "Total Unusual Items": -900000.0,
        "Total Unusual Items Excluding Goodwill": -900000.0,
        "Net Income From Continuing Operation Net Minority Interest": 44100000.0,
        "Reconciled Depreciation": 16600000.0,
        "Reconciled Cost Of Revenue": 84200000.0,
        "EBITDA": 82100000.0,
        "EBIT": 65500000.0,
        "Net Interest Income": -3700000.0,
        "Interest Expense": 4300000.0,
        "Interest Income": 600000.0,
        "Normalized Income": 44748900.0,
        "Net Income From Continuing And Discontinued Operation": 44100000.0,
        "Total Expenses": 176900000.0,
        "Total Operating Income As Reported": 64500000.0,
        "Diluted Average Shares": 30000000.0,
        "Basic Average Shares": 29400000.0,
        "Diluted EPS": 1.47,
        "Basic EPS": 1.5,
        "Diluted NI Availto Com Stockholders": 44100000.0,
        "Net Income Common Stockholders": 44100000.0,
        "Net Income": 44100000.0,
        "Net Income Including Noncontrolling Interests": 44100000.0,
        "Net Income Continuous Operations": 44100000.0,
        "Tax Provision": 17100000.0,
        "Pretax Income": 61200000.0,
        "Other Income Expense": -900000.0,
        "Special Income Charges": -1300000.0,
        "Other Special Charges": 100000.0,
        "Write Off": NaN,
        "Restructuring And Mergern Acquisition": 1200000.0,
        "Gain On Sale Of Security": 400000.0,
        "Net Non Operating Interest Income Expense": -3700000.0,
        "Interest Expense Non Operating": 4300000.0,
        "Interest Income Non Operating": 600000.0,
        "Operating Income": 65800000.0,
        "Operating Expense": 90400000.0,
        "Other Operating Expenses": NaN,
        "Depreciation Amortization Depletion Income Statement": 14300000.0,
        "Depreciation And Amortization In Income Statement": 14300000.0,
        "Selling General And Administration": 76100000.0,
        "Gross Profit": 156200000.0,
        "Cost Of Revenue": 86500000.0,
        "Total Revenue": 242700000.0,
        "Operating Revenue": 242700000.0
    },
    "2024-09-30": {
        "Tax Effect Of Unusual Items": -252000.0,
        "Tax Rate For Calcs": 0.21,
        "Normalized EBITDA": 39600000.0,
        "Total Unusual Items": -1200000.0,
        "Total Unusual Items Excluding Goodwill": -1200000.0,
        "Net Income From Continuing Operation Net Minority Interest": 8700000.0,
        "Reconciled Depreciation": 19500000.0,
        "Reconciled Cost Of Revenue": 66400000.0,
        "EBITDA": 38400000.0,
        "EBIT": 18900000.0,
        "Net Interest Income": -3100000.0,
        "Interest Expense": 3500000.0,
        "Interest Income": 400000.0,
        "Normalized Income": 9648000.0,
        "Net Income From Continuing And Discontinued Operation": 8700000.0,
        "Total Expenses": 159900000.0,
        "Total Operating Income As Reported": 18200000.0,
        "Diluted Average Shares": 29900000.0,
        "Basic Average Shares": 29100000.0,
        "Diluted EPS": 0.29,
        "Basic EPS": 0.3,
        "Diluted NI Availto Com Stockholders": 8700000.0,
        "Net Income Common Stockholders": 8700000.0,
        "Net Income": 8700000.0,
        "Net Income Including Noncontrolling Interests": 8700000.0,
        "Net Income Continuous Operations": 8700000.0,
        "Tax Provision": 6700000.0,
        "Pretax Income": 15400000.0,
        "Other Income Expense": -1200000.0,
        "Special Income Charges": -1500000.0,
        "Other Special Charges": 100000.0,
        "Write Off": 700000.0,
        "Restructuring And Mergern Acquisition": 700000.0,
        "Gain On Sale Of Security": 300000.0,
        "Net Non Operating Interest Income Expense": -3100000.0,
        "Interest Expense Non Operating": 3500000.0,
        "Interest Income Non Operating": 400000.0,
        "Operating Income": 19600000.0,
        "Operating Expense": 91200000.0,
        "Other Operating Expenses": NaN,
        "Depreciation Amortization Depletion Income Statement": 17200000.0,
        "Depreciation And Amortization In Income Statement": 17200000.0,
        "Selling General And Administration": 74000000.0,
        "Gross Profit": 110800000.0,
        "Cost Of Revenue": 68700000.0,
        "Total Revenue": 179500000.0,
        "Operating Revenue": 179500000.0
    }
}