{
    "2023-04-30": {
        "Tax Effect Of Unusual Items": 0.0,
        "Tax Rate For Calcs": 0.218,
        "Normalized EBITDA": 942765000.0,
        "Net Income From Continuing Operation Net Minority Interest": 514380000.0,
        "Reconciled Depreciation": 201907000.0,
        "Reconciled Cost Of Revenue": 6387358000.0,
        "EBITDA": 942765000.0,
        "EBIT": 740858000.0,
        "Net Interest Income": -83038000.0,
        "Interest Expense": 83038000.0,
        "Normalized Income": 514380000.0,
        "Net Income From Continuing And Discontinued Operation": 514380000.0,
        "Total Expenses": 8601974000.0,
        "Total Operating Income As Reported": 740858000.0,
        "Diluted Average Shares": 220107000.0,
        "Basic Average Shares": 219193000.0,
        "Diluted EPS": 2.34,
        "Basic EPS": 2.35,
        "Diluted NI Availto Com Stockholders": 514380000.0,
        "Net Income Common Stockholders": 514380000.0,
        "Net Income": 514380000.0,
        "Net Income Including Noncontrolling Interests": 514380000.0,
        "Net Income Continuous Operations": 514380000.0,
        "Tax Provision": 143440000.0,
        "Pretax Income": 657820000.0,
        "Other Income Expense": NaN,
        "Other Non Operating Income Expenses": NaN,
        "Net Non Operating Interest Income Expense": -83038000.0,
        "Interest Expense Non Operating": 83038000.0,
        "Operating Income": 740858000.0,
        "Operating Expense": 2214616000.0,
        "Selling General And Administration": 2214616000.0,
        "Gross Profit": 2955474000.0,
        "Cost Of Revenue": 6387358000.0,
        "Total Revenue": 9342832000.0,
        "Operating Revenue": 9342832000.0
    },
    "2023-01-31": {
        "Tax Effect Of Unusual Items": NaN,
        "Tax Rate For Calcs": NaN,
        "Normalized EBITDA": NaN,
        "Net Income From Continuing Operation Net Minority Interest": NaN,
        "Reconciled Depreciation": NaN,
        "Reconciled Cost Of Revenue": NaN,
        "EBITDA": NaN,
        "EBIT": NaN,
        "Net Interest Income": NaN,
        "Interest Expense": NaN,
        "Normalized Income": NaN,
        "Net Income From Continuing And Discontinued Operation": NaN,
        "Total Expenses": NaN,
        "Total Operating Income As Reported": NaN,
        "Diluted Average Shares": NaN,
        "Basic Average Shares": NaN,
        "Diluted EPS": NaN,
        "Basic EPS": NaN,
        "Diluted NI Availto Com Stockholders": NaN,
        "Net Income Common Stockholders": NaN,
        "Net Income": NaN,
        "Net Income Including Noncontrolling Interests": NaN,
        "Net Income Continuous Operations": NaN,
        "Tax Provision": NaN,
        "Pretax Income": NaN,
        "Other Income Expense": 0.0,
        "Other Non Operating Income Expenses": 0.0,
        "Net Non Operating Interest Income Expense": NaN,
        "Interest Expense Non Operating": NaN,
        "Operating Income": NaN,
        "Operating Expense": NaN,
        "Selling General And Administration": NaN,
        "Gross Profit": NaN,
        "Cost Of Revenue": NaN,
        "Total Revenue": NaN,
        "Operating Revenue": NaN
    },
    "2022-10-31": {
        "Tax Effect Of Unusual Items": NaN,
        "Tax Rate For Calcs": NaN,
        "Normalized EBITDA": NaN,
        "Net Income From Continuing Operation Net Minority Interest": NaN,
        "Reconciled Depreciation": NaN,
        "Reconciled Cost Of Revenue": NaN,
        "EBITDA": NaN,
        "EBIT": NaN,
        "Net Interest Income": NaN,
        "Interest Expense": NaN,
        "Normalized Income": NaN,
        "Net Income From Continuing And Discontinued Operation": NaN,
        "Total Expenses": NaN,
        "Total Operating Income As Reported": NaN,
        "Diluted Average Shares": NaN,
        "Basic Average Shares": NaN,
        "Diluted EPS": NaN,
        "Basic EPS": NaN,
        "Diluted NI Availto Com Stockholders": NaN,
        "Net Income Common Stockholders": NaN,
        "Net Income": NaN,
        "Net Income Including Noncontrolling Interests": NaN,
        "Net Income Continuous Operations": NaN,
        "Tax Provision": NaN,
        "Pretax Income": NaN,
        "Other Income Expense": -415000.0,
        "Other Non Operating Income Expenses": -415000.0,
        "Net Non Operating Interest Income Expense": NaN,
        "Interest Expense Non Operating": NaN,
        "Operating Income": NaN,
        "Operating Expense": NaN,
        "Selling General And Administration": NaN,
        "Gross Profit": NaN,
        "Cost Of Revenue": NaN,
        "Total Revenue": NaN,
        "Operating Revenue": NaN
    },
    "2022-07-31": {
        "Tax Effect Of Unusual Items": 0.0,
        "Tax Rate For Calcs": 0.221,
        "Normalized EBITDA": 913426000.0,
        "Net Income From Continuing Operation Net Minority Interest": 678030000.0,
        "Reconciled Depreciation": 177159000.0,
        "Reconciled Cost Of Revenue": 6377490000.0,
        "EBITDA": 913426000.0,
        "EBIT": 913426000.0,
        "Net Interest Income": -43098000.0,
        "Interest Expense": 43098000.0,
        "Normalized Income": 678030000.0,
        "Net Income From Continuing And Discontinued Operation": 678030000.0,
        "Total Expenses": 8512287000.0,
        "Total Operating Income As Reported": 913426000.0,
        "Diluted Average Shares": 227456000.0,
        "Basic Average Shares": 226299000.0,
        "Diluted EPS": 2.98,
        "Basic EPS": 3.0,
        "Diluted NI Availto Com Stockholders": 678030000.0,
        "Net Income Common Stockholders": 678030000.0,
        "Net Income": 678030000.0,
        "Net Income Including Noncontrolling Interests": 678030000.0,
        "Net Income Continuous Operations": 678030000.0,
        "Tax Provision": 192298000.0,
        "Pretax Income": 870328000.0,
        "Other Income Expense": NaN,
        "Other Non Operating Income Expenses": NaN,
        "Net Non Operating Interest Income Expense": -43098000.0,
        "Interest Expense Non Operating": 43098000.0,
        "Operating Income": 913426000.0,
        "Operating Expense": 2134797000.0,
        "Selling General And Administration": 2134797000.0,
        "Gross Profit": 3048223000.0,
        "Cost Of Revenue": 6377490000.0,
        "Total Revenue": 9425713000.0,
        "Operating Revenue": 9425713000.0
    },
    "2023-07-31": {
        "Tax Effect Of Unusual Items": 0.0,
        "Tax Rate For Calcs": 0.229,
        "Normalized EBITDA": 900694000.0,
        "Net Income From Continuing Operation Net Minority Interest": 468835000.0,
        "Reconciled Depreciation": 208380000.0,
        "Reconciled Cost Of Revenue": 6751495000.0,
        "EBITDA": 900694000.0,
        "EBIT": 692314000.0,
        "Net Interest Income": -84337000.0,
        "Interest Expense": 84337000.0,
        "Normalized Income": 468835000.0,
        "Net Income From Continuing And Discontinued Operation": 468835000.0,
        "Total Expenses": 9103867000.0,
        "Total Operating Income As Reported": 692314000.0,
        "Diluted Average Shares": 219952000.0,
        "Basic Average Shares": 219403000.0,
        "Diluted EPS": 2.13,
        "Basic EPS": 2.14,
        "Diluted NI Availto Com Stockholders": 468835000.0,
        "Net Income Common Stockholders": 468835000.0,
        "Net Income": 468835000.0,
        "Net Income Including Noncontrolling Interests": 468835000.0,
        "Net Income Continuous Operations": 468835000.0,
        "Tax Provision": 139142000.0,
        "Pretax Income": 607977000.0,
        "Net Non Operating Interest Income Expense": -84337000.0,
        "Interest Expense Non Operating": 84337000.0,
        "Operating Income": 692314000.0,
        "Operating Expense": 2352372000.0,
        "Selling General And Administration": 2352372000.0,
        "Gross Profit": 3044686000.0,
        "Cost Of Revenue": 6751495000.0,
        "Total Revenue": 9796181000.0,
        "Operating Revenue": 9796181000.0
    },
    "2023-10-31": {
        "Tax Effect Of Unusual Items": 0.0,
        "Tax Rate For Calcs": 0.213,
        "Normalized EBITDA": 649004000.0,
        "Net Income From Continuing Operation Net Minority Interest": 276246000.0,
        "Reconciled Depreciation": 215530000.0,
        "Reconciled Cost Of Revenue": 6881554000.0,
        "EBITDA": 649004000.0,
        "EBIT": 433474000.0,
        "Net Interest Income": -82289000.0,
        "Interest Expense": 82289000.0,
        "Normalized Income": 276246000.0,
        "Net Income From Continuing And Discontinued Operation": 276246000.0,
        "Total Expenses": 9260608000.0,
        "Total Operating Income As Reported": 433474000.0,
        "Diluted Average Shares": 219799000.0,
        "Basic Average Shares": 219480000.0,
        "Diluted EPS": 1.26,
        "Basic EPS": 1.26,
        "Diluted NI Availto Com Stockholders": 276246000.0,
        "Net Income Common Stockholders": 276246000.0,
        "Net Income": 276246000.0,
        "Net Income Including Noncontrolling Interests": 276246000.0,
        "Net Income Continuous Operations": 276246000.0,
        "Tax Provision": 74939000.0,
        "Pretax Income": 351185000.0,
        "Net Non Operating Interest Income Expense": -82289000.0,
        "Interest Expense Non Operating": 82289000.0,
        "Operating Income": 433474000.0,
        "Operating Expense": 2379054000.0,
        "Selling General And Administration": 2379054000.0,
        "Gross Profit": 2812528000.0,
        "Cost Of Revenue": 6881554000.0,
        "Total Revenue": 9694082000.0,
        "Operating Revenue": 9694082000.0
    },
    "2024-01-31": {
        "Tax Effect Of Unusual Items": 0.0,
        "Tax Rate For Calcs": 0.200431,
        "Normalized EBITDA": 802630000.0,
        "Net Income From Continuing Operation Net Minority Interest": 401813000.0,
        "Reconciled Depreciation": 222976000.0,
        "Reconciled Cost Of Revenue": 6952178000.0,
        "EBITDA": 802630000.0,
        "EBIT": 579654000.0,
        "Net Interest Income": -77117000.0,
        "Interest Expense": 77117000.0,
        "Normalized Income": 401813000.0,
        "Net Income From Continuing And Discontinued Operation": 401813000.0,
        "Total Expenses": 9278860000.0,
        "Total Operating Income As Reported": 579654000.0,
        "Diluted Average Shares": 219893000.0,
        "Basic Average Shares": 219585000.0,
        "Diluted EPS": 1.83,
        "Basic EPS": 1.83,
        "Diluted NI Availto Com Stockholders": 401813000.0,
        "Net Income Common Stockholders": 401813000.0,
        "Net Income": 401813000.0,
        "Net Income Including Noncontrolling Interests": 401813000.0,
        "Net Income Continuous Operations": 401813000.0,
        "Tax Provision": 100724000.0,
        "Pretax Income": 502537000.0,
        "Net Non Operating Interest Income Expense": -77117000.0,
        "Interest Expense Non Operating": 77117000.0,
        "Operating Income": 579654000.0,
        "Operating Expense": 2326682000.0,
        "Selling General And Administration": 2326682000.0,
        "Gross Profit": 2906336000.0,
        "Cost Of Revenue": 6952178000.0,
        "Total Revenue": 9858514000.0,
        "Operating Revenue": 9858514000.0
    },
    "2024-04-30": {
        "Tax Effect Of Unusual Items": 0.0,
        "Tax Rate For Calcs": 0.233,
        "Normalized EBITDA": 778390000.0,
        "Net Income From Continuing Operation Net Minority Interest": 363317000.0,
        "Reconciled Depreciation": 232286000.0,
        "Reconciled Cost Of Revenue": 6921872000.0,
        "EBITDA": 778390000.0,
        "EBIT": 546104000.0,
        "Net Interest Income": -72433000.0,
        "Interest Expense": 72433000.0,
        "Normalized Income": 363317000.0,
        "Net Income From Continuing And Discontinued Operation": 363317000.0,
        "Total Expenses": 9367917000.0,
        "Total Operating Income As Reported": 546104000.0,
        "Diluted Average Shares": 220052000.0,
        "Basic Average Shares": 219748000.0,
        "Diluted EPS": 1.65,
        "Basic EPS": 1.65,
        "Diluted NI Availto Com Stockholders": 363317000.0,
        "Net Income Common Stockholders": 363317000.0,
        "Net Income": 363317000.0,
        "Net Income Including Noncontrolling Interests": 363317000.0,
        "Net Income Continuous Operations": 363317000.0,
        "Tax Provision": 110354000.0,
        "Pretax Income": 473671000.0,
        "Net Non Operating Interest Income Expense": -72433000.0,
        "Interest Expense Non Operating": 72433000.0,
        "Operating Income": 546104000.0,
        "Operating Expense": 2446045000.0,
        "Selling General And Administration": 2446045000.0,
        "Gross Profit": 2992149000.0,
        "Cost Of Revenue": 6921872000.0,
        "Total Revenue": 9914021000.0,
        "Operating Revenue": 9914021000.0
    },
    "2024-07-31": {
        "Tax Effect Of Unusual Items": 0.0,
        "Tax Rate For Calcs": 0.223,
        "Normalized EBITDA": 788755000.0,
        "Net Income From Continuing Operation Net Minority Interest": 374190000.0,
        "Reconciled Depreciation": 238793000.0,
        "Reconciled Cost Of Revenue": 7150882000.0,
        "EBITDA": 788755000.0,
        "EBIT": 549962000.0,
        "Net Interest Income": -68130000.0,
        "Interest Expense": 68130000.0,
        "Normalized Income": 374190000.0,
        "Net Income From Continuing And Discontinued Operation": 374190000.0,
        "Total Expenses": 9660399000.0,
        "Total Operating Income As Reported": 549962000.0,
        "Diluted Average Shares": 220065000.0,
        "Basic Average Shares": 219904000.0,
        "Diluted EPS": 1.7,
        "Basic EPS": 1.7,
        "Diluted NI Availto Com Stockholders": 374190000.0,
        "Net Income Common Stockholders": 374190000.0,
        "Net Income": 374190000.0,
        "Net Income Including Noncontrolling Interests": 374190000.0,
        "Net Income Continuous Operations": 374190000.0,
        "Tax Provision": 107642000.0,
        "Pretax Income": 481832000.0,
        "Net Non Operating Interest Income Expense": -68130000.0,
        "Interest Expense Non Operating": 68130000.0,
        "Operating Income": 549962000.0,
        "Operating Expense": 2509517000.0,
        "Selling General And Administration": 2509517000.0,
        "Gross Profit": 3059479000.0,
        "Cost Of Revenue": 7150882000.0,
        "Total Revenue": 10210361000.0,
        "Operating Revenue": 10210361000.0
    },
    "2024-10-31": {
        "Tax Effect Of Unusual Items": 0.0,
        "Tax Rate For Calcs": 0.232,
        "Normalized EBITDA": 570816000.0,
        "Net Income From Continuing Operation Net Minority Interest": 196529000.0,
        "Reconciled Depreciation": 247014000.0,
        "Reconciled Cost Of Revenue": 7247128000.0,
        "EBITDA": 570816000.0,
        "EBIT": 323802000.0,
        "Net Interest Income": -67849000.0,
        "Interest Expense": 67849000.0,
        "Normalized Income": 196529000.0,
        "Net Income From Continuing And Discontinued Operation": 196529000.0,
        "Total Expenses": 9859626000.0,
        "Total Operating Income As Reported": 323802000.0,
        "Diluted Average Shares": 219997000.0,
        "Basic Average Shares": 219921000.0,
        "Diluted EPS": 0.89,
        "Basic EPS": 0.89,
        "Diluted NI Availto Com Stockholders": 196529000.0,
        "Net Income Common Stockholders": 196529000.0,
        "Net Income": 196529000.0,
        "Net Income Including Noncontrolling Interests": 196529000.0,
        "Net Income Continuous Operations": 196529000.0,
        "Tax Provision": 59424000.0,
        "Pretax Income": 255953000.0,
        "Net Non Operating Interest Income Expense": -67849000.0,
        "Interest Expense Non Operating": 67849000.0,
        "Operating Income": 323802000.0,
        "Operating Expense": 2612498000.0,
        "Selling General And Administration": 2612498000.0,
        "Gross Profit": 2936300000.0,
        "Cost Of Revenue": 7247128000.0,
        "Total Revenue": 10183428000.0,
        "Operating Revenue": 10183428000.0
    }
}