{
    "2023-06-30": {
        "Tax Effect Of Unusual Items": 0.0,
        "Tax Rate For Calcs": 0.113626,
        "Net Income From Continuing Operation Net Minority Interest": 1997000.0,
        "Reconciled Depreciation": NaN,
        "EBIT": 2408000.0,
        "Net Interest Income": -155000.0,
        "Interest Expense": 155000.0,
        "Normalized Income": 1997000.0,
        "Net Income From Continuing And Discontinued Operation": 1997000.0,
        "Total Expenses": 226943000.0,
        "Diluted Average Shares": 33066113.0,
        "Basic Average Shares": 32959217.0,
        "Diluted EPS": 0.06,
        "Basic EPS": 0.06,
        "Diluted NI Availto Com Stockholders": 1997000.0,
        "Net Income Common Stockholders": 1997000.0,
        "Net Income": 1997000.0,
        "Net Income Including Noncontrolling Interests": 1997000.0,
        "Net Income Continuous Operations": 1997000.0,
        "Tax Provision": 256000.0,
        "Pretax Income": 2253000.0,
        "Other Income Expense": 87000.0,
        "Net Non Operating Interest Income Expense": -155000.0,
        "Interest Expense Non Operating": 155000.0,
        "Other Operating Expenses": 324000.0,
        "Total Revenue": 229196000.0,
        "Operating Revenue": 229196000.0
    },
    "2023-03-31": {
        "Tax Effect Of Unusual Items": 0.0,
        "Tax Rate For Calcs": 0.173602,
        "Net Income From Continuing Operation Net Minority Interest": 5203000.0,
        "Reconciled Depreciation": 1122609.0,
        "EBIT": 6449000.0,
        "Net Interest Income": -153000.0,
        "Interest Expense": 153000.0,
        "Normalized Income": 5203000.0,
        "Net Income From Continuing And Discontinued Operation": 5203000.0,
        "Total Expenses": 218449000.0,
        "Diluted Average Shares": 32943133.0,
        "Basic Average Shares": 32769767.0,
        "Diluted EPS": 0.16,
        "Basic EPS": 0.16,
        "Diluted NI Availto Com Stockholders": 5203000.0,
        "Net Income Common Stockholders": 5203000.0,
        "Net Income": 5203000.0,
        "Net Income Including Noncontrolling Interests": 5203000.0,
        "Net Income Continuous Operations": 5203000.0,
        "Tax Provision": 1093000.0,
        "Pretax Income": 6296000.0,
        "Other Income Expense": 89000.0,
        "Net Non Operating Interest Income Expense": -153000.0,
        "Interest Expense Non Operating": 153000.0,
        "Other Operating Expenses": 438000.0,
        "Total Revenue": 224745000.0,
        "Operating Revenue": 224745000.0,
        "Gross Profit": 45,
        "Operating Income": 6
    },
    "2022-12-31": {
        "Tax Effect Of Unusual Items": 0.0,
        "Tax Rate For Calcs": 0.148139,
        "Net Income From Continuing Operation Net Minority Interest": 3479000.0,
        "Reconciled Depreciation": 1093905.0,
        "EBIT": 4240000.0,
        "Net Interest Income": -156000.0,
        "Interest Expense": 156000.0,
        "Normalized Income": 3479000.0,
        "Net Income From Continuing And Discontinued Operation": 3479000.0,
        "Total Expenses": 219360000.0,
        "Diluted Average Shares": 32628979.0,
        "Basic Average Shares": 32558996.0,
        "Diluted EPS": 0.11,
        "Basic EPS": 0.11,
        "Diluted NI Availto Com Stockholders": 3479000.0,
        "Net Income Common Stockholders": 3479000.0,
        "Net Income": 3479000.0,
        "Net Income Including Noncontrolling Interests": 3479000.0,
        "Net Income Continuous Operations": 3479000.0,
        "Tax Provision": 605000.0,
        "Pretax Income": 4084000.0,
        "Other Income Expense": 89000.0,
        "Net Non Operating Interest Income Expense": -156000.0,
        "Interest Expense Non Operating": 156000.0,
        "Other Operating Expenses": 253000.0,
        "Total Revenue": 223444000.0,
        "Operating Revenue": 223444000.0,
        "Gross Profit": 42,
        "Operating Income": 4
    },
    "2022-09-30": {
        "Tax Effect Of Unusual Items": 0.0,
        "Tax Rate For Calcs": 0.223876,
        "Net Income From Continuing Operation Net Minority Interest": -10376000.0,
        "Reconciled Depreciation": 1141297.0,
        "EBIT": -13298000.0,
        "Net Interest Income": -71000.0,
        "Interest Expense": 71000.0,
        "Normalized Income": -10376000.0,
        "Net Income From Continuing And Discontinued Operation": -10376000.0,
        "Total Expenses": 226208000.0,
        "Diluted Average Shares": 32358000.0,
        "Basic Average Shares": 32358000.0,
        "Diluted EPS": -0.33,
        "Basic EPS": -0.33,
        "Diluted NI Availto Com Stockholders": -10376000.0,
        "Net Income Common Stockholders": -10376000.0,
        "Net Income": -10376000.0,
        "Net Income Including Noncontrolling Interests": -10376000.0,
        "Net Income Continuous Operations": -10376000.0,
        "Tax Provision": -2993000.0,
        "Pretax Income": -13369000.0,
        "Other Income Expense": 92000.0,
        "Net Non Operating Interest Income Expense": -71000.0,
        "Interest Expense Non Operating": 71000.0,
        "Other Operating Expenses": 219000.0,
        "Total Revenue": 212839000.0,
        "Operating Revenue": 212839000.0,
        "Gross Profit": 22,
        "Operating Income": -13
    },
    "2022-06-30": {
        "Tax Effect Of Unusual Items": 0.0,
        "Tax Rate For Calcs": 0.224123,
        "Net Income From Continuing Operation Net Minority Interest": -8208000.0,
        "Reconciled Depreciation": 1263229.0,
        "EBIT": -10339000.0,
        "Net Interest Income": -240000.0,
        "Interest Expense": 240000.0,
        "Normalized Income": -8208000.0,
        "Net Income From Continuing And Discontinued Operation": -8208000.0,
        "Total Expenses": 214890000.0,
        "Diluted Average Shares": 31647000.0,
        "Basic Average Shares": 31647000.0,
        "Diluted EPS": -0.26,
        "Basic EPS": -0.26,
        "Diluted NI Availto Com Stockholders": -8208000.0,
        "Net Income Common Stockholders": -8208000.0,
        "Net Income": -8208000.0,
        "Net Income Including Noncontrolling Interests": -8208000.0,
        "Net Income Continuous Operations": -8208000.0,
        "Tax Provision": -2371000.0,
        "Pretax Income": -10579000.0,
        "Other Income Expense": 98000.0,
        "Net Non Operating Interest Income Expense": -240000.0,
        "Interest Expense Non Operating": 240000.0,
        "Other Operating Expenses": 346000.0,
        "Total Revenue": 204311000.0,
        "Operating Revenue": 204311000.0,
        "Gross Profit": 25,
        "Operating Income": -10
    },
    "2022-03-31": {
        "Diluted EPS": 0.42,
        "Total Revenue": 208,
        "Gross Profit": 51,
        "Operating Income": 16,
        "EBIT": 18,
        "Net Income": 13
    },
    "2021-12-31": {
        "Diluted EPS": 0.22,
        "Total Revenue": 210,
        "Gross Profit": 41,
        "Operating Income": 7,
        "EBIT": 8,
        "Net Income": 5
    },
    "2021-09-30": {
        "Diluted EPS": -0.21,
        "Total Revenue": 203,
        "Gross Profit": 24,
        "Operating Income": -8,
        "EBIT": -7,
        "Net Income": -7
    },
    "2021-06-30": {
        "Diluted EPS": 0.48,
        "Total Revenue": 205,
        "Gross Profit": 53,
        "Operating Income": 20,
        "EBIT": 21,
        "Net Income": 16
    },
    "2021-03-31": {
        "Diluted EPS": 0.32,
        "Total Revenue": 198,
        "Gross Profit": 44,
        "Operating Income": 13,
        "EBIT": 15,
        "Net Income": 11
    },
    "2020-12-31": {
        "Diluted EPS": 0.49,
        "Total Revenue": 197,
        "Gross Profit": 49,
        "Operating Income": 19,
        "EBIT": 20,
        "Net Income": 15
    },
    "2020-09-30": {
        "Diluted EPS": 0.4,
        "Total Revenue": 197,
        "Gross Profit": 44,
        "Operating Income": 15,
        "EBIT": 16,
        "Net Income": 12
    },
    "2020-06-30": {
        "Diluted EPS": 0.77,
        "Total Revenue": 199,
        "Gross Profit": 58,
        "Operating Income": 28,
        "EBIT": 30,
        "Net Income": 23
    },
    "2020-03-31": {
        "Diluted EPS": 0.13,
        "Total Revenue": 185,
        "Gross Profit": 33,
        "Operating Income": 3,
        "EBIT": 4,
        "Net Income": 4
    },
    "2019-12-31": {
        "Diluted EPS": 0.48,
        "Total Revenue": 201,
        "Gross Profit": 49,
        "Operating Income": 19,
        "EBIT": 20,
        "Net Income": 14
    },
    "2019-09-30": {
        "Diluted EPS": 0.18,
        "Total Revenue": 198,
        "Gross Profit": 38,
        "Operating Income": 7,
        "EBIT": 8,
        "Net Income": 5
    },
    "2019-06-30": {
        "Diluted EPS": 0.17,
        "Total Revenue": 199,
        "Gross Profit": 37,
        "Operating Income": 6,
        "EBIT": 7,
        "Net Income": 5
    },
    "2019-03-31": {
        "Diluted EPS": 0.81,
        "Total Revenue": 215,
        "Gross Profit": 59,
        "Operating Income": 27,
        "EBIT": 29,
        "Net Income": 23
    },
    "2018-12-31": {
        "Diluted EPS": -0.53,
        "Total Revenue": 187,
        "Gross Profit": 11,
        "Operating Income": -19,
        "EBIT": -18,
        "Net Income": -15
    },
    "2018-09-30": {
        "Diluted EPS": 0.04,
        "Total Revenue": 200,
        "Gross Profit": 34,
        "Operating Income": 2,
        "EBIT": 4,
        "Net Income": 1
    },
    "2018-06-30": {
        "Diluted EPS": -0.03,
        "Total Revenue": 196,
        "Gross Profit": 30,
        "Operating Income": -1,
        "EBIT": 1,
        "Net Income": -1
    },
    "2018-03-31": {
        "Diluted EPS": -0.64,
        "Total Revenue": 189,
        "Gross Profit": 2,
        "Operating Income": -28,
        "EBIT": -27,
        "Net Income": -18
    },
    "2017-12-31": {
        "Diluted EPS": -0.08,
        "Total Revenue": 191,
        "Gross Profit": 146,
        "Operating Income": 1,
        "EBIT": 2,
        "Net Income": -3
    },
    "2017-09-30": {
        "Diluted EPS": 0.24,
        "Total Revenue": 186,
        "Gross Profit": 38,
        "Operating Income": 9,
        "EBIT": 10,
        "Net Income": 7
    },
    "2017-06-30": {
        "Diluted EPS": -0.08,
        "Total Revenue": 184,
        "Gross Profit": 26,
        "Operating Income": -3,
        "EBIT": -1,
        "Net Income": -2
    },
    "2017-03-31": {
        "Diluted EPS": 0.18,
        "Total Revenue": 179,
        "Gross Profit": 35,
        "Operating Income": 7,
        "EBIT": 9,
        "Net Income": 5
    },
    "2016-12-31": {
        "Diluted EPS": 0.21,
        "Total Revenue": 177,
        "Gross Profit": 35,
        "Operating Income": 7,
        "EBIT": 8,
        "Net Income": 6
    },
    "2016-09-30": {
        "Diluted EPS": 0.18,
        "Total Revenue": 175,
        "Gross Profit": 35,
        "Operating Income": 7,
        "EBIT": 8,
        "Net Income": 5
    },
    "2016-06-30": {
        "Diluted EPS": 0.3,
        "Total Revenue": 170,
        "Gross Profit": 39,
        "Operating Income": 12,
        "EBIT": 14,
        "Net Income": 9
    },
    "2016-03-31": {
        "Diluted EPS": 0.45,
        "Total Revenue": 166,
        "Gross Profit": 43,
        "Operating Income": 16,
        "EBIT": 18,
        "Net Income": 12
    },
    "2015-12-31": {
        "Diluted EPS": 0.06,
        "Total Revenue": 164,
        "Gross Profit": 36,
        "Operating Income": 3,
        "EBIT": 7,
        "Net Income": 2
    },
    "2015-09-30": {
        "Diluted EPS": 0.2,
        "Total Revenue": 160,
        "Gross Profit": 33,
        "Operating Income": 7,
        "EBIT": 8,
        "Net Income": 6
    },
    "2015-06-30": {
        "Diluted EPS": 0.24,
        "Total Revenue": 158,
        "Gross Profit": 34,
        "Operating Income": 9,
        "EBIT": 10,
        "Net Income": 6
    },
    "2015-03-31": {
        "Diluted EPS": 0.25,
        "Total Revenue": 155,
        "Gross Profit": 34,
        "Operating Income": 9,
        "EBIT": 10,
        "Net Income": 7
    },
    "2014-12-31": {
        "Diluted EPS": 0.17,
        "Total Revenue": 152,
        "Gross Profit": 29,
        "Operating Income": 4,
        "EBIT": 5,
        "Net Income": 4
    },
    "2014-09-30": {
        "Diluted EPS": 0.32,
        "Total Revenue": 149,
        "Gross Profit": 34,
        "Operating Income": 11,
        "EBIT": 12,
        "Net Income": 9
    },
    "2014-06-30": {
        "Diluted EPS": 0.07,
        "Total Revenue": 145,
        "Gross Profit": 25,
        "Operating Income": 3,
        "EBIT": 4,
        "Net Income": 2
    },
    "2014-03-31": {
        "Diluted EPS": -0.02,
        "Total Revenue": 140,
        "Gross Profit": 22,
        "Operating Income": 0,
        "EBIT": 0,
        "Net Income": -1
    },
    "2013-12-31": {
        "Diluted EPS": 0.37,
        "Total Revenue": 139,
        "Gross Profit": 35,
        "Operating Income": 13,
        "EBIT": 13,
        "Net Income": 10
    },
    "2013-09-30": {
        "Diluted EPS": 0.29,
        "Total Revenue": 138,
        "Gross Profit": 32,
        "Operating Income": 10,
        "EBIT": 11,
        "Net Income": 8
    },
    "2013-06-30": {
        "Diluted EPS": 0.1,
        "Total Revenue": 136,
        "Gross Profit": 25,
        "Operating Income": 3,
        "EBIT": 4,
        "Net Income": 3
    },
    "2013-03-31": {
        "Diluted EPS": 0.24,
        "Total Revenue": 134,
        "Gross Profit": 29,
        "Operating Income": 9,
        "EBIT": 9,
        "Net Income": 6
    },
    "2012-12-31": {
        "Diluted EPS": 0.24,
        "Total Revenue": 132,
        "Gross Profit": 27,
        "Operating Income": 8,
        "EBIT": 8,
        "Net Income": 6
    },
    "2012-09-30": {
        "Diluted EPS": 0.26,
        "Total Revenue": 130,
        "Gross Profit": 29,
        "Operating Income": 9,
        "EBIT": 11,
        "Net Income": 7
    },
    "2012-06-30": {
        "Diluted EPS": 0.08,
        "Total Revenue": 127,
        "Gross Profit": 22,
        "Operating Income": 3,
        "EBIT": 4,
        "Net Income": 2
    },
    "2012-03-31": {
        "Diluted EPS": 0.31,
        "Total Revenue": 125,
        "Gross Profit": 29,
        "Operating Income": 10,
        "EBIT": 12,
        "Net Income": 8
    },
    "2011-12-31": {
        "Diluted EPS": -0.03,
        "Total Revenue": 127,
        "Gross Profit": 16,
        "Operating Income": -3,
        "EBIT": -1,
        "Net Income": -1
    },
    "2011-09-30": {
        "Diluted EPS": 0.03,
        "Total Revenue": 119,
        "Gross Profit": 14,
        "Operating Income": -4,
        "EBIT": -3,
        "Net Income": 1
    },
    "2011-06-30": {
        "Diluted EPS": -0.07,
        "Total Revenue": 117,
        "Gross Profit": 16,
        "Operating Income": -2,
        "EBIT": -1,
        "Net Income": -2
    },
    "2011-03-31": {
        "Diluted EPS": 0.09,
        "Total Revenue": 112,
        "Gross Profit": 21,
        "Operating Income": 3,
        "EBIT": 4,
        "Net Income": 2
    },
    "2010-12-31": {
        "Diluted EPS": 0.18,
        "Total Revenue": 105,
        "Gross Profit": 21,
        "Operating Income": 3,
        "EBIT": 4,
        "Net Income": 5
    },
    "2010-09-30": {
        "Diluted EPS": 0.19,
        "Total Revenue": 104,
        "Gross Profit": 22,
        "Operating Income": 5,
        "EBIT": 6,
        "Net Income": 5
    },
    "2010-06-30": {
        "Diluted EPS": 0.07,
        "Total Revenue": 102,
        "Gross Profit": 19,
        "Operating Income": 2,
        "EBIT": 3,
        "Net Income": 2
    },
    "2010-03-31": {
        "Diluted EPS": 0.01,
        "Total Revenue": 98,
        "Gross Profit": 17,
        "Operating Income": 0,
        "EBIT": 1,
        "Net Income": 0
    },
    "2009-12-31": {
        "Diluted EPS": 0.3,
        "Total Revenue": 102,
        "Gross Profit": 25,
        "Operating Income": 8,
        "EBIT": 9,
        "Net Income": 8
    },
    "2009-09-30": {
        "Diluted EPS": 0.26,
        "Total Revenue": 95,
        "Gross Profit": 23,
        "Operating Income": 8,
        "EBIT": 8,
        "Net Income": 7
    },
    "2009-06-30": {
        "Diluted EPS": 0.17,
        "Total Revenue": 95,
        "Gross Profit": 20,
        "Operating Income": 5,
        "EBIT": 6,
        "Net Income": 4
    },
    "2009-03-31": {
        "Diluted EPS": 0.01,
        "Total Revenue": 96,
        "Gross Profit": 17,
        "Operating Income": 1,
        "EBIT": 2,
        "Net Income": 0
    }
}