{
    "2023-03-31": {
        "Tax Effect Of Unusual Items": NaN,
        "Tax Rate For Calcs": NaN,
        "Normalized EBITDA": NaN,
        "Total Unusual Items": NaN,
        "Total Unusual Items Excluding Goodwill": NaN,
        "Net Income From Continuing Operation Net Minority Interest": NaN,
        "Reconciled Depreciation": NaN,
        "Reconciled Cost Of Revenue": NaN,
        "EBITDA": NaN,
        "EBIT": NaN,
        "Normalized Income": NaN,
        "Net Income From Continuing And Discontinued Operation": NaN,
        "Total Expenses": NaN,
        "Total Operating Income As Reported": NaN,
        "Diluted Average Shares": 3025094.0,
        "Basic Average Shares": 3025094.0,
        "Diluted EPS": 4.2,
        "Basic EPS": 4.2,
        "Diluted NI Availto Com Stockholders": NaN,
        "Net Income Common Stockholders": NaN,
        "Net Income": NaN,
        "Minority Interests": NaN,
        "Net Income Including Noncontrolling Interests": NaN,
        "Net Income Continuous Operations": NaN,
        "Tax Provision": NaN,
        "Pretax Income": NaN,
        "Other Income Expense": NaN,
        "Special Income Charges": NaN,
        "Gain On Sale Of Business": NaN,
        "Gain On Sale Of Security": NaN,
        "Operating Income": NaN,
        "Operating Expense": NaN,
        "Selling General And Administration": NaN,
        "Selling And Marketing Expense": NaN,
        "General And Administrative Expense": NaN,
        "Other Gand A": NaN,
        "Gross Profit": NaN,
        "Cost Of Revenue": NaN,
        "Total Revenue": NaN,
        "Operating Revenue": NaN
    },
    "2022-12-31": {
        "Tax Effect Of Unusual Items": NaN,
        "Tax Rate For Calcs": NaN,
        "Normalized EBITDA": NaN,
        "Total Unusual Items": NaN,
        "Total Unusual Items Excluding Goodwill": NaN,
        "Net Income From Continuing Operation Net Minority Interest": NaN,
        "Reconciled Depreciation": NaN,
        "Reconciled Cost Of Revenue": NaN,
        "EBITDA": NaN,
        "EBIT": NaN,
        "Normalized Income": NaN,
        "Net Income From Continuing And Discontinued Operation": NaN,
        "Total Expenses": NaN,
        "Total Operating Income As Reported": NaN,
        "Diluted Average Shares": NaN,
        "Basic Average Shares": NaN,
        "Diluted EPS": NaN,
        "Basic EPS": NaN,
        "Diluted NI Availto Com Stockholders": NaN,
        "Net Income Common Stockholders": NaN,
        "Net Income": NaN,
        "Minority Interests": NaN,
        "Net Income Including Noncontrolling Interests": NaN,
        "Net Income Continuous Operations": NaN,
        "Tax Provision": NaN,
        "Pretax Income": NaN,
        "Other Income Expense": NaN,
        "Other Non Operating Income Expenses": 0.0,
        "Special Income Charges": 0.0,
        "Gain On Sale Of Business": 0.0,
        "Gain On Sale Of Security": NaN,
        "Operating Income": NaN,
        "Operating Expense": NaN,
        "Selling General And Administration": NaN,
        "Selling And Marketing Expense": NaN,
        "General And Administrative Expense": NaN,
        "Other Gand A": NaN,
        "Gross Profit": NaN,
        "Cost Of Revenue": NaN,
        "Total Revenue": NaN,
        "Operating Revenue": NaN
    },
    "2022-09-30": {
        "Tax Effect Of Unusual Items": NaN,
        "Tax Rate For Calcs": NaN,
        "Normalized EBITDA": NaN,
        "Total Unusual Items": NaN,
        "Total Unusual Items Excluding Goodwill": NaN,
        "Net Income From Continuing Operation Net Minority Interest": NaN,
        "Reconciled Depreciation": NaN,
        "Reconciled Cost Of Revenue": NaN,
        "EBITDA": NaN,
        "EBIT": NaN,
        "Normalized Income": NaN,
        "Net Income From Continuing And Discontinued Operation": NaN,
        "Total Expenses": NaN,
        "Total Operating Income As Reported": NaN,
        "Diluted Average Shares": NaN,
        "Basic Average Shares": NaN,
        "Diluted EPS": NaN,
        "Basic EPS": NaN,
        "Diluted NI Availto Com Stockholders": NaN,
        "Net Income Common Stockholders": NaN,
        "Net Income": NaN,
        "Minority Interests": NaN,
        "Net Income Including Noncontrolling Interests": NaN,
        "Net Income Continuous Operations": NaN,
        "Tax Provision": NaN,
        "Pretax Income": NaN,
        "Other Income Expense": NaN,
        "Other Non Operating Income Expenses": 6813579.0,
        "Special Income Charges": 6813579.0,
        "Gain On Sale Of Business": 6813579.0,
        "Gain On Sale Of Security": NaN,
        "Operating Income": NaN,
        "Operating Expense": NaN,
        "Selling General And Administration": NaN,
        "Selling And Marketing Expense": NaN,
        "General And Administrative Expense": NaN,
        "Other Gand A": NaN,
        "Gross Profit": NaN,
        "Cost Of Revenue": NaN,
        "Total Revenue": NaN,
        "Operating Revenue": NaN
    },
    "2022-06-30": {
        "Tax Effect Of Unusual Items": -7071149.2,
        "Tax Rate For Calcs": 0.4,
        "Normalized EBITDA": 38282112.0,
        "Total Unusual Items": -17677873.0,
        "Total Unusual Items Excluding Goodwill": -17677873.0,
        "Net Income From Continuing Operation Net Minority Interest": 4412886.0,
        "Reconciled Depreciation": 352727.0,
        "Reconciled Cost Of Revenue": 13369374.0,
        "EBITDA": 20604239.0,
        "EBIT": 20251512.0,
        "Normalized Income": 15019609.8,
        "Net Income From Continuing And Discontinued Operation": 4412886.0,
        "Total Expenses": 18769602.0,
        "Total Operating Income As Reported": 20251512.0,
        "Diluted Average Shares": 3153084.0,
        "Basic Average Shares": 3153084.0,
        "Diluted EPS": 1.4,
        "Basic EPS": 1.4,
        "Diluted NI Availto Com Stockholders": 4412886.0,
        "Net Income Common Stockholders": 4412886.0,
        "Net Income": 4412886.0,
        "Minority Interests": 3197122.0,
        "Net Income Including Noncontrolling Interests": 1215764.0,
        "Net Income Continuous Operations": 1215764.0,
        "Tax Provision": 1357875.0,
        "Pretax Income": 2573639.0,
        "Other Income Expense": -17677873.0,
        "Other Non Operating Income Expenses": NaN,
        "Gain On Sale Of Security": -17677873.0,
        "Operating Income": 20251512.0,
        "Operating Expense": 5400228.0,
        "Other Operating Expenses": NaN,
        "Selling General And Administration": 5400228.0,
        "Selling And Marketing Expense": 1886903.0,
        "General And Administrative Expense": 3513325.0,
        "Other Gand A": 3513325.0,
        "Gross Profit": 25651740.0,
        "Cost Of Revenue": 13369374.0,
        "Total Revenue": 39021114.0,
        "Operating Revenue": 39021114.0
    },
    "2023-06-30": {
        "Tax Effect Of Unusual Items": NaN,
        "Tax Rate For Calcs": NaN,
        "Normalized EBITDA": NaN,
        "Total Unusual Items": NaN,
        "Total Unusual Items Excluding Goodwill": NaN,
        "Net Income From Continuing Operation Net Minority Interest": NaN,
        "Reconciled Depreciation": NaN,
        "Reconciled Cost Of Revenue": NaN,
        "EBITDA": NaN,
        "EBIT": NaN,
        "Normalized Income": NaN,
        "Net Income From Continuing And Discontinued Operation": NaN,
        "Total Expenses": NaN,
        "Total Operating Income As Reported": NaN,
        "Diluted Average Shares": 2970357.0,
        "Basic Average Shares": 2970357.0,
        "Diluted EPS": 3.18,
        "Basic EPS": 3.18,
        "Diluted NI Availto Com Stockholders": NaN,
        "Net Income Common Stockholders": NaN,
        "Net Income": NaN,
        "Minority Interests": NaN,
        "Net Income Including Noncontrolling Interests": NaN,
        "Net Income Continuous Operations": NaN,
        "Tax Provision": NaN,
        "Pretax Income": NaN,
        "Other Income Expense": NaN,
        "Special Income Charges": NaN,
        "Gain On Sale Of Business": NaN,
        "Gain On Sale Of Security": NaN,
        "Operating Income": NaN,
        "Operating Expense": NaN,
        "Selling General And Administration": NaN,
        "Selling And Marketing Expense": NaN,
        "General And Administrative Expense": NaN,
        "Other Gand A": NaN,
        "Gross Profit": NaN,
        "Cost Of Revenue": NaN,
        "Total Revenue": NaN,
        "Operating Revenue": NaN
    },
    "2022-03-31": {
        "Diluted EPS": 2.87,
        "Total Revenue": 42,
        "Gross Profit": 42,
        "Operating Income": 19,
        "EBIT": 19,
        "Net Income": 9
    },
    "2021-12-31": {
        "Diluted EPS": 5.69,
        "Total Revenue": 43,
        "Gross Profit": 43,
        "Operating Income": 17,
        "EBIT": 17,
        "Net Income": 18
    },
    "2021-09-30": {
        "Diluted EPS": 8.03,
        "Total Revenue": 55,
        "Gross Profit": 55,
        "Operating Income": 28,
        "EBIT": 29,
        "Net Income": 26
    },
    "2021-06-30": {
        "Diluted EPS": 5.28,
        "Total Revenue": 45,
        "Gross Profit": 45,
        "Operating Income": 18,
        "EBIT": 18,
        "Net Income": 17
    },
    "2021-03-31": {
        "Diluted EPS": 4.34,
        "Total Revenue": 39,
        "Gross Profit": 39,
        "Operating Income": 14,
        "EBIT": 14,
        "Net Income": 14
    },
    "2020-12-31": {
        "Diluted EPS": 4.47,
        "Total Revenue": 35,
        "Gross Profit": 35,
        "Operating Income": 8,
        "EBIT": 8,
        "Net Income": 14
    },
    "2020-09-30": {
        "Diluted EPS": 3.3,
        "Total Revenue": 31,
        "Gross Profit": 31,
        "Operating Income": 10,
        "EBIT": 10,
        "Net Income": 11
    },
    "2020-06-30": {
        "Diluted EPS": 3.79,
        "Total Revenue": 28,
        "Gross Profit": 28,
        "Operating Income": 7,
        "EBIT": 7,
        "Net Income": 12
    },
    "2020-03-31": {
        "Diluted EPS": 0.47,
        "Total Revenue": 32,
        "Gross Profit": 32,
        "Operating Income": 20,
        "EBIT": 21,
        "Net Income": 2
    },
    "2019-12-31": {
        "Diluted EPS": 4.01,
        "Total Revenue": 36,
        "Gross Profit": 36,
        "Operating Income": 12,
        "EBIT": 12,
        "Net Income": 13
    },
    "2019-09-30": {
        "Diluted EPS": 3.35,
        "Total Revenue": 35,
        "Gross Profit": 35,
        "Operating Income": 13,
        "EBIT": 13,
        "Net Income": 11
    },
    "2019-06-30": {
        "Diluted EPS": 3.79,
        "Total Revenue": 34,
        "Gross Profit": 34,
        "Operating Income": 12,
        "EBIT": 12,
        "Net Income": 13
    },
    "2019-03-31": {
        "Diluted EPS": 4.84,
        "Total Revenue": 33,
        "Gross Profit": 33,
        "Operating Income": 11,
        "EBIT": 11,
        "Net Income": 17
    },
    "2018-12-31": {
        "Diluted EPS": 1.37,
        "Total Revenue": 34,
        "Gross Profit": 34,
        "Operating Income": 20,
        "EBIT": 20,
        "Net Income": 5
    },
    "2018-09-30": {
        "Diluted EPS": 4.31,
        "Total Revenue": 37,
        "Gross Profit": 37,
        "Operating Income": 17,
        "EBIT": 17,
        "Net Income": 15
    },
    "2018-06-30": {
        "Diluted EPS": 4.08,
        "Total Revenue": 36,
        "Gross Profit": 36,
        "Operating Income": 16,
        "EBIT": 17,
        "Net Income": 14
    },
    "2018-03-31": {
        "Diluted EPS": 3.72,
        "Total Revenue": 38,
        "Gross Profit": 38,
        "Operating Income": 18,
        "EBIT": 18,
        "Net Income": 13
    },
    "2017-12-31": {
        "Diluted EPS": 3.44,
        "Total Revenue": 38,
        "Gross Profit": 38,
        "Operating Income": 18,
        "EBIT": 19,
        "Net Income": 12
    },
    "2017-09-30": {
        "Diluted EPS": 3.67,
        "Total Revenue": 37,
        "Gross Profit": 37,
        "Operating Income": 17,
        "EBIT": 17,
        "Net Income": 13
    },
    "2017-06-30": {
        "Diluted EPS": 3.66,
        "Total Revenue": 36,
        "Gross Profit": 36,
        "Operating Income": 16,
        "EBIT": 16,
        "Net Income": 13
    },
    "2017-03-31": {
        "Diluted EPS": 3.71,
        "Total Revenue": 35,
        "Gross Profit": 35,
        "Operating Income": 16,
        "EBIT": 16,
        "Net Income": 13
    },
    "2016-12-31": {
        "Diluted EPS": 3.99,
        "Total Revenue": 40,
        "Gross Profit": 40,
        "Operating Income": 20,
        "EBIT": 20,
        "Net Income": 14
    },
    "2016-09-30": {
        "Diluted EPS": 3.93,
        "Total Revenue": 33,
        "Gross Profit": 33,
        "Operating Income": 15,
        "EBIT": 15,
        "Net Income": 13
    },
    "2016-06-30": {
        "Diluted EPS": 2.84,
        "Total Revenue": 33,
        "Gross Profit": 33,
        "Operating Income": 15,
        "EBIT": 15,
        "Net Income": 10
    },
    "2016-03-31": {
        "Diluted EPS": 2.73,
        "Total Revenue": 30,
        "Gross Profit": 30,
        "Operating Income": 14,
        "EBIT": 14,
        "Net Income": 9
    },
    "2015-12-31": {
        "Diluted EPS": 3.42,
        "Total Revenue": 32,
        "Gross Profit": 32,
        "Operating Income": 17,
        "EBIT": 17,
        "Net Income": 12
    },
    "2015-09-30": {
        "Diluted EPS": 1.99,
        "Total Revenue": 31,
        "Gross Profit": 31,
        "Operating Income": 14,
        "EBIT": 14,
        "Net Income": 7
    },
    "2015-06-30": {
        "Diluted EPS": 2.73,
        "Total Revenue": 31,
        "Gross Profit": 31,
        "Operating Income": 14,
        "EBIT": 14,
        "Net Income": 9
    },
    "2015-03-31": {
        "Diluted EPS": 2.89,
        "Total Revenue": 29,
        "Gross Profit": 29,
        "Operating Income": 13,
        "EBIT": 13,
        "Net Income": 10
    },
    "2014-12-31": {
        "Diluted EPS": 3.83,
        "Total Revenue": 28,
        "Gross Profit": 28,
        "Operating Income": 18,
        "EBIT": 18,
        "Net Income": 13
    },
    "2014-09-30": {
        "Diluted EPS": 1.94,
        "Total Revenue": 27,
        "Gross Profit": 27,
        "Operating Income": 11,
        "EBIT": 11,
        "Net Income": 6
    },
    "2014-06-30": {
        "Diluted EPS": 2.12,
        "Total Revenue": 25,
        "Gross Profit": 25,
        "Operating Income": 10,
        "EBIT": 10,
        "Net Income": 7
    },
    "2014-03-31": {
        "Diluted EPS": 1.78,
        "Total Revenue": 23,
        "Gross Profit": 23,
        "Operating Income": 9,
        "EBIT": 9,
        "Net Income": 6
    },
    "2013-12-31": {
        "Diluted EPS": 2.15,
        "Total Revenue": 22,
        "Gross Profit": 22,
        "Operating Income": 9,
        "EBIT": 10,
        "Net Income": 7
    },
    "2013-09-30": {
        "Diluted EPS": 1.67,
        "Total Revenue": 21,
        "Gross Profit": 21,
        "Operating Income": 7,
        "EBIT": 8,
        "Net Income": 5
    },
    "2013-06-30": {
        "Diluted EPS": 1.45,
        "Total Revenue": 20,
        "Gross Profit": 20,
        "Operating Income": 7,
        "EBIT": 7,
        "Net Income": 5
    },
    "2013-03-31": {
        "Diluted EPS": 1.67,
        "Total Revenue": 18,
        "Gross Profit": 18,
        "Operating Income": 7,
        "EBIT": 7,
        "Net Income": 5
    },
    "2012-12-31": {
        "Diluted EPS": 1.53,
        "Total Revenue": 17,
        "Gross Profit": 17,
        "Operating Income": 7,
        "EBIT": 7,
        "Net Income": 5
    },
    "2012-09-30": {
        "Diluted EPS": 1.32,
        "Total Revenue": 17,
        "Gross Profit": 17,
        "Operating Income": 6,
        "EBIT": 6,
        "Net Income": 4
    },
    "2012-06-30": {
        "Diluted EPS": 1.07,
        "Total Revenue": 16,
        "Gross Profit": 16,
        "Operating Income": 6,
        "EBIT": 6,
        "Net Income": 3
    },
    "2012-03-31": {
        "Diluted EPS": 1.52,
        "Total Revenue": 17,
        "Gross Profit": 17,
        "Operating Income": 6,
        "EBIT": 6,
        "Net Income": 5
    },
    "2011-12-31": {
        "Diluted EPS": 1.48,
        "Total Revenue": 15,
        "Gross Profit": 15,
        "Operating Income": 6,
        "EBIT": 6,
        "Net Income": 4
    },
    "2011-09-30": {
        "Diluted EPS": 0.84,
        "Total Revenue": 15,
        "Gross Profit": 15,
        "Operating Income": 5,
        "EBIT": 6,
        "Net Income": 3
    },
    "2011-06-30": {
        "Diluted EPS": 1.26,
        "Total Revenue": 17,
        "Gross Profit": 17,
        "Operating Income": 6,
        "EBIT": 6,
        "Net Income": 4
    },
    "2011-03-31": {
        "Diluted EPS": 1.28,
        "Total Revenue": 16,
        "Gross Profit": 16,
        "Operating Income": 5,
        "EBIT": 6,
        "Net Income": 4
    },
    "2010-12-31": {
        "Diluted EPS": 1.6,
        "Total Revenue": 16,
        "Gross Profit": 16,
        "Operating Income": 6,
        "EBIT": 6,
        "Net Income": 4
    },
    "2010-09-30": {
        "Diluted EPS": 1.24,
        "Total Revenue": 14,
        "Gross Profit": 14,
        "Operating Income": 4,
        "EBIT": 4,
        "Net Income": 3
    },
    "2010-06-30": {
        "Diluted EPS": 0.66,
        "Total Revenue": 14,
        "Gross Profit": 14,
        "Operating Income": 4,
        "EBIT": 4,
        "Net Income": 2
    },
    "2010-03-31": {
        "Diluted EPS": 0.98,
        "Total Revenue": 13,
        "Gross Profit": 13,
        "Operating Income": 4,
        "EBIT": 5,
        "Net Income": 3
    },
    "2009-12-31": {
        "Diluted EPS": 1.37,
        "Total Revenue": 14,
        "Gross Profit": 14,
        "Operating Income": 5,
        "EBIT": 3,
        "Net Income": 4
    },
    "2009-09-30": {
        "Diluted EPS": 1.23,
        "Total Revenue": 11,
        "Gross Profit": 11,
        "Operating Income": 3,
        "EBIT": 3,
        "Net Income": 3
    },
    "2009-06-30": {
        "Diluted EPS": 1.66,
        "Total Revenue": 10,
        "Gross Profit": 10,
        "Operating Income": 3,
        "EBIT": 3,
        "Net Income": 4
    },
    "2009-03-31": {
        "Diluted EPS": 0.14,
        "Total Revenue": 9,
        "Gross Profit": 9,
        "Operating Income": 2,
        "EBIT": 3,
        "Net Income": 0
    },
    "2023-09-30": {
        "Tax Effect Of Unusual Items": -1514975.744914,
        "Tax Rate For Calcs": 0.326718,
        "Normalized EBITDA": 17315591.0,
        "Total Unusual Items": -4636952.0,
        "Total Unusual Items Excluding Goodwill": -4636952.0,
        "Net Income From Continuing Operation Net Minority Interest": 6473432.0,
        "Reconciled Depreciation": 317445.0,
        "Reconciled Cost Of Revenue": 21411917.0,
        "EBITDA": 12678639.0,
        "EBIT": 12361194.0,
        "Normalized Income": 9595408.255086,
        "Net Income From Continuing And Discontinued Operation": 6473432.0,
        "Total Expenses": 26798581.0,
        "Total Operating Income As Reported": 12361194.0,
        "Diluted Average Shares": 2939055.0,
        "Basic Average Shares": 2939055.0,
        "Diluted EPS": 2.2,
        "Basic EPS": 2.2,
        "Diluted NI Availto Com Stockholders": 6473432.0,
        "Net Income Common Stockholders": 6473432.0,
        "Net Income": 6473432.0,
        "Minority Interests": 1272839.0,
        "Net Income Including Noncontrolling Interests": 5200593.0,
        "Net Income Continuous Operations": 5200593.0,
        "Tax Provision": 2523649.0,
        "Pretax Income": 7724242.0,
        "Other Income Expense": -4636952.0,
        "Special Income Charges": 0.0,
        "Gain On Sale Of Business": 0.0,
        "Gain On Sale Of Security": -4636952.0,
        "Operating Income": 12361194.0,
        "Operating Expense": 5386664.0,
        "Selling General And Administration": 5386664.0,
        "Selling And Marketing Expense": 1566997.0,
        "General And Administrative Expense": 3819667.0,
        "Other Gand A": 3819667.0,
        "Gross Profit": 17747858.0,
        "Cost Of Revenue": 21411917.0,
        "Total Revenue": 39159775.0,
        "Operating Revenue": 39159775.0
    },
    "2023-12-31": {
        "Tax Effect Of Unusual Items": 3119338.21255,
        "Tax Rate For Calcs": 0.233677,
        "Normalized EBITDA": -8617005.0,
        "Total Unusual Items": 13348947.0,
        "Total Unusual Items Excluding Goodwill": 13348947.0,
        "Net Income From Continuing Operation Net Minority Interest": 13612959.0,
        "Reconciled Depreciation": 316899.0,
        "Reconciled Cost Of Revenue": 23690997.0,
        "EBITDA": 4731942.0,
        "EBIT": 4415043.0,
        "Normalized Income": 3383350.21255,
        "Net Income From Continuing And Discontinued Operation": 13612959.0,
        "Total Expenses": 29405908.0,
        "Total Operating Income As Reported": 4415043.0,
        "Diluted Average Shares": NaN,
        "Basic Average Shares": NaN,
        "Diluted EPS": NaN,
        "Basic EPS": NaN,
        "Diluted NI Availto Com Stockholders": 13612959.0,
        "Net Income Common Stockholders": 13612959.0,
        "Net Income": 13612959.0,
        "Minority Interests": 0.0,
        "Net Income Including Noncontrolling Interests": 13612959.0,
        "Net Income Continuous Operations": 13612959.0,
        "Tax Provision": 4151031.0,
        "Pretax Income": 17763990.0,
        "Other Income Expense": 13348947.0,
        "Special Income Charges": NaN,
        "Gain On Sale Of Business": NaN,
        "Gain On Sale Of Security": 13348947.0,
        "Operating Income": 4415043.0,
        "Operating Expense": 5714911.0,
        "Selling General And Administration": 5714911.0,
        "Selling And Marketing Expense": 1743331.0,
        "General And Administrative Expense": 3971580.0,
        "Other Gand A": 3971580.0,
        "Gross Profit": 10129954.0,
        "Cost Of Revenue": 23690997.0,
        "Total Revenue": 33820951.0,
        "Operating Revenue": 33820951.0
    },
    "2024-03-31": {
        "Tax Effect Of Unusual Items": 2463173.314,
        "Tax Rate For Calcs": 0.263,
        "Normalized EBITDA": -742947.0,
        "Total Unusual Items": 9365678.0,
        "Total Unusual Items Excluding Goodwill": 9365678.0,
        "Net Income From Continuing Operation Net Minority Interest": 13015933.0,
        "Reconciled Depreciation": 319905.0,
        "Reconciled Cost Of Revenue": 25938419.0,
        "EBITDA": 8622731.0,
        "EBIT": 8302826.0,
        "Normalized Income": 6113428.314,
        "Net Income From Continuing And Discontinued Operation": 13015933.0,
        "Total Expenses": 31767577.0,
        "Total Operating Income As Reported": 8302826.0,
        "Diluted Average Shares": 2816839.0,
        "Basic Average Shares": 2816839.0,
        "Diluted EPS": 4.62,
        "Basic EPS": 4.62,
        "Diluted NI Availto Com Stockholders": 13015933.0,
        "Net Income Common Stockholders": 13015933.0,
        "Net Income": 13015933.0,
        "Minority Interests": 0.0,
        "Net Income Including Noncontrolling Interests": 13015933.0,
        "Net Income Continuous Operations": 13015933.0,
        "Tax Provision": 4652571.0,
        "Pretax Income": 17668504.0,
        "Other Income Expense": 9365678.0,
        "Special Income Charges": NaN,
        "Gain On Sale Of Business": NaN,
        "Gain On Sale Of Security": 9365678.0,
        "Operating Income": 8302826.0,
        "Operating Expense": 5829158.0,
        "Selling General And Administration": 5829158.0,
        "Selling And Marketing Expense": 1688952.0,
        "General And Administrative Expense": 4140206.0,
        "Other Gand A": 4140206.0,
        "Gross Profit": 14131984.0,
        "Cost Of Revenue": 25938419.0,
        "Total Revenue": 40070403.0,
        "Operating Revenue": 40070403.0
    },
    "2024-06-30": {
        "Tax Effect Of Unusual Items": -191174.68504,
        "Tax Rate For Calcs": 0.292052,
        "Normalized EBITDA": 13106069.0,
        "Total Unusual Items": -654591.0,
        "Total Unusual Items Excluding Goodwill": -654591.0,
        "Net Income From Continuing Operation Net Minority Interest": 8125840.0,
        "Reconciled Depreciation": 318867.0,
        "Reconciled Cost Of Revenue": 22455843.0,
        "EBITDA": 12451478.0,
        "EBIT": 12132611.0,
        "Normalized Income": 8589256.31496,
        "Net Income From Continuing And Discontinued Operation": 8125840.0,
        "Total Expenses": 28638709.0,
        "Total Operating Income As Reported": 12132611.0,
        "Diluted Average Shares": 2769427.0,
        "Basic Average Shares": 2769427.0,
        "Diluted EPS": 2.93,
        "Basic EPS": 2.93,
        "Diluted NI Availto Com Stockholders": 8125840.0,
        "Net Income Common Stockholders": 8125840.0,
        "Net Income": 8125840.0,
        "Minority Interests": 0.0,
        "Net Income Including Noncontrolling Interests": 8125840.0,
        "Net Income Continuous Operations": 8125840.0,
        "Tax Provision": 3352180.0,
        "Pretax Income": 11478020.0,
        "Other Income Expense": -654591.0,
        "Special Income Charges": NaN,
        "Gain On Sale Of Business": NaN,
        "Gain On Sale Of Security": -654591.0,
        "Operating Income": 12132611.0,
        "Operating Expense": 6182866.0,
        "Selling General And Administration": 6182866.0,
        "Selling And Marketing Expense": 1891562.0,
        "General And Administrative Expense": 4291304.0,
        "Other Gand A": 4291304.0,
        "Gross Profit": 18315477.0,
        "Cost Of Revenue": 22455843.0,
        "Total Revenue": 40771320.0,
        "Operating Revenue": 40771320.0
    },
    "2024-09-30": {
        "Tax Effect Of Unusual Items": 2548628.977751,
        "Tax Rate For Calcs": 0.263589,
        "Normalized EBITDA": 844480.0,
        "Total Unusual Items": 9668961.0,
        "Total Unusual Items Excluding Goodwill": 9668961.0,
        "Net Income From Continuing Operation Net Minority Interest": 14644593.0,
        "Reconciled Depreciation": 295970.0,
        "Reconciled Cost Of Revenue": 27250295.0,
        "EBITDA": 10513441.0,
        "EBIT": 10217471.0,
        "Normalized Income": 7524260.977751,
        "Net Income From Continuing And Discontinued Operation": 14644593.0,
        "Total Expenses": 33415222.0,
        "Total Operating Income As Reported": 10217471.0,
        "Diluted Average Shares": 2738588.0,
        "Basic Average Shares": 2738588.0,
        "Diluted EPS": 5.35,
        "Basic EPS": 5.35,
        "Diluted NI Availto Com Stockholders": 14644593.0,
        "Net Income Common Stockholders": 14644593.0,
        "Net Income": 14644593.0,
        "Minority Interests": 0.0,
        "Net Income Including Noncontrolling Interests": 14644593.0,
        "Net Income Continuous Operations": 14644593.0,
        "Tax Provision": 5241839.0,
        "Pretax Income": 19886432.0,
        "Other Income Expense": 9668961.0,
        "Special Income Charges": NaN,
        "Gain On Sale Of Business": NaN,
        "Gain On Sale Of Security": 9668961.0,
        "Operating Income": 10217471.0,
        "Operating Expense": 6164927.0,
        "Selling General And Administration": 6164927.0,
        "Selling And Marketing Expense": 1841064.0,
        "General And Administrative Expense": 4323863.0,
        "Other Gand A": 4323863.0,
        "Gross Profit": 16382398.0,
        "Cost Of Revenue": 27250295.0,
        "Total Revenue": 43632693.0,
        "Operating Revenue": 43632693.0
    }
}