{
    "2023-03-31": {
        "Tax Effect Of Unusual Items": -2163.187905,
        "Tax Rate For Calcs": 0.004996,
        "Normalized EBITDA": 71977000.0,
        "Total Unusual Items": -433000.0,
        "Total Unusual Items Excluding Goodwill": -433000.0,
        "Net Income From Continuing Operation Net Minority Interest": 38177000.0,
        "Reconciled Depreciation": 25726000.0,
        "Reconciled Cost Of Revenue": 81712000.0,
        "EBITDA": 71544000.0,
        "EBIT": 45818000.0,
        "Net Interest Income": -7554000.0,
        "Interest Expense": 7586000.0,
        "Interest Income": 398000.0,
        "Normalized Income": 38607836.812095,
        "Net Income From Continuing And Discontinued Operation": 38177000.0,
        "Total Expenses": 86349000.0,
        "Total Operating Income As Reported": 46220000.0,
        "Diluted Average Shares": 163249977.0,
        "Basic Average Shares": 162967375.0,
        "Diluted EPS": 0.23,
        "Basic EPS": 0.23,
        "Diluted NI Availto Com Stockholders": 38177000.0,
        "Net Income Common Stockholders": 38177000.0,
        "Net Income": 38177000.0,
        "Minority Interests": 136000.0,
        "Net Income Including Noncontrolling Interests": 38041000.0,
        "Net Income Continuous Operations": 38041000.0,
        "Tax Provision": 191000.0,
        "Pretax Income": 38232000.0,
        "Other Income Expense": -433000.0,
        "Special Income Charges": NaN,
        "Gain On Sale Of Ppe": NaN,
        "Earnings From Equity Interest": 0.0,
        "Gain On Sale Of Security": -433000.0,
        "Net Non Operating Interest Income Expense": -7554000.0,
        "Total Other Finance Cost": 366000.0,
        "Interest Expense Non Operating": 7586000.0,
        "Interest Income Non Operating": 398000.0,
        "Operating Income": 46219000.0,
        "Operating Expense": 4637000.0,
        "Selling General And Administration": 4637000.0,
        "General And Administrative Expense": 4637000.0,
        "Other Gand A": 4637000.0,
        "Gross Profit": 50856000.0,
        "Cost Of Revenue": 81712000.0,
        "Total Revenue": 132568000.0,
        "Operating Revenue": 131468000.0
    },
    "2022-12-31": {
        "Tax Effect Of Unusual Items": 99.46714,
        "Tax Rate For Calcs": 0.001776,
        "Normalized EBITDA": 96028000.0,
        "Total Unusual Items": 56000.0,
        "Total Unusual Items Excluding Goodwill": 56000.0,
        "Net Income From Continuing Operation Net Minority Interest": 62025000.0,
        "Reconciled Depreciation": 27692000.0,
        "Reconciled Cost Of Revenue": 97409000.0,
        "EBITDA": 96084000.0,
        "EBIT": 68392000.0,
        "Net Interest Income": -5848000.0,
        "Interest Expense": 6462000.0,
        "Interest Income": 885000.0,
        "Normalized Income": 61969099.46714,
        "Net Income From Continuing And Discontinued Operation": 62025000.0,
        "Total Expenses": 100173000.0,
        "Total Operating Income As Reported": 67722000.0,
        "Diluted Average Shares": 162940784.0,
        "Basic Average Shares": 162653339.0,
        "Diluted EPS": 0.38,
        "Basic EPS": 0.38,
        "Diluted NI Availto Com Stockholders": 62025000.0,
        "Net Income Common Stockholders": 62025000.0,
        "Net Income": 62025000.0,
        "Minority Interests": 206000.0,
        "Net Income Including Noncontrolling Interests": 61820000.0,
        "Net Income Continuous Operations": 61820000.0,
        "Tax Provision": 110000.0,
        "Pretax Income": 61930000.0,
        "Other Income Expense": 56000.0,
        "Special Income Charges": 0.0,
        "Gain On Sale Of Ppe": 0.0,
        "Earnings From Equity Interest": 0.0,
        "Gain On Sale Of Security": 56000.0,
        "Net Non Operating Interest Income Expense": -5848000.0,
        "Total Other Finance Cost": 271000.0,
        "Interest Expense Non Operating": 6462000.0,
        "Interest Income Non Operating": 885000.0,
        "Operating Income": 67720000.0,
        "Operating Expense": 2764000.0,
        "Selling General And Administration": 2764000.0,
        "General And Administrative Expense": 2764000.0,
        "Other Gand A": -8999000.0,
        "Gross Profit": 70484000.0,
        "Cost Of Revenue": 97409000.0,
        "Total Revenue": 167893000.0,
        "Operating Revenue": 166521000.0
    },
    "2022-09-30": {
        "Tax Effect Of Unusual Items": 307124.756588,
        "Tax Rate For Calcs": 0.031936,
        "Normalized EBITDA": 35222000.0,
        "Total Unusual Items": 9617000.0,
        "Total Unusual Items Excluding Goodwill": 9617000.0,
        "Net Income From Continuing Operation Net Minority Interest": 7031000.0,
        "Reconciled Depreciation": 30198000.0,
        "Reconciled Cost Of Revenue": 100658000.0,
        "EBITDA": 44839000.0,
        "EBIT": 14641000.0,
        "Net Interest Income": -7327000.0,
        "Interest Expense": 6938000.0,
        "Interest Income": 80000.0,
        "Normalized Income": -2278875.243412,
        "Net Income From Continuing And Discontinued Operation": 7031000.0,
        "Total Expenses": 104525000.0,
        "Total Operating Income As Reported": 12242000.0,
        "Diluted Average Shares": 163058844.0,
        "Basic Average Shares": 162867756.0,
        "Diluted EPS": 0.04,
        "Basic EPS": 0.04,
        "Diluted NI Availto Com Stockholders": 7031000.0,
        "Net Income Common Stockholders": 7031000.0,
        "Net Income": 7031000.0,
        "Minority Interests": -425000.0,
        "Net Income Including Noncontrolling Interests": 7457000.0,
        "Net Income Continuous Operations": 7457000.0,
        "Tax Provision": 246000.0,
        "Pretax Income": 7703000.0,
        "Other Income Expense": 9617000.0,
        "Special Income Charges": 6829000.0,
        "Gain On Sale Of Ppe": 6829000.0,
        "Earnings From Equity Interest": 0.0,
        "Gain On Sale Of Security": 2788000.0,
        "Net Non Operating Interest Income Expense": -7327000.0,
        "Total Other Finance Cost": 469000.0,
        "Interest Expense Non Operating": 6938000.0,
        "Interest Income Non Operating": 80000.0,
        "Operating Income": 5413000.0,
        "Operating Expense": 3867000.0,
        "Selling General And Administration": 3867000.0,
        "General And Administrative Expense": 3867000.0,
        "Other Gand A": 3867000.0,
        "Gross Profit": 9280000.0,
        "Cost Of Revenue": 100658000.0,
        "Total Revenue": 109938000.0,
        "Operating Revenue": 108227000.0
    },
    "2022-06-30": {
        "Tax Effect Of Unusual Items": 236912.95306,
        "Tax Rate For Calcs": 0.013963,
        "Normalized EBITDA": 32082000.0,
        "Total Unusual Items": 16967000.0,
        "Total Unusual Items Excluding Goodwill": 16967000.0,
        "Net Income From Continuing Operation Net Minority Interest": 9720000.0,
        "Reconciled Depreciation": 32318000.0,
        "Reconciled Cost Of Revenue": 95529000.0,
        "EBITDA": 49049000.0,
        "EBIT": 16731000.0,
        "Net Interest Income": -8052000.0,
        "Interest Expense": 6633000.0,
        "Interest Income": 110000.0,
        "Normalized Income": -7010087.04694,
        "Net Income From Continuing And Discontinued Operation": 9720000.0,
        "Total Expenses": 99710000.0,
        "Total Operating Income As Reported": 12887000.0,
        "Diluted Average Shares": 166824023.0,
        "Basic Average Shares": 166767540.0,
        "Diluted EPS": 0.06,
        "Basic EPS": 0.06,
        "Diluted NI Availto Com Stockholders": 9720000.0,
        "Net Income Common Stockholders": 9720000.0,
        "Net Income": 9720000.0,
        "Minority Interests": -236000.0,
        "Net Income Including Noncontrolling Interests": 9957000.0,
        "Net Income Continuous Operations": 9957000.0,
        "Tax Provision": 141000.0,
        "Pretax Income": 10098000.0,
        "Other Income Expense": 17945000.0,
        "Special Income Charges": 12683000.0,
        "Gain On Sale Of Ppe": 12683000.0,
        "Earnings From Equity Interest": 978000.0,
        "Gain On Sale Of Security": 4284000.0,
        "Net Non Operating Interest Income Expense": -8052000.0,
        "Total Other Finance Cost": 1529000.0,
        "Interest Expense Non Operating": 6633000.0,
        "Interest Income Non Operating": 110000.0,
        "Operating Income": 204000.0,
        "Operating Expense": 4181000.0,
        "Selling General And Administration": 4181000.0,
        "General And Administrative Expense": 4181000.0,
        "Other Gand A": 4181000.0,
        "Gross Profit": 4385000.0,
        "Cost Of Revenue": 95529000.0,
        "Total Revenue": 99914000.0,
        "Operating Revenue": 99233000.0
    },
    "2022-03-31": {
        "Diluted EPS": -0.1,
        "Total Revenue": 76,
        "Gross Profit": 20,
        "Operating Income": -19,
        "EBIT": 15,
        "Net Income": -17
    },
    "2021-12-31": {
        "Diluted EPS": -0.01,
        "Total Revenue": 84,
        "Gross Profit": 29,
        "Operating Income": -1,
        "EBIT": 35,
        "Net Income": -3
    },
    "2021-09-30": {
        "Diluted EPS": -0.13,
        "Total Revenue": 59,
        "Gross Profit": 18,
        "Operating Income": -16,
        "EBIT": 16,
        "Net Income": -21
    },
    "2021-06-30": {
        "Diluted EPS": 0.0,
        "Total Revenue": 66,
        "Gross Profit": 26,
        "Operating Income": 2,
        "EBIT": 35,
        "Net Income": 1
    },
    "2021-03-31": {
        "Diluted EPS": 0.07,
        "Total Revenue": 87,
        "Gross Profit": 52,
        "Operating Income": 15,
        "EBIT": 47,
        "Net Income": 12
    },
    "2020-12-31": {
        "Diluted EPS": 0.05,
        "Total Revenue": 91,
        "Gross Profit": 56,
        "Operating Income": 11,
        "EBIT": 43,
        "Net Income": 8
    },
    "2020-09-30": {
        "Diluted EPS": 0.31,
        "Total Revenue": 142,
        "Gross Profit": 97,
        "Operating Income": 57,
        "EBIT": 84,
        "Net Income": 51
    },
    "2020-06-30": {
        "Diluted EPS": 0.81,
        "Total Revenue": 246,
        "Gross Profit": 183,
        "Operating Income": 147,
        "EBIT": 182,
        "Net Income": 136
    },
    "2020-03-31": {
        "Diluted EPS": 0.44,
        "Total Revenue": 212,
        "Gross Profit": 133,
        "Operating Income": 98,
        "EBIT": 128,
        "Net Income": 72
    },
    "2019-12-31": {
        "Diluted EPS": 0.53,
        "Total Revenue": 192,
        "Gross Profit": 120,
        "Operating Income": 86,
        "EBIT": 110,
        "Net Income": 76
    },
    "2019-09-30": {
        "Diluted EPS": -0.07,
        "Total Revenue": 105,
        "Gross Profit": 40,
        "Operating Income": 6,
        "EBIT": 38,
        "Net Income": -9
    },
    "2019-06-30": {
        "Diluted EPS": -0.07,
        "Total Revenue": 106,
        "Gross Profit": 42,
        "Operating Income": 10,
        "EBIT": 40,
        "Net Income": -11
    },
    "2019-03-31": {
        "Diluted EPS": 0.12,
        "Total Revenue": 132,
        "Gross Profit": 68,
        "Operating Income": 37,
        "EBIT": 66,
        "Net Income": 18
    },
    "2018-12-31": {
        "Diluted EPS": 0.08,
        "Total Revenue": 139,
        "Gross Profit": 64,
        "Operating Income": 33,
        "EBIT": 52,
        "Net Income": 12
    },
    "2018-09-30": {
        "Diluted EPS": -0.15,
        "Total Revenue": 90,
        "Gross Profit": 29,
        "Operating Income": -5,
        "EBIT": 24,
        "Net Income": -21
    },
    "2018-06-30": {
        "Diluted EPS": -0.2,
        "Total Revenue": 67,
        "Gross Profit": 17,
        "Operating Income": -12,
        "EBIT": 19,
        "Net Income": -28
    },
    "2018-03-31": {
        "Diluted EPS": -0.06,
        "Total Revenue": 80,
        "Gross Profit": 29,
        "Operating Income": 0,
        "EBIT": 26,
        "Net Income": -9
    },
    "2017-12-31": {
        "Diluted EPS": -0.1,
        "Total Revenue": 92,
        "Gross Profit": 35,
        "Operating Income": 3,
        "EBIT": 24,
        "Net Income": -8
    },
    "2017-09-30": {
        "Diluted EPS": -0.04,
        "Total Revenue": 84,
        "Gross Profit": 35,
        "Operating Income": 5,
        "EBIT": 33,
        "Net Income": -5
    },
    "2017-06-30": {
        "Diluted EPS": 0.04,
        "Total Revenue": 86,
        "Gross Profit": 42,
        "Operating Income": 14,
        "EBIT": 38,
        "Net Income": 5
    },
    "2017-03-31": {
        "Diluted EPS": 0.15,
        "Total Revenue": 92,
        "Gross Profit": 57,
        "Operating Income": 22,
        "EBIT": 45,
        "Net Income": 14
    },
    "2016-12-31": {
        "Diluted EPS": 0.27,
        "Total Revenue": 85,
        "Gross Profit": 51,
        "Operating Income": 26,
        "EBIT": 49,
        "Net Income": 18
    },
    "2016-09-30": {
        "Diluted EPS": -0.81,
        "Total Revenue": 65,
        "Gross Profit": 34,
        "Operating Income": -69,
        "EBIT": -45,
        "Net Income": -76
    },
    "2016-06-30": {
        "Diluted EPS": 0.34,
        "Total Revenue": 99,
        "Gross Profit": 68,
        "Operating Income": 43,
        "EBIT": 66,
        "Net Income": 36
    },
    "2016-03-31": {
        "Diluted EPS": 0.3,
        "Total Revenue": 108,
        "Gross Profit": 76,
        "Operating Income": 41,
        "EBIT": 64,
        "Net Income": 32
    },
    "2015-12-31": {
        "Diluted EPS": 0.32,
        "Total Revenue": 95,
        "Gross Profit": 65,
        "Operating Income": 39,
        "EBIT": 60,
        "Net Income": 32
    },
    "2015-09-30": {
        "Diluted EPS": 0.27,
        "Total Revenue": 92,
        "Gross Profit": 59,
        "Operating Income": 35,
        "EBIT": 56,
        "Net Income": 27
    },
    "2015-06-30": {
        "Diluted EPS": 0.22,
        "Total Revenue": 83,
        "Gross Profit": 54,
        "Operating Income": 30,
        "EBIT": 52,
        "Net Income": 22
    },
    "2015-03-31": {
        "Diluted EPS": 0.23,
        "Total Revenue": 96,
        "Gross Profit": 58,
        "Operating Income": 31,
        "EBIT": 53,
        "Net Income": 23
    },
    "2014-12-31": {
        "Diluted EPS": 0.41,
        "Total Revenue": 73,
        "Gross Profit": 33,
        "Operating Income": 38,
        "EBIT": 59,
        "Net Income": 28
    },
    "2014-09-30": {
        "Diluted EPS": -0.1,
        "Total Revenue": 34,
        "Gross Profit": 11,
        "Operating Income": -5,
        "EBIT": 6,
        "Net Income": -7
    },
    "2014-06-30": {
        "Diluted EPS": -0.12,
        "Total Revenue": 19,
        "Gross Profit": 4,
        "Operating Income": -7,
        "EBIT": 2,
        "Net Income": -8
    },
    "2014-03-31": {
        "Diluted EPS": -0.01,
        "Total Revenue": 25,
        "Gross Profit": 10,
        "Operating Income": 1,
        "EBIT": 8,
        "Net Income": 0
    },
    "2013-12-31": {
        "Diluted EPS": 0.76,
        "Total Revenue": 31,
        "Gross Profit": 21,
        "Operating Income": 12,
        "EBIT": 19,
        "Net Income": 11
    },
    "2013-09-30": {
        "Diluted EPS": -0.26,
        "Total Revenue": 17,
        "Gross Profit": 5,
        "Operating Income": -3,
        "EBIT": 3,
        "Net Income": -4
    },
    "2013-06-30": {
        "Diluted EPS": -0.5,
        "Total Revenue": 19,
        "Gross Profit": 3,
        "Operating Income": -5,
        "EBIT": 1,
        "Net Income": -8
    },
    "2013-03-31": {
        "Diluted EPS": -0.24,
        "Total Revenue": 19,
        "Gross Profit": 7,
        "Operating Income": -3,
        "EBIT": 4,
        "Net Income": -4
    },
    "2012-12-31": {
        "Diluted EPS": -3.22,
        "Total Revenue": 21,
        "Gross Profit": 12,
        "Operating Income": -6,
        "EBIT": 2,
        "Net Income": -6
    },
    "2012-09-30": {
        "Diluted EPS": -6.27,
        "Total Revenue": 25,
        "Gross Profit": 12,
        "Operating Income": -96,
        "EBIT": -85,
        "Net Income": -97
    },
    "2012-06-30": {
        "Diluted EPS": 0.5,
        "Total Revenue": 24,
        "Gross Profit": 17,
        "Operating Income": 4,
        "EBIT": 11,
        "Net Income": 3
    },
    "2012-03-31": {
        "Diluted EPS": 1.16,
        "Total Revenue": 28,
        "Gross Profit": 21,
        "Operating Income": 8,
        "EBIT": 15,
        "Net Income": 6
    },
    "2011-12-31": {
        "Diluted EPS": 0.44,
        "Total Revenue": 25,
        "Gross Profit": 18,
        "Operating Income": 6,
        "EBIT": 14,
        "Net Income": 4
    },
    "2011-09-30": {
        "Diluted EPS": -9.82,
        "Total Revenue": 27,
        "Gross Profit": 18,
        "Operating Income": -51,
        "EBIT": -43,
        "Net Income": -53
    },
    "2011-06-30": {
        "Diluted EPS": 0.84,
        "Total Revenue": 26,
        "Gross Profit": 17,
        "Operating Income": 6,
        "EBIT": 14,
        "Net Income": 4
    },
    "2011-03-31": {
        "Diluted EPS": 0.84,
        "Total Revenue": 22,
        "Gross Profit": 15,
        "Operating Income": 5,
        "EBIT": 12,
        "Net Income": 4
    },
    "2010-12-31": {
        "Diluted EPS": 1.81,
        "Total Revenue": 23,
        "Gross Profit": 16,
        "Operating Income": 7,
        "EBIT": 12,
        "Net Income": 7
    },
    "2010-09-30": {
        "Diluted EPS": 0.84,
        "Total Revenue": 23,
        "Gross Profit": 17,
        "Operating Income": 7,
        "EBIT": 14,
        "Net Income": 4
    },
    "2010-06-30": {
        "Diluted EPS": -0.48,
        "Total Revenue": 21,
        "Gross Profit": 12,
        "Operating Income": 3,
        "EBIT": 11,
        "Net Income": -2
    },
    "2010-03-31": {
        "Diluted EPS": -0.6,
        "Total Revenue": 22,
        "Gross Profit": 15,
        "Operating Income": 6,
        "EBIT": 14,
        "Net Income": -2
    },
    "2009-12-31": {
        "Diluted EPS": 0.84,
        "Total Revenue": 24,
        "Gross Profit": 16,
        "Operating Income": 8,
        "EBIT": 15,
        "Net Income": 4
    },
    "2009-09-30": {
        "Diluted EPS": 0.24,
        "Total Revenue": 23,
        "Gross Profit": 16,
        "Operating Income": 8,
        "EBIT": 17,
        "Net Income": 1
    },
    "2009-06-30": {
        "Diluted EPS": 1.2,
        "Total Revenue": 26,
        "Gross Profit": 18,
        "Operating Income": 10,
        "EBIT": 15,
        "Net Income": 5
    },
    "2009-03-31": {
        "Diluted EPS": 2.04,
        "Total Revenue": 30,
        "Gross Profit": 23,
        "Operating Income": 15,
        "EBIT": 25,
        "Net Income": 7
    },
    "2023-06-30": {
        "Tax Effect Of Unusual Items": -115.085265,
        "Tax Rate For Calcs": 0.001644,
        "Normalized EBITDA": 91113000.0,
        "Total Unusual Items": -70000.0,
        "Total Unusual Items Excluding Goodwill": -70000.0,
        "Net Income From Continuing Operation Net Minority Interest": 57056000.0,
        "Reconciled Depreciation": 26376000.0,
        "Reconciled Cost Of Revenue": 85155000.0,
        "EBITDA": 91043000.0,
        "EBIT": 64667000.0,
        "Net Interest Income": -6132000.0,
        "Interest Expense": 7492000.0,
        "Interest Income": 1966000.0,
        "Normalized Income": 57125884.914735,
        "Net Income From Continuing And Discontinued Operation": 57056000.0,
        "Total Expenses": 89670000.0,
        "Total Operating Income As Reported": 63378000.0,
        "Diluted Average Shares": 163172987.0,
        "Basic Average Shares": 163037628.0,
        "Diluted EPS": 0.35,
        "Basic EPS": 0.35,
        "Diluted NI Availto Com Stockholders": 57056000.0,
        "Net Income Common Stockholders": 57056000.0,
        "Net Income": 57056000.0,
        "Minority Interests": -25000.0,
        "Net Income Including Noncontrolling Interests": 57081000.0,
        "Net Income Continuous Operations": 57081000.0,
        "Tax Provision": 94000.0,
        "Pretax Income": 57175000.0,
        "Other Income Expense": -70000.0,
        "Special Income Charges": 0.0,
        "Gain On Sale Of Ppe": 0.0,
        "Earnings From Equity Interest": 0.0,
        "Gain On Sale Of Security": -70000.0,
        "Net Non Operating Interest Income Expense": -6132000.0,
        "Total Other Finance Cost": 606000.0,
        "Interest Expense Non Operating": 7492000.0,
        "Interest Income Non Operating": 1966000.0,
        "Operating Income": 63377000.0,
        "Operating Expense": 4515000.0,
        "Selling General And Administration": 4515000.0,
        "General And Administrative Expense": 4515000.0,
        "Other Gand A": 4515000.0,
        "Gross Profit": 67892000.0,
        "Cost Of Revenue": 85155000.0,
        "Total Revenue": 153047000.0,
        "Operating Revenue": 151993000.0
    },
    "2023-09-30": {
        "Tax Effect Of Unusual Items": 0.0,
        "Tax Rate For Calcs": 0.004405,
        "Normalized EBITDA": 68219000.0,
        "Total Unusual Items": 0.0,
        "Total Unusual Items Excluding Goodwill": 0.0,
        "Net Income From Continuing Operation Net Minority Interest": 30759000.0,
        "Reconciled Depreciation": 28326000.0,
        "Reconciled Cost Of Revenue": 88169000.0,
        "EBITDA": 68219000.0,
        "EBIT": 39893000.0,
        "Net Interest Income": -7989000.0,
        "Interest Expense": 8789000.0,
        "Interest Income": 1213000.0,
        "Normalized Income": 30759000.0,
        "Net Income From Continuing And Discontinued Operation": 30759000.0,
        "Total Expenses": 92472000.0,
        "Total Operating Income As Reported": 39093000.0,
        "Diluted Average Shares": 161902025.0,
        "Basic Average Shares": 161735939.0,
        "Diluted EPS": 0.19,
        "Basic EPS": 0.19,
        "Diluted NI Availto Com Stockholders": 30759000.0,
        "Net Income Common Stockholders": 30759000.0,
        "Net Income": 30759000.0,
        "Minority Interests": -208000.0,
        "Net Income Including Noncontrolling Interests": 30967000.0,
        "Net Income Continuous Operations": 30967000.0,
        "Tax Provision": 137000.0,
        "Pretax Income": 31104000.0,
        "Other Income Expense": NaN,
        "Special Income Charges": 0.0,
        "Gain On Sale Of Ppe": 0.0,
        "Earnings From Equity Interest": 0.0,
        "Gain On Sale Of Security": NaN,
        "Net Non Operating Interest Income Expense": -7989000.0,
        "Total Other Finance Cost": 413000.0,
        "Interest Expense Non Operating": 8789000.0,
        "Interest Income Non Operating": 1213000.0,
        "Operating Income": 39093000.0,
        "Operating Expense": 4303000.0,
        "Selling General And Administration": 4303000.0,
        "General And Administrative Expense": 4303000.0,
        "Other Gand A": 4303000.0,
        "Gross Profit": 43396000.0,
        "Cost Of Revenue": 88169000.0,
        "Total Revenue": 131565000.0,
        "Operating Revenue": 130322000.0
    },
    "2023-12-31": {
        "Tax Effect Of Unusual Items": 0.0,
        "Tax Rate For Calcs": 0.006388,
        "Normalized EBITDA": 73202000.0,
        "Total Unusual Items": 0.0,
        "Total Unusual Items Excluding Goodwill": 0.0,
        "Net Income From Continuing Operation Net Minority Interest": 35360000.0,
        "Reconciled Depreciation": 28475000.0,
        "Reconciled Cost Of Revenue": 94964000.0,
        "EBITDA": 73202000.0,
        "EBIT": 44727000.0,
        "Net Interest Income": -8884000.0,
        "Interest Expense": 9193000.0,
        "Interest Income": 908000.0,
        "Normalized Income": 35360000.0,
        "Net Income From Continuing And Discontinued Operation": 35360000.0,
        "Total Expenses": 98957000.0,
        "Total Operating Income As Reported": 44419000.0,
        "Diluted Average Shares": 161206487.0,
        "Basic Average Shares": 160999542.0,
        "Diluted EPS": 0.22,
        "Basic EPS": 0.22,
        "Diluted NI Availto Com Stockholders": 35360000.0,
        "Net Income Common Stockholders": 35360000.0,
        "Net Income": 35360000.0,
        "Minority Interests": 54000.0,
        "Net Income Including Noncontrolling Interests": 35307000.0,
        "Net Income Continuous Operations": 35307000.0,
        "Tax Provision": 227000.0,
        "Pretax Income": 35534000.0,
        "Other Income Expense": 0.0,
        "Special Income Charges": 0.0,
        "Gain On Sale Of Ppe": 0.0,
        "Earnings From Equity Interest": 0.0,
        "Gain On Sale Of Security": 0.0,
        "Net Non Operating Interest Income Expense": -8884000.0,
        "Total Other Finance Cost": 599000.0,
        "Interest Expense Non Operating": 9193000.0,
        "Interest Income Non Operating": 908000.0,
        "Operating Income": 44419000.0,
        "Operating Expense": 3993000.0,
        "Selling General And Administration": 3993000.0,
        "General And Administrative Expense": 3993000.0,
        "Other Gand A": -7659000.0,
        "Gross Profit": 48412000.0,
        "Cost Of Revenue": 94964000.0,
        "Total Revenue": 143376000.0,
        "Operating Revenue": 142292000.0
    },
    "2024-03-31": {
        "Tax Effect Of Unusual Items": 0.0,
        "Tax Rate For Calcs": 0.004357,
        "Normalized EBITDA": 84303000.0,
        "Total Unusual Items": NaN,
        "Total Unusual Items Excluding Goodwill": NaN,
        "Net Income From Continuing Operation Net Minority Interest": 46890000.0,
        "Reconciled Depreciation": 28250000.0,
        "Reconciled Cost Of Revenue": 86959000.0,
        "EBITDA": 84303000.0,
        "EBIT": 56053000.0,
        "Net Interest Income": -8138000.0,
        "Interest Expense": 8775000.0,
        "Interest Income": 1091000.0,
        "Normalized Income": 46890000.0,
        "Net Income From Continuing And Discontinued Operation": 46890000.0,
        "Total Expenses": 91623000.0,
        "Total Operating Income As Reported": 55416000.0,
        "Diluted Average Shares": 161425054.0,
        "Basic Average Shares": 161311231.0,
        "Diluted EPS": 0.29,
        "Basic EPS": 0.29,
        "Diluted NI Availto Com Stockholders": 46890000.0,
        "Net Income Common Stockholders": 46890000.0,
        "Net Income": 46890000.0,
        "Minority Interests": -181000.0,
        "Net Income Including Noncontrolling Interests": 47072000.0,
        "Net Income Continuous Operations": 47072000.0,
        "Tax Provision": 206000.0,
        "Pretax Income": 47278000.0,
        "Other Income Expense": NaN,
        "Special Income Charges": NaN,
        "Gain On Sale Of Ppe": NaN,
        "Earnings From Equity Interest": NaN,
        "Gain On Sale Of Security": NaN,
        "Net Non Operating Interest Income Expense": -8138000.0,
        "Total Other Finance Cost": 454000.0,
        "Interest Expense Non Operating": 8775000.0,
        "Interest Income Non Operating": 1091000.0,
        "Operating Income": 55415000.0,
        "Operating Expense": 4664000.0,
        "Selling General And Administration": 4664000.0,
        "General And Administrative Expense": 4664000.0,
        "Other Gand A": 4664000.0,
        "Gross Profit": 60079000.0,
        "Cost Of Revenue": 86959000.0,
        "Total Revenue": 147038000.0,
        "Operating Revenue": 145876000.0
    }
}