{
    "2023-03-31": {
        "Tax Effect Of Unusual Items": 0.0,
        "Tax Rate For Calcs": 0.21,
        "Normalized EBITDA": 4917000.0,
        "Total Unusual Items": NaN,
        "Total Unusual Items Excluding Goodwill": NaN,
        "Net Income From Continuing Operation Net Minority Interest": 460000.0,
        "Reconciled Depreciation": 4173000.0,
        "Reconciled Cost Of Revenue": 4912000.0,
        "EBITDA": 4917000.0,
        "EBIT": 744000.0,
        "Net Interest Income": -798000.0,
        "Interest Expense": 798000.0,
        "Normalized Income": 460000.0,
        "Net Income From Continuing And Discontinued Operation": 460000.0,
        "Total Expenses": 38047000.0,
        "Total Operating Income As Reported": 573000.0,
        "Diluted Average Shares": 45240000.0,
        "Basic Average Shares": 43886000.0,
        "Diluted EPS": 0.01,
        "Basic EPS": 0.01,
        "Diluted NI Availto Com Stockholders": 460000.0,
        "Net Income Common Stockholders": 460000.0,
        "Net Income": 460000.0,
        "Net Income Including Noncontrolling Interests": 460000.0,
        "Net Income Continuous Operations": 460000.0,
        "Tax Provision": -514000.0,
        "Pretax Income": -54000.0,
        "Other Income Expense": 171000.0,
        "Special Income Charges": NaN,
        "Write Off": NaN,
        "Restructuring And Mergern Acquisition": NaN,
        "Earnings From Equity Interest": 171000.0,
        "Gain On Sale Of Security": NaN,
        "Net Non Operating Interest Income Expense": -798000.0,
        "Interest Expense Non Operating": 798000.0,
        "Operating Income": 573000.0,
        "Operating Expense": 33135000.0,
        "Depreciation Amortization Depletion Income Statement": 4173000.0,
        "Depreciation And Amortization In Income Statement": 4173000.0,
        "Depreciation Income Statement": 4173000.0,
        "Research And Development": 4694000.0,
        "Selling General And Administration": 24268000.0,
        "Selling And Marketing Expense": 16060000.0,
        "General And Administrative Expense": 8208000.0,
        "Other Gand A": 8208000.0,
        "Gross Profit": 33708000.0,
        "Cost Of Revenue": 4912000.0,
        "Total Revenue": 38620000.0,
        "Operating Revenue": 38620000.0
    },
    "2022-12-31": {
        "Tax Effect Of Unusual Items": 272365.448505,
        "Tax Rate For Calcs": 0.132152,
        "Normalized EBITDA": 6131000.0,
        "Total Unusual Items": 2061000.0,
        "Total Unusual Items Excluding Goodwill": 2061000.0,
        "Net Income From Continuing Operation Net Minority Interest": 2351000.0,
        "Reconciled Depreciation": 4893000.0,
        "Reconciled Cost Of Revenue": 4766000.0,
        "EBITDA": 8192000.0,
        "EBIT": 3299000.0,
        "Net Interest Income": -590000.0,
        "Interest Expense": 590000.0,
        "Normalized Income": 562365.448505,
        "Net Income From Continuing And Discontinued Operation": 2351000.0,
        "Total Expenses": 39014000.0,
        "Total Operating Income As Reported": 2809000.0,
        "Diluted Average Shares": 46149000.0,
        "Basic Average Shares": 43593000.0,
        "Diluted EPS": 0.05,
        "Basic EPS": 0.05,
        "Diluted NI Availto Com Stockholders": 2351000.0,
        "Net Income Common Stockholders": 2351000.0,
        "Net Income": 2351000.0,
        "Net Income Including Noncontrolling Interests": 2351000.0,
        "Net Income Discontinuous Operations": 0.0,
        "Net Income Continuous Operations": 2351000.0,
        "Tax Provision": 358000.0,
        "Pretax Income": 2709000.0,
        "Other Income Expense": 2551000.0,
        "Special Income Charges": 2061000.0,
        "Write Off": 0.0,
        "Impairment Of Capital Assets": 0.0,
        "Restructuring And Mergern Acquisition": NaN,
        "Earnings From Equity Interest": 490000.0,
        "Gain On Sale Of Security": 0.0,
        "Net Non Operating Interest Income Expense": -590000.0,
        "Interest Expense Non Operating": 590000.0,
        "Operating Income": 748000.0,
        "Operating Expense": 34248000.0,
        "Depreciation Amortization Depletion Income Statement": 4893000.0,
        "Depreciation And Amortization In Income Statement": 4893000.0,
        "Depreciation Income Statement": 4893000.0,
        "Research And Development": 4692000.0,
        "Selling General And Administration": 24663000.0,
        "Selling And Marketing Expense": 16157000.0,
        "General And Administrative Expense": 8506000.0,
        "Other Gand A": 8506000.0,
        "Gross Profit": 34996000.0,
        "Cost Of Revenue": 4766000.0,
        "Total Revenue": 39762000.0,
        "Operating Revenue": 39762000.0
    },
    "2022-09-30": {
        "Tax Effect Of Unusual Items": -29900.0,
        "Tax Rate For Calcs": 0.013,
        "Normalized EBITDA": 6217000.0,
        "Total Unusual Items": -2300000.0,
        "Total Unusual Items Excluding Goodwill": -2300000.0,
        "Net Income From Continuing Operation Net Minority Interest": -926000.0,
        "Reconciled Depreciation": 4408000.0,
        "Reconciled Cost Of Revenue": 4561000.0,
        "EBITDA": 3917000.0,
        "EBIT": -491000.0,
        "Net Interest Income": -447000.0,
        "Interest Expense": 447000.0,
        "Normalized Income": 1344100.0,
        "Net Income From Continuing And Discontinued Operation": -926000.0,
        "Total Expenses": 37309000.0,
        "Total Operating Income As Reported": 1218000.0,
        "Diluted Average Shares": 44190000.0,
        "Basic Average Shares": 44190000.0,
        "Diluted EPS": -0.02,
        "Basic EPS": -0.02,
        "Diluted NI Availto Com Stockholders": -926000.0,
        "Net Income Common Stockholders": -926000.0,
        "Net Income": -926000.0,
        "Net Income Including Noncontrolling Interests": -926000.0,
        "Net Income Discontinuous Operations": 0.0,
        "Net Income Continuous Operations": -926000.0,
        "Tax Provision": -12000.0,
        "Pretax Income": -938000.0,
        "Other Income Expense": -1709000.0,
        "Special Income Charges": -2300000.0,
        "Other Special Charges": NaN,
        "Write Off": 2300000.0,
        "Impairment Of Capital Assets": 0.0,
        "Restructuring And Mergern Acquisition": NaN,
        "Earnings From Equity Interest": 591000.0,
        "Gain On Sale Of Security": NaN,
        "Net Non Operating Interest Income Expense": -447000.0,
        "Interest Expense Non Operating": 447000.0,
        "Operating Income": 1218000.0,
        "Operating Expense": 32748000.0,
        "Depreciation Amortization Depletion Income Statement": 4408000.0,
        "Depreciation And Amortization In Income Statement": 4408000.0,
        "Depreciation Income Statement": 4408000.0,
        "Research And Development": 4680000.0,
        "Selling General And Administration": 23660000.0,
        "Selling And Marketing Expense": 14992000.0,
        "General And Administrative Expense": 8668000.0,
        "Other Gand A": 8668000.0,
        "Gross Profit": 33966000.0,
        "Cost Of Revenue": 4561000.0,
        "Total Revenue": 38527000.0,
        "Operating Revenue": 38527000.0
    },
    "2022-06-30": {
        "Tax Effect Of Unusual Items": 128000.0,
        "Tax Rate For Calcs": 0.4,
        "Normalized EBITDA": 5494000.0,
        "Total Unusual Items": 320000.0,
        "Total Unusual Items Excluding Goodwill": 320000.0,
        "Net Income From Continuing Operation Net Minority Interest": 1450000.0,
        "Reconciled Depreciation": 4228000.0,
        "Reconciled Cost Of Revenue": 4181000.0,
        "EBITDA": 5814000.0,
        "EBIT": 1586000.0,
        "Net Interest Income": -298000.0,
        "Interest Expense": 298000.0,
        "Normalized Income": 1258000.0,
        "Net Income From Continuing And Discontinued Operation": 1450000.0,
        "Total Expenses": 36152000.0,
        "Total Operating Income As Reported": 905000.0,
        "Diluted Average Shares": 46961000.0,
        "Basic Average Shares": 44682000.0,
        "Diluted EPS": 0.03,
        "Basic EPS": 0.03,
        "Diluted NI Availto Com Stockholders": 1450000.0,
        "Net Income Common Stockholders": 1450000.0,
        "Net Income": 1450000.0,
        "Net Income Including Noncontrolling Interests": 1450000.0,
        "Net Income Discontinuous Operations": 0.0,
        "Net Income Continuous Operations": 1450000.0,
        "Tax Provision": -162000.0,
        "Pretax Income": 1288000.0,
        "Other Income Expense": 681000.0,
        "Special Income Charges": NaN,
        "Other Special Charges": NaN,
        "Write Off": NaN,
        "Impairment Of Capital Assets": NaN,
        "Restructuring And Mergern Acquisition": NaN,
        "Earnings From Equity Interest": 361000.0,
        "Gain On Sale Of Security": 320000.0,
        "Net Non Operating Interest Income Expense": -298000.0,
        "Interest Expense Non Operating": 298000.0,
        "Operating Income": 905000.0,
        "Operating Expense": 31971000.0,
        "Depreciation Amortization Depletion Income Statement": 4228000.0,
        "Depreciation And Amortization In Income Statement": 4228000.0,
        "Depreciation Income Statement": 4228000.0,
        "Research And Development": 4360000.0,
        "Selling General And Administration": 23383000.0,
        "Selling And Marketing Expense": 14274000.0,
        "General And Administrative Expense": 9109000.0,
        "Other Gand A": 9109000.0,
        "Gross Profit": 32876000.0,
        "Cost Of Revenue": 4181000.0,
        "Total Revenue": 37057000.0,
        "Operating Revenue": 37057000.0
    },
    "2023-06-30": {
        "Tax Effect Of Unusual Items": -444150.0,
        "Tax Rate For Calcs": 0.21,
        "Normalized EBITDA": 6352000.0,
        "Total Unusual Items": -2115000.0,
        "Total Unusual Items Excluding Goodwill": -2115000.0,
        "Net Income From Continuing Operation Net Minority Interest": -127000.0,
        "Reconciled Depreciation": 4162000.0,
        "Reconciled Cost Of Revenue": 4956000.0,
        "EBITDA": 4237000.0,
        "EBIT": 75000.0,
        "Net Interest Income": -879000.0,
        "Interest Expense": 879000.0,
        "Normalized Income": 1543850.0,
        "Net Income From Continuing And Discontinued Operation": -127000.0,
        "Total Expenses": 36452000.0,
        "Total Operating Income As Reported": -29000.0,
        "Diluted Average Shares": 43460000.0,
        "Basic Average Shares": 43460000.0,
        "Diluted EPS": -0.002922,
        "Basic EPS": -0.002922,
        "Diluted NI Availto Com Stockholders": -127000.0,
        "Net Income Common Stockholders": -127000.0,
        "Net Income": -127000.0,
        "Net Income Including Noncontrolling Interests": -127000.0,
        "Net Income Continuous Operations": -127000.0,
        "Tax Provision": -677000.0,
        "Pretax Income": -804000.0,
        "Other Income Expense": -2011000.0,
        "Special Income Charges": -2115000.0,
        "Write Off": NaN,
        "Restructuring And Mergern Acquisition": 2115000.0,
        "Earnings From Equity Interest": 104000.0,
        "Gain On Sale Of Security": NaN,
        "Net Non Operating Interest Income Expense": -879000.0,
        "Interest Expense Non Operating": 879000.0,
        "Operating Income": 2086000.0,
        "Operating Expense": 31496000.0,
        "Depreciation Amortization Depletion Income Statement": 4162000.0,
        "Depreciation And Amortization In Income Statement": 4162000.0,
        "Depreciation Income Statement": 4162000.0,
        "Research And Development": 4158000.0,
        "Selling General And Administration": 23176000.0,
        "Selling And Marketing Expense": 14723000.0,
        "General And Administrative Expense": 8453000.0,
        "Other Gand A": 8453000.0,
        "Gross Profit": 33582000.0,
        "Cost Of Revenue": 4956000.0,
        "Total Revenue": 38538000.0,
        "Operating Revenue": 38538000.0
    },
    "2022-03-31": {
        "Diluted EPS": 0.03,
        "Total Revenue": 34,
        "Gross Profit": 30,
        "Operating Income": 1,
        "EBIT": 5,
        "Net Income": 1
    },
    "2021-12-31": {
        "Diluted EPS": 0.0,
        "Total Revenue": 34,
        "Gross Profit": 30,
        "Operating Income": 0,
        "EBIT": 5,
        "Net Income": 0
    },
    "2021-09-30": {
        "Diluted EPS": -0.05,
        "Total Revenue": 31,
        "Gross Profit": 27,
        "Operating Income": -2,
        "EBIT": 2,
        "Net Income": -2
    },
    "2021-06-30": {
        "Diluted EPS": -0.64,
        "Total Revenue": 29,
        "Gross Profit": 25,
        "Operating Income": 0,
        "EBIT": 5,
        "Net Income": -30
    },
    "2021-03-31": {
        "Diluted EPS": 0.05,
        "Total Revenue": 27,
        "Gross Profit": 23,
        "Operating Income": 0,
        "EBIT": 4,
        "Net Income": 3
    },
    "2020-12-31": {
        "Diluted EPS": 0.04,
        "Total Revenue": 20,
        "Gross Profit": 17,
        "Operating Income": 0,
        "EBIT": 3,
        "Net Income": 2
    },
    "2020-09-30": {
        "Diluted EPS": -0.57,
        "Total Revenue": 27,
        "Gross Profit": 24,
        "Operating Income": -28,
        "EBIT": -2,
        "Net Income": -27
    },
    "2020-06-30": {
        "Diluted EPS": 0.04,
        "Total Revenue": 28,
        "Gross Profit": 24,
        "Operating Income": 2,
        "EBIT": 5,
        "Net Income": 2
    },
    "2020-03-31": {
        "Diluted EPS": -0.13,
        "Total Revenue": 37,
        "Gross Profit": 32,
        "Operating Income": -5,
        "EBIT": -2,
        "Net Income": -7
    },
    "2019-12-31": {
        "Diluted EPS": 0.07,
        "Total Revenue": 6,
        "Gross Profit": 4,
        "Operating Income": -3,
        "EBIT": 0,
        "Net Income": 4
    },
    "2019-09-30": {
        "Diluted EPS": 0.08,
        "Total Revenue": 37,
        "Gross Profit": 33,
        "Operating Income": 5,
        "EBIT": 8,
        "Net Income": 4
    },
    "2019-06-30": {
        "Diluted EPS": 0.06,
        "Total Revenue": 37,
        "Gross Profit": 33,
        "Operating Income": 4,
        "EBIT": 6,
        "Net Income": 3
    },
    "2019-03-31": {
        "Diluted EPS": 0.03,
        "Total Revenue": 37,
        "Gross Profit": 33,
        "Operating Income": 4,
        "EBIT": 6,
        "Net Income": 2
    },
    "2018-12-31": {
        "Diluted EPS": 0.05,
        "Total Revenue": 38,
        "Gross Profit": 34,
        "Operating Income": 2,
        "EBIT": 5,
        "Net Income": 3
    },
    "2018-09-30": {
        "Diluted EPS": 0.02,
        "Total Revenue": 39,
        "Gross Profit": 34,
        "Operating Income": 1,
        "EBIT": 4,
        "Net Income": 1
    },
    "2018-06-30": {
        "Diluted EPS": -0.0,
        "Total Revenue": 42,
        "Gross Profit": 37,
        "Operating Income": 1,
        "EBIT": 4,
        "Net Income": 0
    },
    "2018-03-31": {
        "Diluted EPS": 0.07,
        "Total Revenue": 43,
        "Gross Profit": 38,
        "Operating Income": 7,
        "EBIT": 9,
        "Net Income": 4
    },
    "2017-12-31": {
        "Diluted EPS": 0.24,
        "Total Revenue": 51,
        "Gross Profit": 44,
        "Operating Income": 12,
        "EBIT": 15,
        "Net Income": 12
    },
    "2017-09-30": {
        "Diluted EPS": 0.02,
        "Total Revenue": 52,
        "Gross Profit": 45,
        "Operating Income": 3,
        "EBIT": 6,
        "Net Income": 1
    },
    "2017-06-30": {
        "Diluted EPS": 0.04,
        "Total Revenue": 52,
        "Gross Profit": 45,
        "Operating Income": 4,
        "EBIT": 7,
        "Net Income": 2
    },
    "2017-03-31": {
        "Diluted EPS": 0.03,
        "Total Revenue": 52,
        "Gross Profit": 45,
        "Operating Income": 4,
        "EBIT": 7,
        "Net Income": 1
    },
    "2016-12-31": {
        "Diluted EPS": 0.12,
        "Total Revenue": 55,
        "Gross Profit": 47,
        "Operating Income": 8,
        "EBIT": 11,
        "Net Income": 5
    },
    "2016-09-30": {
        "Diluted EPS": -0.35,
        "Total Revenue": 56,
        "Gross Profit": 48,
        "Operating Income": -16,
        "EBIT": 3,
        "Net Income": -17
    },
    "2016-06-30": {
        "Diluted EPS": 0.1,
        "Total Revenue": 58,
        "Gross Profit": 50,
        "Operating Income": 8,
        "EBIT": 13,
        "Net Income": 5
    },
    "2016-03-31": {
        "Diluted EPS": 0.02,
        "Total Revenue": 58,
        "Gross Profit": 50,
        "Operating Income": 3,
        "EBIT": 8,
        "Net Income": 1
    },
    "2015-12-31": {
        "Diluted EPS": -0.53,
        "Total Revenue": 65,
        "Gross Profit": 55,
        "Operating Income": -24,
        "EBIT": 16,
        "Net Income": -28
    },
    "2015-09-30": {
        "Diluted EPS": 0.12,
        "Total Revenue": 65,
        "Gross Profit": 55,
        "Operating Income": 11,
        "EBIT": 17,
        "Net Income": 7
    },
    "2015-06-30": {
        "Diluted EPS": 0.11,
        "Total Revenue": 66,
        "Gross Profit": 56,
        "Operating Income": 11,
        "EBIT": 17,
        "Net Income": 6
    },
    "2015-03-31": {
        "Diluted EPS": 0.09,
        "Total Revenue": 64,
        "Gross Profit": 54,
        "Operating Income": 9,
        "EBIT": 15,
        "Net Income": 5
    },
    "2014-12-31": {
        "Diluted EPS": 0.12,
        "Total Revenue": 68,
        "Gross Profit": 58,
        "Operating Income": 12,
        "EBIT": 18,
        "Net Income": 7
    },
    "2014-09-30": {
        "Diluted EPS": 0.18,
        "Total Revenue": 68,
        "Gross Profit": 58,
        "Operating Income": 13,
        "EBIT": 20,
        "Net Income": 9
    },
    "2014-06-30": {
        "Diluted EPS": 0.13,
        "Total Revenue": 67,
        "Gross Profit": 57,
        "Operating Income": 13,
        "EBIT": 20,
        "Net Income": 7
    },
    "2014-03-31": {
        "Diluted EPS": 0.08,
        "Total Revenue": 61,
        "Gross Profit": 52,
        "Operating Income": 8,
        "EBIT": 15,
        "Net Income": 4
    },
    "2013-12-31": {
        "Diluted EPS": -0.1,
        "Total Revenue": 58,
        "Gross Profit": 52,
        "Operating Income": -6,
        "EBIT": 8,
        "Net Income": -6
    },
    "2013-09-30": {
        "Diluted EPS": 0.12,
        "Total Revenue": 53,
        "Gross Profit": 47,
        "Operating Income": 12,
        "EBIT": 16,
        "Net Income": 7
    },
    "2013-06-30": {
        "Diluted EPS": 0.13,
        "Total Revenue": 52,
        "Gross Profit": 46,
        "Operating Income": 13,
        "EBIT": 16,
        "Net Income": 8
    },
    "2013-03-31": {
        "Diluted EPS": 0.12,
        "Total Revenue": 50,
        "Gross Profit": 45,
        "Operating Income": 11,
        "EBIT": 15,
        "Net Income": 7
    },
    "2012-12-31": {
        "Diluted EPS": 0.15,
        "Total Revenue": 53,
        "Gross Profit": 48,
        "Operating Income": 15,
        "EBIT": 17,
        "Net Income": 9
    },
    "2012-09-30": {
        "Diluted EPS": 0.17,
        "Total Revenue": 48,
        "Gross Profit": 44,
        "Operating Income": 15,
        "EBIT": 18,
        "Net Income": 11
    },
    "2012-06-30": {
        "Diluted EPS": 0.14,
        "Total Revenue": 48,
        "Gross Profit": 45,
        "Operating Income": 16,
        "EBIT": 20,
        "Net Income": 9
    },
    "2012-03-31": {
        "Diluted EPS": 0.13,
        "Total Revenue": 46,
        "Gross Profit": 43,
        "Operating Income": 14,
        "EBIT": 17,
        "Net Income": 9
    },
    "2011-12-31": {
        "Diluted EPS": 0.16,
        "Total Revenue": 47,
        "Gross Profit": 44,
        "Operating Income": 17,
        "EBIT": 21,
        "Net Income": 10
    },
    "2011-09-30": {
        "Diluted EPS": 0.13,
        "Total Revenue": 47,
        "Gross Profit": 43,
        "Operating Income": 15,
        "EBIT": 19,
        "Net Income": 9
    },
    "2011-06-30": {
        "Diluted EPS": 0.11,
        "Total Revenue": 45,
        "Gross Profit": 41,
        "Operating Income": 12,
        "EBIT": 16,
        "Net Income": 8
    },
    "2011-03-31": {
        "Diluted EPS": 0.09,
        "Total Revenue": 40,
        "Gross Profit": 37,
        "Operating Income": 11,
        "EBIT": 14,
        "Net Income": 7
    },
    "2010-12-31": {
        "Diluted EPS": 0.09,
        "Total Revenue": 38,
        "Gross Profit": 35,
        "Operating Income": 11,
        "EBIT": 15,
        "Net Income": 6
    },
    "2010-09-30": {
        "Diluted EPS": 0.09,
        "Total Revenue": 34,
        "Gross Profit": 32,
        "Operating Income": 9,
        "EBIT": 13,
        "Net Income": 6
    },
    "2010-06-30": {
        "Diluted EPS": 0.05,
        "Total Revenue": 30,
        "Gross Profit": 28,
        "Operating Income": 6,
        "EBIT": 11,
        "Net Income": 4
    },
    "2010-03-31": {
        "Diluted EPS": 0.05,
        "Total Revenue": 27,
        "Gross Profit": 25,
        "Operating Income": 6,
        "EBIT": 10,
        "Net Income": 3
    },
    "2009-12-31": {
        "Diluted EPS": 0.05,
        "Total Revenue": 27,
        "Gross Profit": 25,
        "Operating Income": 7,
        "EBIT": 11,
        "Net Income": 4
    },
    "2009-09-30": {
        "Diluted EPS": 0.05,
        "Total Revenue": 27,
        "Gross Profit": 25,
        "Operating Income": 6,
        "EBIT": 11,
        "Net Income": 3
    },
    "2009-06-30": {
        "Diluted EPS": 0.04,
        "Total Revenue": 27,
        "Gross Profit": 25,
        "Operating Income": 6,
        "EBIT": 11,
        "Net Income": 3
    },
    "2009-03-31": {
        "Diluted EPS": 0.06,
        "Total Revenue": 30,
        "Gross Profit": 28,
        "Operating Income": 8,
        "EBIT": 13,
        "Net Income": 4
    },
    "2023-09-30": {
        "Tax Effect Of Unusual Items": 2520.0,
        "Tax Rate For Calcs": 0.21,
        "Normalized EBITDA": 6937000.0,
        "Total Unusual Items": 12000.0,
        "Total Unusual Items Excluding Goodwill": 12000.0,
        "Net Income From Continuing Operation Net Minority Interest": 1010000.0,
        "Reconciled Depreciation": 4241000.0,
        "Reconciled Cost Of Revenue": 4971000.0,
        "EBITDA": 6949000.0,
        "EBIT": 2708000.0,
        "Net Interest Income": -939000.0,
        "Interest Expense": 939000.0,
        "Normalized Income": 1000520.0,
        "Net Income From Continuing And Discontinued Operation": 1010000.0,
        "Total Expenses": 34890000.0,
        "Total Operating Income As Reported": 2241000.0,
        "Diluted Average Shares": 44324000.0,
        "Basic Average Shares": 43405000.0,
        "Diluted EPS": 0.02,
        "Basic EPS": 0.02,
        "Diluted NI Availto Com Stockholders": 1010000.0,
        "Net Income Common Stockholders": 1010000.0,
        "Net Income": 1010000.0,
        "Net Income Including Noncontrolling Interests": 1010000.0,
        "Net Income Continuous Operations": 1010000.0,
        "Tax Provision": 759000.0,
        "Pretax Income": 1769000.0,
        "Other Income Expense": 165000.0,
        "Special Income Charges": -602000.0,
        "Write Off": 300000.0,
        "Restructuring And Mergern Acquisition": 302000.0,
        "Earnings From Equity Interest": 153000.0,
        "Gain On Sale Of Security": 614000.0,
        "Net Non Operating Interest Income Expense": -939000.0,
        "Interest Expense Non Operating": 939000.0,
        "Operating Income": 2543000.0,
        "Operating Expense": 29919000.0,
        "Depreciation Amortization Depletion Income Statement": 4241000.0,
        "Depreciation And Amortization In Income Statement": 4241000.0,
        "Depreciation Income Statement": 4241000.0,
        "Research And Development": 4432000.0,
        "Selling General And Administration": 21246000.0,
        "Selling And Marketing Expense": 14036000.0,
        "General And Administrative Expense": 7210000.0,
        "Other Gand A": 7210000.0,
        "Gross Profit": 32462000.0,
        "Cost Of Revenue": 4971000.0,
        "Total Revenue": 37433000.0,
        "Operating Revenue": 37433000.0
    },
    "2023-12-31": {
        "Tax Effect Of Unusual Items": 0.0,
        "Tax Rate For Calcs": 0.207672,
        "Normalized EBITDA": 7916000.0,
        "Total Unusual Items": 0.0,
        "Total Unusual Items Excluding Goodwill": 0.0,
        "Net Income From Continuing Operation Net Minority Interest": 2148000.0,
        "Reconciled Depreciation": 4339000.0,
        "Reconciled Cost Of Revenue": 4948000.0,
        "EBITDA": 7916000.0,
        "EBIT": 3577000.0,
        "Net Interest Income": -866000.0,
        "Interest Expense": 866000.0,
        "Normalized Income": 2148000.0,
        "Net Income From Continuing And Discontinued Operation": 2148000.0,
        "Total Expenses": 33784000.0,
        "Total Operating Income As Reported": 3503000.0,
        "Diluted Average Shares": 44612000.0,
        "Basic Average Shares": 43539000.0,
        "Diluted EPS": 0.05,
        "Basic EPS": 0.05,
        "Diluted NI Availto Com Stockholders": 2148000.0,
        "Net Income Common Stockholders": 2148000.0,
        "Net Income": 2148000.0,
        "Net Income Including Noncontrolling Interests": 2148000.0,
        "Net Income Continuous Operations": 2148000.0,
        "Tax Provision": 563000.0,
        "Pretax Income": 2711000.0,
        "Other Income Expense": 74000.0,
        "Special Income Charges": 0.0,
        "Write Off": 0.0,
        "Restructuring And Mergern Acquisition": 0.0,
        "Earnings From Equity Interest": 74000.0,
        "Gain On Sale Of Security": 0.0,
        "Net Non Operating Interest Income Expense": -866000.0,
        "Interest Expense Non Operating": 866000.0,
        "Operating Income": 3503000.0,
        "Operating Expense": 28836000.0,
        "Depreciation Amortization Depletion Income Statement": 4339000.0,
        "Depreciation And Amortization In Income Statement": 4339000.0,
        "Depreciation Income Statement": 4339000.0,
        "Research And Development": 4493000.0,
        "Selling General And Administration": 20004000.0,
        "Selling And Marketing Expense": 12602000.0,
        "General And Administrative Expense": 7402000.0,
        "Other Gand A": 7402000.0,
        "Gross Profit": 32339000.0,
        "Cost Of Revenue": 4948000.0,
        "Total Revenue": 37287000.0,
        "Operating Revenue": 37287000.0
    }
}