{
    "2023-03-31": {
        "Tax Effect Of Unusual Items": 0.0,
        "Tax Rate For Calcs": 0.0,
        "Normalized EBITDA": -8613000.0,
        "Total Unusual Items": NaN,
        "Total Unusual Items Excluding Goodwill": NaN,
        "Net Income From Continuing Operation Net Minority Interest": -8133000.0,
        "Reconciled Depreciation": 1568000.0,
        "Reconciled Cost Of Revenue": 7307000.0,
        "EBITDA": -8613000.0,
        "EBIT": -10181000.0,
        "Net Interest Income": 1531000.0,
        "Interest Expense": 0.0,
        "Interest Income": 1531000.0,
        "Normalized Income": -8133000.0,
        "Net Income From Continuing And Discontinued Operation": -8133000.0,
        "Total Expenses": 32359000.0,
        "Total Operating Income As Reported": -10181000.0,
        "Diluted Average Shares": 39330542.0,
        "Basic Average Shares": 39330542.0,
        "Diluted EPS": -0.21,
        "Basic EPS": -0.21,
        "Diluted NI Availto Com Stockholders": -8133000.0,
        "Net Income Common Stockholders": -8133000.0,
        "Otherunder Preferred Stock Dividend": NaN,
        "Net Income": -8133000.0,
        "Net Income Including Noncontrolling Interests": -8133000.0,
        "Net Income Continuous Operations": -8133000.0,
        "Tax Provision": 0.0,
        "Pretax Income": -8133000.0,
        "Other Income Expense": 517000.0,
        "Other Non Operating Income Expenses": 517000.0,
        "Special Income Charges": NaN,
        "Gain On Sale Of Business": NaN,
        "Restructuring And Mergern Acquisition": NaN,
        "Net Non Operating Interest Income Expense": 1531000.0,
        "Interest Expense Non Operating": 0.0,
        "Interest Income Non Operating": 1531000.0,
        "Operating Income": -10181000.0,
        "Operating Expense": 25052000.0,
        "Other Operating Expenses": 1364000.0,
        "Research And Development": 5795000.0,
        "Selling General And Administration": 17893000.0,
        "Selling And Marketing Expense": 9805000.0,
        "General And Administrative Expense": 8088000.0,
        "Other Gand A": 8088000.0,
        "Gross Profit": 14871000.0,
        "Cost Of Revenue": 7307000.0,
        "Total Revenue": 22178000.0,
        "Operating Revenue": 22178000.0
    },
    "2022-12-31": {
        "Tax Effect Of Unusual Items": NaN,
        "Tax Rate For Calcs": NaN,
        "Normalized EBITDA": NaN,
        "Total Unusual Items": -1501000.0,
        "Total Unusual Items Excluding Goodwill": -1501000.0,
        "Net Income From Continuing Operation Net Minority Interest": NaN,
        "Reconciled Depreciation": NaN,
        "Reconciled Cost Of Revenue": NaN,
        "EBITDA": NaN,
        "EBIT": NaN,
        "Net Interest Income": NaN,
        "Interest Expense": 0.0,
        "Interest Income": NaN,
        "Normalized Income": NaN,
        "Net Income From Continuing And Discontinued Operation": NaN,
        "Total Expenses": NaN,
        "Total Operating Income As Reported": NaN,
        "Diluted Average Shares": NaN,
        "Basic Average Shares": NaN,
        "Diluted EPS": NaN,
        "Basic EPS": NaN,
        "Diluted NI Availto Com Stockholders": NaN,
        "Net Income Common Stockholders": NaN,
        "Otherunder Preferred Stock Dividend": 0.0,
        "Net Income": NaN,
        "Net Income Including Noncontrolling Interests": NaN,
        "Net Income Continuous Operations": NaN,
        "Tax Provision": NaN,
        "Pretax Income": NaN,
        "Other Income Expense": NaN,
        "Other Non Operating Income Expenses": NaN,
        "Special Income Charges": -1501000.0,
        "Gain On Sale Of Business": 0.0,
        "Restructuring And Mergern Acquisition": 1501000.0,
        "Net Non Operating Interest Income Expense": NaN,
        "Interest Expense Non Operating": 0.0,
        "Interest Income Non Operating": NaN,
        "Operating Income": NaN,
        "Operating Expense": NaN,
        "Other Operating Expenses": NaN,
        "Research And Development": NaN,
        "Selling General And Administration": NaN,
        "Selling And Marketing Expense": NaN,
        "General And Administrative Expense": NaN,
        "Other Gand A": NaN,
        "Gross Profit": NaN,
        "Cost Of Revenue": NaN,
        "Total Revenue": NaN,
        "Operating Revenue": NaN
    },
    "2022-09-30": {
        "Tax Effect Of Unusual Items": NaN,
        "Tax Rate For Calcs": NaN,
        "Normalized EBITDA": NaN,
        "Total Unusual Items": -1183000.0,
        "Total Unusual Items Excluding Goodwill": -1183000.0,
        "Net Income From Continuing Operation Net Minority Interest": NaN,
        "Reconciled Depreciation": NaN,
        "Reconciled Cost Of Revenue": NaN,
        "EBITDA": NaN,
        "EBIT": NaN,
        "Net Interest Income": NaN,
        "Interest Expense": NaN,
        "Interest Income": NaN,
        "Normalized Income": NaN,
        "Net Income From Continuing And Discontinued Operation": NaN,
        "Total Expenses": NaN,
        "Total Operating Income As Reported": NaN,
        "Diluted Average Shares": NaN,
        "Basic Average Shares": NaN,
        "Diluted EPS": NaN,
        "Basic EPS": NaN,
        "Diluted NI Availto Com Stockholders": NaN,
        "Net Income Common Stockholders": NaN,
        "Otherunder Preferred Stock Dividend": 0.0,
        "Net Income": NaN,
        "Net Income Including Noncontrolling Interests": NaN,
        "Net Income Continuous Operations": NaN,
        "Tax Provision": NaN,
        "Pretax Income": NaN,
        "Other Income Expense": NaN,
        "Other Non Operating Income Expenses": NaN,
        "Special Income Charges": -1183000.0,
        "Gain On Sale Of Business": 0.0,
        "Restructuring And Mergern Acquisition": 1183000.0,
        "Net Non Operating Interest Income Expense": NaN,
        "Interest Expense Non Operating": NaN,
        "Interest Income Non Operating": NaN,
        "Operating Income": NaN,
        "Operating Expense": NaN,
        "Other Operating Expenses": NaN,
        "Research And Development": NaN,
        "Selling General And Administration": NaN,
        "Selling And Marketing Expense": NaN,
        "General And Administrative Expense": NaN,
        "Other Gand A": NaN,
        "Gross Profit": NaN,
        "Cost Of Revenue": NaN,
        "Total Revenue": NaN,
        "Operating Revenue": NaN
    },
    "2022-06-30": {
        "Tax Effect Of Unusual Items": 0.0,
        "Tax Rate For Calcs": 0.0,
        "Normalized EBITDA": -8394000.0,
        "Total Unusual Items": 8109000.0,
        "Total Unusual Items Excluding Goodwill": 8109000.0,
        "Net Income From Continuing Operation Net Minority Interest": -289000.0,
        "Reconciled Depreciation": 1393000.0,
        "Reconciled Cost Of Revenue": 7953000.0,
        "EBITDA": -285000.0,
        "EBIT": -285000.0,
        "Net Interest Income": 168000.0,
        "Interest Expense": 4000.0,
        "Interest Income": 172000.0,
        "Normalized Income": -8398000.0,
        "Net Income From Continuing And Discontinued Operation": -289000.0,
        "Total Expenses": 33305000.0,
        "Total Operating Income As Reported": -620000.0,
        "Diluted Average Shares": 38170396.0,
        "Basic Average Shares": 38170396.0,
        "Diluted EPS": -0.01,
        "Basic EPS": -0.01,
        "Diluted NI Availto Com Stockholders": -289000.0,
        "Net Income Common Stockholders": -289000.0,
        "Otherunder Preferred Stock Dividend": 0.0,
        "Net Income": -289000.0,
        "Net Income Including Noncontrolling Interests": -289000.0,
        "Net Income Continuous Operations": -289000.0,
        "Tax Provision": 0.0,
        "Pretax Income": -289000.0,
        "Other Income Expense": 8272000.0,
        "Other Non Operating Income Expenses": 163000.0,
        "Special Income Charges": 8109000.0,
        "Gain On Sale Of Business": 9684000.0,
        "Restructuring And Mergern Acquisition": 1575000.0,
        "Net Non Operating Interest Income Expense": 168000.0,
        "Interest Expense Non Operating": 4000.0,
        "Interest Income Non Operating": 172000.0,
        "Operating Income": -8729000.0,
        "Operating Expense": 25352000.0,
        "Other Operating Expenses": NaN,
        "Research And Development": 6587000.0,
        "Selling General And Administration": 18765000.0,
        "Selling And Marketing Expense": 11268000.0,
        "General And Administrative Expense": 7497000.0,
        "Other Gand A": 7497000.0,
        "Gross Profit": 16623000.0,
        "Cost Of Revenue": 7953000.0,
        "Total Revenue": 24576000.0,
        "Operating Revenue": 24576000.0
    },
    "2022-03-31": {
        "Diluted EPS": -0.17,
        "Total Revenue": 27,
        "Gross Profit": 19,
        "Operating Income": -7,
        "EBIT": -5,
        "Net Income": -6
    },
    "2021-12-31": {
        "Diluted EPS": 0.05,
        "Total Revenue": 27,
        "Gross Profit": 17,
        "Operating Income": -8,
        "EBIT": -8,
        "Net Income": -8
    },
    "2021-09-30": {
        "Diluted EPS": -0.17,
        "Total Revenue": 26,
        "Gross Profit": 18,
        "Operating Income": -7,
        "EBIT": -6,
        "Net Income": -7
    },
    "2021-06-30": {
        "Diluted EPS": -0.44,
        "Total Revenue": 25,
        "Gross Profit": 17,
        "Operating Income": -5,
        "EBIT": -4,
        "Net Income": -7
    },
    "2021-03-31": {
        "Diluted EPS": -0.52,
        "Total Revenue": 26,
        "Gross Profit": 18,
        "Operating Income": -2,
        "EBIT": -2,
        "Net Income": -6
    },
    "2020-12-31": {
        "Diluted EPS": 0.0,
        "Total Revenue": NaN,
        "Gross Profit": NaN,
        "Operating Income": NaN,
        "EBIT": NaN,
        "Net Income": NaN
    },
    "2020-09-30": {
        "Diluted EPS": -0.47,
        "Total Revenue": 21,
        "Gross Profit": 15,
        "Operating Income": -2,
        "EBIT": -1,
        "Net Income": -5
    },
    "2020-06-30": {
        "Diluted EPS": -0.63,
        "Total Revenue": 19,
        "Gross Profit": 13,
        "Operating Income": -3,
        "EBIT": -3,
        "Net Income": -7
    },
    "2019-12-31": {
        "Diluted EPS": 0.0,
        "Total Revenue": NaN,
        "Gross Profit": NaN,
        "Operating Income": NaN,
        "EBIT": NaN,
        "Net Income": NaN
    },
    "2023-06-30": {
        "Tax Effect Of Unusual Items": 0.0,
        "Tax Rate For Calcs": 0.0,
        "Normalized EBITDA": -7254000.0,
        "Total Unusual Items": 0.0,
        "Total Unusual Items Excluding Goodwill": 0.0,
        "Net Income From Continuing Operation Net Minority Interest": -8320000.0,
        "Reconciled Depreciation": 1066000.0,
        "Reconciled Cost Of Revenue": 6327000.0,
        "EBITDA": -7254000.0,
        "EBIT": -8320000.0,
        "Net Interest Income": 1645000.0,
        "Interest Expense": 0.0,
        "Interest Income": 1645000.0,
        "Normalized Income": -8320000.0,
        "Net Income From Continuing And Discontinued Operation": -8320000.0,
        "Total Expenses": 31358000.0,
        "Total Operating Income As Reported": -10437000.0,
        "Diluted Average Shares": 39642725.0,
        "Basic Average Shares": 39642725.0,
        "Diluted EPS": -0.21,
        "Basic EPS": -0.21,
        "Diluted NI Availto Com Stockholders": -8320000.0,
        "Net Income Common Stockholders": -8320000.0,
        "Otherunder Preferred Stock Dividend": NaN,
        "Net Income": -8320000.0,
        "Net Income Including Noncontrolling Interests": -8320000.0,
        "Net Income Continuous Operations": -8320000.0,
        "Tax Provision": 0.0,
        "Pretax Income": -8320000.0,
        "Other Income Expense": 472000.0,
        "Other Non Operating Income Expenses": 472000.0,
        "Special Income Charges": 0.0,
        "Gain On Sale Of Business": 0.0,
        "Restructuring And Mergern Acquisition": NaN,
        "Net Non Operating Interest Income Expense": 1645000.0,
        "Interest Expense Non Operating": 0.0,
        "Interest Income Non Operating": 1645000.0,
        "Operating Income": -10437000.0,
        "Operating Expense": 25031000.0,
        "Other Operating Expenses": 888000.0,
        "Research And Development": 6889000.0,
        "Selling General And Administration": 17254000.0,
        "Selling And Marketing Expense": 9791000.0,
        "General And Administrative Expense": 7463000.0,
        "Other Gand A": 7463000.0,
        "Gross Profit": 14594000.0,
        "Cost Of Revenue": 6327000.0,
        "Total Revenue": 20921000.0,
        "Operating Revenue": 20921000.0
    },
    "2023-09-30": {
        "Tax Effect Of Unusual Items": 0.0,
        "Tax Rate For Calcs": 0.0,
        "Normalized EBITDA": -1519000.0,
        "Total Unusual Items": -688000.0,
        "Total Unusual Items Excluding Goodwill": -688000.0,
        "Net Income From Continuing Operation Net Minority Interest": -3305000.0,
        "Reconciled Depreciation": 1098000.0,
        "Reconciled Cost Of Revenue": 5510000.0,
        "EBITDA": -2207000.0,
        "EBIT": -3305000.0,
        "Net Interest Income": 1757000.0,
        "Interest Expense": 0.0,
        "Interest Income": 1757000.0,
        "Normalized Income": -2617000.0,
        "Net Income From Continuing And Discontinued Operation": -3305000.0,
        "Total Expenses": 25208000.0,
        "Total Operating Income As Reported": -5233000.0,
        "Diluted Average Shares": 39962932.0,
        "Basic Average Shares": 39962932.0,
        "Diluted EPS": -0.08,
        "Basic EPS": -0.08,
        "Diluted NI Availto Com Stockholders": -3305000.0,
        "Net Income Common Stockholders": -3305000.0,
        "Otherunder Preferred Stock Dividend": NaN,
        "Net Income": -3305000.0,
        "Net Income Including Noncontrolling Interests": -3305000.0,
        "Net Income Continuous Operations": -3305000.0,
        "Tax Provision": 0.0,
        "Pretax Income": -3305000.0,
        "Other Income Expense": -517000.0,
        "Other Non Operating Income Expenses": 171000.0,
        "Special Income Charges": -688000.0,
        "Gain On Sale Of Business": 0.0,
        "Restructuring And Mergern Acquisition": 688000.0,
        "Net Non Operating Interest Income Expense": 1757000.0,
        "Interest Expense Non Operating": 0.0,
        "Interest Income Non Operating": 1757000.0,
        "Operating Income": -4545000.0,
        "Operating Expense": 19698000.0,
        "Other Operating Expenses": NaN,
        "Research And Development": 4515000.0,
        "Selling General And Administration": 15183000.0,
        "Selling And Marketing Expense": 8411000.0,
        "General And Administrative Expense": 6772000.0,
        "Other Gand A": 6772000.0,
        "Gross Profit": 15153000.0,
        "Cost Of Revenue": 5510000.0,
        "Total Revenue": 20663000.0,
        "Operating Revenue": 20663000.0
    },
    "2023-12-31": {
        "Tax Effect Of Unusual Items": -165690.0,
        "Tax Rate For Calcs": 0.21,
        "Normalized EBITDA": -996000.0,
        "Total Unusual Items": -789000.0,
        "Total Unusual Items Excluding Goodwill": -789000.0,
        "Net Income From Continuing Operation Net Minority Interest": -2941000.0,
        "Reconciled Depreciation": 1142000.0,
        "Reconciled Cost Of Revenue": 5967000.0,
        "EBITDA": -1785000.0,
        "EBIT": -2927000.0,
        "Net Interest Income": 1706000.0,
        "Interest Expense": 0.0,
        "Interest Income": 1706000.0,
        "Normalized Income": -2317690.0,
        "Net Income From Continuing And Discontinued Operation": -2941000.0,
        "Total Expenses": 25309000.0,
        "Total Operating Income As Reported": -5176000.0,
        "Diluted Average Shares": 39953131.0,
        "Basic Average Shares": 39953131.0,
        "Diluted EPS": -0.07,
        "Basic EPS": -0.07,
        "Diluted NI Availto Com Stockholders": -2941000.0,
        "Net Income Common Stockholders": -2941000.0,
        "Otherunder Preferred Stock Dividend": NaN,
        "Net Income": -2941000.0,
        "Net Income Including Noncontrolling Interests": -2941000.0,
        "Net Income Continuous Operations": -2941000.0,
        "Tax Provision": 14000.0,
        "Pretax Income": -2927000.0,
        "Other Income Expense": -246000.0,
        "Other Non Operating Income Expenses": 543000.0,
        "Special Income Charges": -789000.0,
        "Gain On Sale Of Business": 0.0,
        "Restructuring And Mergern Acquisition": 789000.0,
        "Net Non Operating Interest Income Expense": 1706000.0,
        "Interest Expense Non Operating": 0.0,
        "Interest Income Non Operating": 1706000.0,
        "Operating Income": -4387000.0,
        "Operating Expense": 19342000.0,
        "Other Operating Expenses": NaN,
        "Research And Development": 4445000.0,
        "Selling General And Administration": 14897000.0,
        "Selling And Marketing Expense": 8633000.0,
        "General And Administrative Expense": 6264000.0,
        "Other Gand A": 6264000.0,
        "Gross Profit": 14955000.0,
        "Cost Of Revenue": 5967000.0,
        "Total Revenue": 20922000.0,
        "Operating Revenue": 20922000.0
    },
    "2024-03-31": {
        "Tax Effect Of Unusual Items": 0.0,
        "Tax Rate For Calcs": 0.0,
        "Normalized EBITDA": -4088000.0,
        "Total Unusual Items": NaN,
        "Total Unusual Items Excluding Goodwill": NaN,
        "Net Income From Continuing Operation Net Minority Interest": -3303000.0,
        "Reconciled Depreciation": 1264000.0,
        "Reconciled Cost Of Revenue": 6076000.0,
        "EBITDA": -4088000.0,
        "EBIT": -5352000.0,
        "Net Interest Income": 1692000.0,
        "Interest Expense": NaN,
        "Interest Income": 1692000.0,
        "Normalized Income": -3303000.0,
        "Net Income From Continuing And Discontinued Operation": -3303000.0,
        "Total Expenses": 27414000.0,
        "Total Operating Income As Reported": -5352000.0,
        "Diluted Average Shares": 39745095.0,
        "Basic Average Shares": 39745095.0,
        "Diluted EPS": -0.08,
        "Basic EPS": -0.08,
        "Diluted NI Availto Com Stockholders": -3303000.0,
        "Net Income Common Stockholders": -3303000.0,
        "Otherunder Preferred Stock Dividend": NaN,
        "Net Income": -3303000.0,
        "Net Income Including Noncontrolling Interests": -3303000.0,
        "Net Income Continuous Operations": -3303000.0,
        "Tax Provision": 0.0,
        "Pretax Income": -3303000.0,
        "Other Income Expense": 357000.0,
        "Other Non Operating Income Expenses": 357000.0,
        "Special Income Charges": NaN,
        "Gain On Sale Of Business": NaN,
        "Restructuring And Mergern Acquisition": NaN,
        "Net Non Operating Interest Income Expense": 1692000.0,
        "Interest Expense Non Operating": NaN,
        "Interest Income Non Operating": 1692000.0,
        "Operating Income": -5352000.0,
        "Operating Expense": 21338000.0,
        "Other Operating Expenses": 414000.0,
        "Research And Development": 4745000.0,
        "Selling General And Administration": 16179000.0,
        "Selling And Marketing Expense": 9169000.0,
        "General And Administrative Expense": 7010000.0,
        "Other Gand A": 7010000.0,
        "Gross Profit": 15986000.0,
        "Cost Of Revenue": 6076000.0,
        "Total Revenue": 22062000.0,
        "Operating Revenue": 22062000.0
    }
}