{
    "2023-03-31": {
        "Tax Effect Of Unusual Items": NaN,
        "Tax Rate For Calcs": NaN,
        "Normalized EBITDA": NaN,
        "Total Unusual Items": NaN,
        "Total Unusual Items Excluding Goodwill": NaN,
        "Net Income From Continuing Operation Net Minority Interest": NaN,
        "Reconciled Depreciation": NaN,
        "Reconciled Cost Of Revenue": NaN,
        "EBITDA": NaN,
        "EBIT": NaN,
        "Net Interest Income": NaN,
        "Interest Expense": NaN,
        "Normalized Income": NaN,
        "Net Income From Continuing And Discontinued Operation": NaN,
        "Total Expenses": NaN,
        "Rent Expense Supplemental": NaN,
        "Diluted Average Shares": 15339000.0,
        "Basic Average Shares": 15304000.0,
        "Diluted EPS": 1.74,
        "Basic EPS": 1.75,
        "Diluted NI Availto Com Stockholders": NaN,
        "Average Dilution Earnings": NaN,
        "Net Income Common Stockholders": NaN,
        "Otherunder Preferred Stock Dividend": NaN,
        "Net Income": NaN,
        "Net Income Including Noncontrolling Interests": NaN,
        "Net Income Continuous Operations": NaN,
        "Tax Provision": NaN,
        "Pretax Income": NaN,
        "Other Income Expense": NaN,
        "Special Income Charges": NaN,
        "Gain On Sale Of Ppe": NaN,
        "Gain On Sale Of Business": NaN,
        "Other Special Charges": -1661000.0,
        "Impairment Of Capital Assets": NaN,
        "Restructuring And Mergern Acquisition": NaN,
        "Net Non Operating Interest Income Expense": NaN,
        "Interest Expense Non Operating": NaN,
        "Operating Income": NaN,
        "Operating Expense": NaN,
        "Depreciation Amortization Depletion Income Statement": NaN,
        "Depreciation And Amortization In Income Statement": NaN,
        "Amortization": NaN,
        "Amortization Of Intangibles Income Statement": NaN,
        "Selling General And Administration": NaN,
        "General And Administrative Expense": NaN,
        "Other Gand A": NaN,
        "Gross Profit": NaN,
        "Cost Of Revenue": NaN,
        "Total Revenue": NaN,
        "Operating Revenue": NaN
    },
    "2022-12-31": {
        "Tax Effect Of Unusual Items": NaN,
        "Tax Rate For Calcs": NaN,
        "Normalized EBITDA": NaN,
        "Total Unusual Items": NaN,
        "Total Unusual Items Excluding Goodwill": NaN,
        "Net Income From Continuing Operation Net Minority Interest": NaN,
        "Reconciled Depreciation": NaN,
        "Reconciled Cost Of Revenue": NaN,
        "EBITDA": NaN,
        "EBIT": NaN,
        "Net Interest Income": NaN,
        "Interest Expense": NaN,
        "Normalized Income": NaN,
        "Net Income From Continuing And Discontinued Operation": NaN,
        "Total Expenses": NaN,
        "Rent Expense Supplemental": NaN,
        "Diluted Average Shares": 15370000.0,
        "Basic Average Shares": 15344000.0,
        "Diluted EPS": 0.72,
        "Basic EPS": 0.72,
        "Diluted NI Availto Com Stockholders": NaN,
        "Average Dilution Earnings": NaN,
        "Net Income Common Stockholders": NaN,
        "Otherunder Preferred Stock Dividend": NaN,
        "Net Income": NaN,
        "Net Income Including Noncontrolling Interests": NaN,
        "Net Income Continuous Operations": NaN,
        "Tax Provision": NaN,
        "Pretax Income": NaN,
        "Other Income Expense": NaN,
        "Special Income Charges": NaN,
        "Gain On Sale Of Ppe": NaN,
        "Gain On Sale Of Business": NaN,
        "Other Special Charges": NaN,
        "Impairment Of Capital Assets": -1693000.0,
        "Restructuring And Mergern Acquisition": NaN,
        "Net Non Operating Interest Income Expense": NaN,
        "Interest Expense Non Operating": NaN,
        "Operating Income": NaN,
        "Operating Expense": NaN,
        "Depreciation Amortization Depletion Income Statement": NaN,
        "Depreciation And Amortization In Income Statement": NaN,
        "Amortization": NaN,
        "Amortization Of Intangibles Income Statement": NaN,
        "Selling General And Administration": NaN,
        "General And Administrative Expense": NaN,
        "Other Gand A": NaN,
        "Gross Profit": NaN,
        "Cost Of Revenue": NaN,
        "Total Revenue": NaN,
        "Operating Revenue": NaN
    },
    "2022-09-30": {
        "Tax Effect Of Unusual Items": NaN,
        "Tax Rate For Calcs": NaN,
        "Normalized EBITDA": NaN,
        "Total Unusual Items": NaN,
        "Total Unusual Items Excluding Goodwill": NaN,
        "Net Income From Continuing Operation Net Minority Interest": NaN,
        "Reconciled Depreciation": NaN,
        "Reconciled Cost Of Revenue": NaN,
        "EBITDA": NaN,
        "EBIT": NaN,
        "Net Interest Income": NaN,
        "Interest Expense": NaN,
        "Normalized Income": NaN,
        "Net Income From Continuing And Discontinued Operation": NaN,
        "Total Expenses": NaN,
        "Rent Expense Supplemental": NaN,
        "Diluted Average Shares": NaN,
        "Basic Average Shares": NaN,
        "Diluted EPS": NaN,
        "Basic EPS": NaN,
        "Diluted NI Availto Com Stockholders": NaN,
        "Average Dilution Earnings": NaN,
        "Net Income Common Stockholders": NaN,
        "Otherunder Preferred Stock Dividend": NaN,
        "Net Income": NaN,
        "Net Income Including Noncontrolling Interests": NaN,
        "Net Income Continuous Operations": NaN,
        "Tax Provision": NaN,
        "Pretax Income": NaN,
        "Other Income Expense": NaN,
        "Special Income Charges": NaN,
        "Gain On Sale Of Ppe": NaN,
        "Gain On Sale Of Business": -500000.0,
        "Other Special Charges": 1161000.0,
        "Impairment Of Capital Assets": NaN,
        "Restructuring And Mergern Acquisition": NaN,
        "Net Non Operating Interest Income Expense": NaN,
        "Interest Expense Non Operating": NaN,
        "Operating Income": NaN,
        "Operating Expense": NaN,
        "Depreciation Amortization Depletion Income Statement": NaN,
        "Depreciation And Amortization In Income Statement": NaN,
        "Amortization": NaN,
        "Amortization Of Intangibles Income Statement": NaN,
        "Selling General And Administration": NaN,
        "General And Administrative Expense": NaN,
        "Other Gand A": NaN,
        "Gross Profit": NaN,
        "Cost Of Revenue": NaN,
        "Total Revenue": NaN,
        "Operating Revenue": NaN
    },
    "2022-06-30": {
        "Tax Effect Of Unusual Items": -283251.0,
        "Tax Rate For Calcs": 0.263,
        "Normalized EBITDA": 51632000.0,
        "Total Unusual Items": -1077000.0,
        "Total Unusual Items Excluding Goodwill": -1077000.0,
        "Net Income From Continuing Operation Net Minority Interest": 23962000.0,
        "Reconciled Depreciation": 2665000.0,
        "Reconciled Cost Of Revenue": 142099000.0,
        "EBITDA": 50555000.0,
        "EBIT": 47890000.0,
        "Net Interest Income": -15359000.0,
        "Interest Expense": 15359000.0,
        "Normalized Income": 24755749.0,
        "Net Income From Continuing And Discontinued Operation": 23962000.0,
        "Total Expenses": 188827000.0,
        "Rent Expense Supplemental": 21843000.0,
        "Diluted Average Shares": 16080000.0,
        "Basic Average Shares": 16050000.0,
        "Diluted EPS": 1.45,
        "Basic EPS": 1.45,
        "Diluted NI Availto Com Stockholders": 23289000.0,
        "Average Dilution Earnings": 1000.0,
        "Net Income Common Stockholders": 23289000.0,
        "Otherunder Preferred Stock Dividend": 673000.0,
        "Net Income": 23962000.0,
        "Net Income Including Noncontrolling Interests": 23962000.0,
        "Net Income Continuous Operations": 23962000.0,
        "Tax Provision": 8569000.0,
        "Pretax Income": 32531000.0,
        "Other Income Expense": -1077000.0,
        "Special Income Charges": -1077000.0,
        "Gain On Sale Of Ppe": 234000.0,
        "Other Special Charges": NaN,
        "Impairment Of Capital Assets": NaN,
        "Restructuring And Mergern Acquisition": 1311000.0,
        "Net Non Operating Interest Income Expense": -15359000.0,
        "Interest Expense Non Operating": 15359000.0,
        "Operating Income": 48967000.0,
        "Operating Expense": 46728000.0,
        "Depreciation Amortization Depletion Income Statement": 2665000.0,
        "Depreciation And Amortization In Income Statement": 2665000.0,
        "Amortization": 2665000.0,
        "Amortization Of Intangibles Income Statement": 2665000.0,
        "Selling General And Administration": 44063000.0,
        "General And Administrative Expense": 44063000.0,
        "Other Gand A": 44063000.0,
        "Gross Profit": 95695000.0,
        "Cost Of Revenue": 142099000.0,
        "Total Revenue": 237794000.0,
        "Operating Revenue": 237794000.0
    },
    "2023-06-30": {
        "Tax Effect Of Unusual Items": -1144244.46536,
        "Tax Rate For Calcs": 0.253263,
        "Normalized EBITDA": 55165000.0,
        "Total Unusual Items": -4518000.0,
        "Total Unusual Items Excluding Goodwill": -4518000.0,
        "Net Income From Continuing Operation Net Minority Interest": 18248000.0,
        "Reconciled Depreciation": 8429000.0,
        "Reconciled Cost Of Revenue": 105363000.0,
        "EBITDA": 50647000.0,
        "EBIT": 42218000.0,
        "Net Interest Income": -17781000.0,
        "Interest Expense": 17781000.0,
        "Normalized Income": 21621755.53464,
        "Net Income From Continuing And Discontinued Operation": 18248000.0,
        "Total Expenses": 161632000.0,
        "Rent Expense Supplemental": 22268000.0,
        "Diluted Average Shares": 15317000.0,
        "Basic Average Shares": 15308000.0,
        "Diluted EPS": 1.16,
        "Basic EPS": 1.16,
        "Diluted NI Availto Com Stockholders": 17802000.0,
        "Average Dilution Earnings": 0.0,
        "Net Income Common Stockholders": 17802000.0,
        "Otherunder Preferred Stock Dividend": 446000.0,
        "Net Income": 18248000.0,
        "Net Income Including Noncontrolling Interests": 18248000.0,
        "Net Income Continuous Operations": 18248000.0,
        "Tax Provision": 6189000.0,
        "Pretax Income": 24437000.0,
        "Other Income Expense": -4518000.0,
        "Special Income Charges": -4518000.0,
        "Gain On Sale Of Ppe": -2047000.0,
        "Gain On Sale Of Business": -400000.0,
        "Other Special Charges": 1671000.0,
        "Impairment Of Capital Assets": 400000.0,
        "Restructuring And Mergern Acquisition": 847000.0,
        "Net Non Operating Interest Income Expense": -17781000.0,
        "Interest Expense Non Operating": 17781000.0,
        "Operating Income": 46783000.0,
        "Operating Expense": 50559000.0,
        "Depreciation Amortization Depletion Income Statement": 2719000.0,
        "Depreciation And Amortization In Income Statement": 2719000.0,
        "Amortization": 2719000.0,
        "Amortization Of Intangibles Income Statement": 2719000.0,
        "Selling General And Administration": 47840000.0,
        "General And Administrative Expense": 47840000.0,
        "Other Gand A": 47840000.0,
        "Gross Profit": 97342000.0,
        "Cost Of Revenue": 111073000.0,
        "Total Revenue": 208415000.0,
        "Operating Revenue": 208415000.0
    },
    "2022-03-31": {
        "Diluted EPS": 1.45,
        "Total Revenue": 230,
        "Gross Profit": 93,
        "Operating Income": 49,
        "EBIT": 58,
        "Net Income": 24
    },
    "2021-12-31": {
        "Diluted EPS": 1.13,
        "Total Revenue": 230,
        "Gross Profit": 96,
        "Operating Income": 45,
        "EBIT": 55,
        "Net Income": 19
    },
    "2021-09-30": {
        "Diluted EPS": 1.33,
        "Total Revenue": 229,
        "Gross Profit": 95,
        "Operating Income": 48,
        "EBIT": 58,
        "Net Income": 23
    },
    "2021-06-30": {
        "Diluted EPS": 1.69,
        "Total Revenue": 234,
        "Gross Profit": 99,
        "Operating Income": 57,
        "EBIT": 67,
        "Net Income": 29
    },
    "2021-03-31": {
        "Diluted EPS": 1.51,
        "Total Revenue": 204,
        "Gross Profit": 85,
        "Operating Income": 43,
        "EBIT": 53,
        "Net Income": 25
    },
    "2020-12-31": {
        "Diluted EPS": -0.01,
        "Total Revenue": 196,
        "Gross Profit": 67,
        "Operating Income": 25,
        "EBIT": 36,
        "Net Income": -1
    },
    "2020-09-30": {
        "Diluted EPS": 0.6,
        "Total Revenue": 177,
        "Gross Profit": 67,
        "Operating Income": 27,
        "EBIT": 38,
        "Net Income": 10
    },
    "2020-06-30": {
        "Diluted EPS": -8.33,
        "Total Revenue": 110,
        "Gross Profit": 30,
        "Operating Income": -4,
        "EBIT": 7,
        "Net Income": -135
    },
    "2020-03-31": {
        "Diluted EPS": 1.31,
        "Total Revenue": 207,
        "Gross Profit": 84,
        "Operating Income": 44,
        "EBIT": 55,
        "Net Income": 22
    },
    "2019-12-31": {
        "Diluted EPS": 1.58,
        "Total Revenue": 228,
        "Gross Profit": 96,
        "Operating Income": 43,
        "EBIT": 54,
        "Net Income": 26
    },
    "2019-09-30": {
        "Diluted EPS": 1.36,
        "Total Revenue": 217,
        "Gross Profit": 90,
        "Operating Income": 48,
        "EBIT": 59,
        "Net Income": 23
    },
    "2019-06-30": {
        "Diluted EPS": 1.18,
        "Total Revenue": 228,
        "Gross Profit": 95,
        "Operating Income": 53,
        "EBIT": 63,
        "Net Income": 21
    },
    "2019-03-31": {
        "Diluted EPS": 1.73,
        "Total Revenue": 237,
        "Gross Profit": 103,
        "Operating Income": 57,
        "EBIT": 67,
        "Net Income": 31
    },
    "2018-12-31": {
        "Diluted EPS": 1.47,
        "Total Revenue": 214,
        "Gross Profit": 98,
        "Operating Income": 51,
        "EBIT": 59,
        "Net Income": 26
    },
    "2018-09-30": {
        "Diluted EPS": 1.29,
        "Total Revenue": 194,
        "Gross Profit": 93,
        "Operating Income": 49,
        "EBIT": 57,
        "Net Income": 23
    },
    "2018-06-30": {
        "Diluted EPS": 0.69,
        "Total Revenue": 184,
        "Gross Profit": 79,
        "Operating Income": 37,
        "EBIT": 45,
        "Net Income": 12
    },
    "2018-03-31": {
        "Diluted EPS": 0.92,
        "Total Revenue": 188,
        "Gross Profit": 84,
        "Operating Income": 39,
        "EBIT": 47,
        "Net Income": 17
    },
    "2017-12-31": {
        "Diluted EPS": 3.86,
        "Total Revenue": 177,
        "Gross Profit": 69,
        "Operating Income": 27,
        "EBIT": 34,
        "Net Income": 69
    },
    "2017-09-30": {
        "Diluted EPS": -24.91,
        "Total Revenue": 175,
        "Gross Profit": 82,
        "Operating Income": -490,
        "EBIT": -482,
        "Net Income": -442
    },
    "2017-06-30": {
        "Diluted EPS": 1.23,
        "Total Revenue": 189,
        "Gross Profit": 93,
        "Operating Income": 53,
        "EBIT": 61,
        "Net Income": 22
    },
    "2017-03-31": {
        "Diluted EPS": 0.86,
        "Total Revenue": 191,
        "Gross Profit": 94,
        "Operating Income": 41,
        "EBIT": 49,
        "Net Income": 15
    },
    "2016-12-31": {
        "Diluted EPS": 1.34,
        "Total Revenue": 308,
        "Gross Profit": 96,
        "Operating Income": 56,
        "EBIT": 64,
        "Net Income": 24
    },
    "2016-09-30": {
        "Diluted EPS": 1.33,
        "Total Revenue": 156,
        "Gross Profit": 92,
        "Operating Income": 53,
        "EBIT": 61,
        "Net Income": 24
    },
    "2016-06-30": {
        "Diluted EPS": 1.45,
        "Total Revenue": 160,
        "Gross Profit": 97,
        "Operating Income": 58,
        "EBIT": 66,
        "Net Income": 26
    },
    "2016-03-31": {
        "Diluted EPS": 1.37,
        "Total Revenue": 164,
        "Gross Profit": 99,
        "Operating Income": 58,
        "EBIT": 66,
        "Net Income": 25
    },
    "2015-12-31": {
        "Diluted EPS": 1.37,
        "Total Revenue": 171,
        "Gross Profit": 105,
        "Operating Income": 58,
        "EBIT": 66,
        "Net Income": 25
    },
    "2015-09-30": {
        "Diluted EPS": 1.28,
        "Total Revenue": 162,
        "Gross Profit": 97,
        "Operating Income": 53,
        "EBIT": 61,
        "Net Income": 24
    },
    "2015-06-30": {
        "Diluted EPS": 1.4,
        "Total Revenue": 172,
        "Gross Profit": 97,
        "Operating Income": 60,
        "EBIT": 68,
        "Net Income": 27
    },
    "2015-03-31": {
        "Diluted EPS": 1.47,
        "Total Revenue": 176,
        "Gross Profit": 100,
        "Operating Income": 64,
        "EBIT": 71,
        "Net Income": 28
    },
    "2014-12-31": {
        "Diluted EPS": -1.17,
        "Total Revenue": 164,
        "Gross Profit": 92,
        "Operating Income": 46,
        "EBIT": 55,
        "Net Income": -22
    },
    "2014-09-30": {
        "Diluted EPS": 0.99,
        "Total Revenue": 163,
        "Gross Profit": 92,
        "Operating Income": 55,
        "EBIT": 63,
        "Net Income": 19
    },
    "2014-06-30": {
        "Diluted EPS": 1.0,
        "Total Revenue": 161,
        "Gross Profit": 94,
        "Operating Income": 57,
        "EBIT": 65,
        "Net Income": 19
    },
    "2014-03-31": {
        "Diluted EPS": 1.08,
        "Total Revenue": 167,
        "Gross Profit": 97,
        "Operating Income": 60,
        "EBIT": 69,
        "Net Income": 20
    },
    "2013-12-31": {
        "Diluted EPS": 0.93,
        "Total Revenue": 158,
        "Gross Profit": 91,
        "Operating Income": 50,
        "EBIT": 58,
        "Net Income": 18
    },
    "2013-09-30": {
        "Diluted EPS": 0.97,
        "Total Revenue": 161,
        "Gross Profit": 93,
        "Operating Income": 55,
        "EBIT": 64,
        "Net Income": 18
    },
    "2013-06-30": {
        "Diluted EPS": 0.87,
        "Total Revenue": 158,
        "Gross Profit": 91,
        "Operating Income": 52,
        "EBIT": 61,
        "Net Income": 17
    },
    "2013-03-31": {
        "Diluted EPS": 0.93,
        "Total Revenue": 163,
        "Gross Profit": 94,
        "Operating Income": 57,
        "EBIT": 66,
        "Net Income": 18
    },
    "2012-12-31": {
        "Diluted EPS": 0.97,
        "Total Revenue": 159,
        "Gross Profit": 89,
        "Operating Income": 48,
        "EBIT": 57,
        "Net Income": 18
    },
    "2012-09-30": {
        "Diluted EPS": 3.14,
        "Total Revenue": 216,
        "Gross Profit": 96,
        "Operating Income": 45,
        "EBIT": 54,
        "Net Income": 59
    },
    "2012-06-30": {
        "Diluted EPS": 0.88,
        "Total Revenue": 229,
        "Gross Profit": 98,
        "Operating Income": 58,
        "EBIT": 68,
        "Net Income": 16
    },
    "2012-03-31": {
        "Diluted EPS": 1.64,
        "Total Revenue": 246,
        "Gross Profit": 109,
        "Operating Income": 66,
        "EBIT": 76,
        "Net Income": 30
    },
    "2011-12-31": {
        "Diluted EPS": 1.53,
        "Total Revenue": 242,
        "Gross Profit": 96,
        "Operating Income": 52,
        "EBIT": 64,
        "Net Income": 27
    },
    "2011-09-30": {
        "Diluted EPS": 0.85,
        "Total Revenue": 264,
        "Gross Profit": 101,
        "Operating Income": 59,
        "EBIT": 71,
        "Net Income": 16
    },
    "2011-06-30": {
        "Diluted EPS": -0.02,
        "Total Revenue": 268,
        "Gross Profit": 100,
        "Operating Income": 59,
        "EBIT": 72,
        "Net Income": 0
    },
    "2011-03-31": {
        "Diluted EPS": 1.53,
        "Total Revenue": 300,
        "Gross Profit": 111,
        "Operating Income": 70,
        "EBIT": 83,
        "Net Income": 28
    },
    "2010-12-31": {
        "Diluted EPS": -3.35,
        "Total Revenue": 300,
        "Gross Profit": 100,
        "Operating Income": 53,
        "EBIT": 67,
        "Net Income": -58
    },
    "2010-09-30": {
        "Diluted EPS": 0.44,
        "Total Revenue": 336,
        "Gross Profit": 108,
        "Operating Income": 65,
        "EBIT": 80,
        "Net Income": 8
    },
    "2010-06-30": {
        "Diluted EPS": 0.42,
        "Total Revenue": 340,
        "Gross Profit": 107,
        "Operating Income": 67,
        "EBIT": 83,
        "Net Income": 7
    },
    "2010-03-31": {
        "Diluted EPS": 0.75,
        "Total Revenue": 358,
        "Gross Profit": 115,
        "Operating Income": 72,
        "EBIT": 88,
        "Net Income": 13
    },
    "2009-12-31": {
        "Diluted EPS": -2.8,
        "Total Revenue": 356,
        "Gross Profit": 111,
        "Operating Income": 67,
        "EBIT": 84,
        "Net Income": -48
    },
    "2009-09-30": {
        "Diluted EPS": 0.46,
        "Total Revenue": 334,
        "Gross Profit": 105,
        "Operating Income": 66,
        "EBIT": 82,
        "Net Income": 8
    },
    "2009-06-30": {
        "Diluted EPS": 1.09,
        "Total Revenue": 350,
        "Gross Profit": 109,
        "Operating Income": 72,
        "EBIT": 88,
        "Net Income": 19
    },
    "2009-03-31": {
        "Diluted EPS": 1.8,
        "Total Revenue": 376,
        "Gross Profit": 121,
        "Operating Income": 71,
        "EBIT": 87,
        "Net Income": 31
    },
    "2023-09-30": {
        "Tax Effect Of Unusual Items": -515669.0,
        "Tax Rate For Calcs": 0.259,
        "Normalized EBITDA": 54567000.0,
        "Total Unusual Items": -1991000.0,
        "Total Unusual Items Excluding Goodwill": -1991000.0,
        "Net Income From Continuing Operation Net Minority Interest": 18479000.0,
        "Reconciled Depreciation": 8570000.0,
        "Reconciled Cost Of Revenue": 99425000.0,
        "EBITDA": 52576000.0,
        "EBIT": 44006000.0,
        "Net Interest Income": -19059000.0,
        "Interest Expense": 19059000.0,
        "Normalized Income": 19954331.0,
        "Net Income From Continuing And Discontinued Operation": 18479000.0,
        "Total Expenses": 156613000.0,
        "Rent Expense Supplemental": 21734000.0,
        "Diluted Average Shares": 15220000.0,
        "Basic Average Shares": 15217000.0,
        "Diluted EPS": 1.19,
        "Basic EPS": 1.19,
        "Diluted NI Availto Com Stockholders": 18049000.0,
        "Average Dilution Earnings": 1000.0,
        "Net Income Common Stockholders": 18048000.0,
        "Otherunder Preferred Stock Dividend": 431000.0,
        "Net Income": 18479000.0,
        "Net Income Including Noncontrolling Interests": 18479000.0,
        "Net Income Continuous Operations": 18479000.0,
        "Tax Provision": 6468000.0,
        "Pretax Income": 24947000.0,
        "Other Income Expense": -1991000.0,
        "Special Income Charges": -1991000.0,
        "Gain On Sale Of Ppe": -191000.0,
        "Gain On Sale Of Business": -300000.0,
        "Other Special Charges": NaN,
        "Impairment Of Capital Assets": 1500000.0,
        "Restructuring And Mergern Acquisition": NaN,
        "Net Non Operating Interest Income Expense": -19059000.0,
        "Interest Expense Non Operating": 19059000.0,
        "Operating Income": 45971000.0,
        "Operating Expense": 51327000.0,
        "Depreciation Amortization Depletion Income Statement": 2709000.0,
        "Depreciation And Amortization In Income Statement": 2709000.0,
        "Amortization": 2709000.0,
        "Amortization Of Intangibles Income Statement": 2709000.0,
        "Selling General And Administration": 48618000.0,
        "General And Administrative Expense": 48618000.0,
        "Other Gand A": 48618000.0,
        "Gross Profit": 97298000.0,
        "Cost Of Revenue": 105286000.0,
        "Total Revenue": 202584000.0,
        "Operating Revenue": 202584000.0
    },
    "2023-12-31": {
        "Tax Effect Of Unusual Items": -113610.0,
        "Tax Rate For Calcs": 0.21,
        "Normalized EBITDA": 54598000.0,
        "Total Unusual Items": -541000.0,
        "Total Unusual Items Excluding Goodwill": -541000.0,
        "Net Income From Continuing Operation Net Minority Interest": 33039000.0,
        "Reconciled Depreciation": 9409000.0,
        "Reconciled Cost Of Revenue": 101186000.0,
        "EBITDA": 54057000.0,
        "EBIT": 44648000.0,
        "Net Interest Income": -18498000.0,
        "Interest Expense": 18498000.0,
        "Normalized Income": 33466390.0,
        "Net Income From Continuing And Discontinued Operation": 33039000.0,
        "Total Expenses": 161107000.0,
        "Rent Expense Supplemental": 21866000.0,
        "Diluted Average Shares": NaN,
        "Basic Average Shares": NaN,
        "Diluted EPS": NaN,
        "Basic EPS": NaN,
        "Diluted NI Availto Com Stockholders": 32273000.0,
        "Average Dilution Earnings": 0.0,
        "Net Income Common Stockholders": 32273000.0,
        "Otherunder Preferred Stock Dividend": 766000.0,
        "Net Income": 33039000.0,
        "Net Income Including Noncontrolling Interests": 33039000.0,
        "Net Income Continuous Operations": 33039000.0,
        "Tax Provision": -6889000.0,
        "Pretax Income": 26150000.0,
        "Other Income Expense": -541000.0,
        "Special Income Charges": -541000.0,
        "Gain On Sale Of Ppe": -41000.0,
        "Gain On Sale Of Business": -500000.0,
        "Other Special Charges": 0.0,
        "Impairment Of Capital Assets": 0.0,
        "Restructuring And Mergern Acquisition": NaN,
        "Net Non Operating Interest Income Expense": -18498000.0,
        "Interest Expense Non Operating": 18498000.0,
        "Operating Income": 45195000.0,
        "Operating Expense": 53233000.0,
        "Depreciation Amortization Depletion Income Statement": 2721000.0,
        "Depreciation And Amortization In Income Statement": 2721000.0,
        "Amortization": 2721000.0,
        "Amortization Of Intangibles Income Statement": 2721000.0,
        "Selling General And Administration": 50512000.0,
        "General And Administrative Expense": 50512000.0,
        "Other Gand A": 50512000.0,
        "Gross Profit": 98428000.0,
        "Cost Of Revenue": 107874000.0,
        "Total Revenue": 206302000.0,
        "Operating Revenue": 206302000.0
    },
    "2024-03-31": {
        "Tax Effect Of Unusual Items": -108381.0,
        "Tax Rate For Calcs": 0.273,
        "Normalized EBITDA": 52256000.0,
        "Total Unusual Items": -397000.0,
        "Total Unusual Items Excluding Goodwill": -397000.0,
        "Net Income From Continuing Operation Net Minority Interest": 17473000.0,
        "Reconciled Depreciation": 9741000.0,
        "Reconciled Cost Of Revenue": 101792000.0,
        "EBITDA": 51859000.0,
        "EBIT": 42118000.0,
        "Net Interest Income": -18072000.0,
        "Interest Expense": 18072000.0,
        "Normalized Income": 17761619.0,
        "Net Income From Continuing And Discontinued Operation": 17473000.0,
        "Total Expenses": 163720000.0,
        "Rent Expense Supplemental": 21955000.0,
        "Diluted Average Shares": 14980000.0,
        "Basic Average Shares": 14980000.0,
        "Diluted EPS": 1.13,
        "Basic EPS": 1.13,
        "Diluted NI Availto Com Stockholders": 16961000.0,
        "Average Dilution Earnings": 0.0,
        "Net Income Common Stockholders": 16961000.0,
        "Otherunder Preferred Stock Dividend": 512000.0,
        "Net Income": 17473000.0,
        "Net Income Including Noncontrolling Interests": 17473000.0,
        "Net Income Continuous Operations": 17473000.0,
        "Tax Provision": 6573000.0,
        "Pretax Income": 24046000.0,
        "Other Income Expense": -397000.0,
        "Special Income Charges": -397000.0,
        "Gain On Sale Of Ppe": 237000.0,
        "Gain On Sale Of Business": NaN,
        "Other Special Charges": NaN,
        "Impairment Of Capital Assets": 634000.0,
        "Restructuring And Mergern Acquisition": NaN,
        "Net Non Operating Interest Income Expense": -18072000.0,
        "Interest Expense Non Operating": 18072000.0,
        "Operating Income": 42515000.0,
        "Operating Expense": 54909000.0,
        "Depreciation Amortization Depletion Income Statement": 2722000.0,
        "Depreciation And Amortization In Income Statement": 2722000.0,
        "Amortization": 2722000.0,
        "Amortization Of Intangibles Income Statement": 2722000.0,
        "Selling General And Administration": 52187000.0,
        "General And Administrative Expense": 52187000.0,
        "Other Gand A": 52187000.0,
        "Gross Profit": 97424000.0,
        "Cost Of Revenue": 108811000.0,
        "Total Revenue": 206235000.0,
        "Operating Revenue": 206235000.0
    },
    "2024-06-30": {
        "Tax Effect Of Unusual Items": -147838.457597,
        "Tax Rate For Calcs": 0.257558,
        "Normalized EBITDA": 59302000.0,
        "Total Unusual Items": -574000.0,
        "Total Unusual Items Excluding Goodwill": -574000.0,
        "Net Income From Continuing Operation Net Minority Interest": 23182000.0,
        "Reconciled Depreciation": 9654000.0,
        "Reconciled Cost Of Revenue": 100065000.0,
        "EBITDA": 58728000.0,
        "EBIT": 49074000.0,
        "Net Interest Income": -17850000.0,
        "Interest Expense": 17850000.0,
        "Normalized Income": 23608161.542403,
        "Net Income From Continuing And Discontinued Operation": 23182000.0,
        "Total Expenses": 156577000.0,
        "Rent Expense Supplemental": 21650000.0,
        "Diluted Average Shares": 14943000.0,
        "Basic Average Shares": 14943000.0,
        "Diluted EPS": 1.5,
        "Basic EPS": 1.5,
        "Diluted NI Availto Com Stockholders": 22479000.0,
        "Average Dilution Earnings": 0.0,
        "Net Income Common Stockholders": 22479000.0,
        "Otherunder Preferred Stock Dividend": 703000.0,
        "Net Income": 23182000.0,
        "Net Income Including Noncontrolling Interests": 23182000.0,
        "Net Income Continuous Operations": 23182000.0,
        "Tax Provision": 8042000.0,
        "Pretax Income": 31224000.0,
        "Other Income Expense": -574000.0,
        "Special Income Charges": -574000.0,
        "Gain On Sale Of Ppe": -174000.0,
        "Gain On Sale Of Business": -400000.0,
        "Other Special Charges": NaN,
        "Impairment Of Capital Assets": 0.0,
        "Restructuring And Mergern Acquisition": NaN,
        "Net Non Operating Interest Income Expense": -17850000.0,
        "Interest Expense Non Operating": 17850000.0,
        "Operating Income": 49690000.0,
        "Operating Expense": 49581000.0,
        "Depreciation Amortization Depletion Income Statement": 2723000.0,
        "Depreciation And Amortization In Income Statement": 2723000.0,
        "Amortization": 2723000.0,
        "Amortization Of Intangibles Income Statement": 2723000.0,
        "Selling General And Administration": 46858000.0,
        "General And Administrative Expense": 46858000.0,
        "Other Gand A": 46858000.0,
        "Gross Profit": 99271000.0,
        "Cost Of Revenue": 106996000.0,
        "Total Revenue": 206267000.0,
        "Operating Revenue": 206267000.0
    }
}