{
    "2023-03-31": {
        "Tax Effect Of Unusual Items": NaN,
        "Tax Rate For Calcs": NaN,
        "Normalized EBITDA": NaN,
        "Total Unusual Items": NaN,
        "Total Unusual Items Excluding Goodwill": NaN,
        "Net Income From Continuing Operation Net Minority Interest": NaN,
        "Reconciled Depreciation": NaN,
        "Reconciled Cost Of Revenue": NaN,
        "EBITDA": NaN,
        "EBIT": NaN,
        "Net Interest Income": NaN,
        "Interest Expense": NaN,
        "Interest Income": NaN,
        "Normalized Income": NaN,
        "Net Income From Continuing And Discontinued Operation": NaN,
        "Total Expenses": NaN,
        "Total Operating Income As Reported": NaN,
        "Diluted Average Shares": NaN,
        "Basic Average Shares": NaN,
        "Diluted EPS": NaN,
        "Basic EPS": NaN,
        "Diluted NI Availto Com Stockholders": NaN,
        "Net Income Common Stockholders": NaN,
        "Net Income": NaN,
        "Minority Interests": NaN,
        "Net Income Including Noncontrolling Interests": NaN,
        "Net Income Continuous Operations": NaN,
        "Tax Provision": NaN,
        "Pretax Income": NaN,
        "Other Income Expense": NaN,
        "Other Non Operating Income Expenses": NaN,
        "Special Income Charges": NaN,
        "Gain On Sale Of Ppe": 48000.0,
        "Restructuring And Mergern Acquisition": NaN,
        "Gain On Sale Of Security": NaN,
        "Net Non Operating Interest Income Expense": NaN,
        "Interest Expense Non Operating": NaN,
        "Interest Income Non Operating": NaN,
        "Operating Income": NaN,
        "Operating Expense": NaN,
        "Other Operating Expenses": -48000.0,
        "Depreciation Amortization Depletion Income Statement": NaN,
        "Depreciation And Amortization In Income Statement": NaN,
        "Amortization": NaN,
        "Amortization Of Intangibles Income Statement": NaN,
        "Research And Development": NaN,
        "Selling General And Administration": NaN,
        "Gross Profit": NaN,
        "Cost Of Revenue": NaN,
        "Total Revenue": NaN,
        "Operating Revenue": NaN
    },
    "2022-12-31": {
        "Tax Effect Of Unusual Items": 39866.63712,
        "Tax Rate For Calcs": 0.014837,
        "Normalized EBITDA": 129326000.0,
        "Total Unusual Items": 2687000.0,
        "Total Unusual Items Excluding Goodwill": 2687000.0,
        "Net Income From Continuing Operation Net Minority Interest": 92051000.0,
        "Reconciled Depreciation": 34357000.0,
        "Reconciled Cost Of Revenue": 259489000.0,
        "EBITDA": 132013000.0,
        "EBIT": 97656000.0,
        "Net Interest Income": -1769000.0,
        "Interest Expense": 2892000.0,
        "Interest Income": 1123000.0,
        "Normalized Income": 89403866.63712,
        "Net Income From Continuing And Discontinued Operation": 92051000.0,
        "Total Expenses": 403412000.0,
        "Total Operating Income As Reported": 96451000.0,
        "Diluted Average Shares": NaN,
        "Basic Average Shares": NaN,
        "Diluted EPS": NaN,
        "Basic EPS": NaN,
        "Diluted NI Availto Com Stockholders": 92051000.0,
        "Net Income Common Stockholders": 92051000.0,
        "Net Income": 92051000.0,
        "Minority Interests": -1307000.0,
        "Net Income Including Noncontrolling Interests": 93358000.0,
        "Net Income Continuous Operations": 93358000.0,
        "Tax Provision": 1406000.0,
        "Pretax Income": 94764000.0,
        "Other Income Expense": 3733000.0,
        "Other Non Operating Income Expenses": 1046000.0,
        "Special Income Charges": NaN,
        "Restructuring And Mergern Acquisition": NaN,
        "Gain On Sale Of Security": -964000.0,
        "Net Non Operating Interest Income Expense": -1769000.0,
        "Interest Expense Non Operating": 2892000.0,
        "Interest Income Non Operating": 1123000.0,
        "Operating Income": 92800000.0,
        "Operating Expense": 113396000.0,
        "Other Operating Expenses": 3654000.0,
        "Depreciation Amortization Depletion Income Statement": 3830000.0,
        "Depreciation And Amortization In Income Statement": 3830000.0,
        "Amortization": 3830000.0,
        "Amortization Of Intangibles Income Statement": 3830000.0,
        "Research And Development": 34090000.0,
        "Selling General And Administration": 71822000.0,
        "Gross Profit": 206196000.0,
        "Cost Of Revenue": 290016000.0,
        "Total Revenue": 496212000.0,
        "Operating Revenue": 496212000.0
    },
    "2022-09-30": {
        "Tax Effect Of Unusual Items": NaN,
        "Tax Rate For Calcs": NaN,
        "Normalized EBITDA": NaN,
        "Total Unusual Items": NaN,
        "Total Unusual Items Excluding Goodwill": NaN,
        "Net Income From Continuing Operation Net Minority Interest": NaN,
        "Reconciled Depreciation": NaN,
        "Reconciled Cost Of Revenue": NaN,
        "EBITDA": NaN,
        "EBIT": NaN,
        "Net Interest Income": NaN,
        "Interest Expense": NaN,
        "Interest Income": NaN,
        "Normalized Income": NaN,
        "Net Income From Continuing And Discontinued Operation": NaN,
        "Total Expenses": NaN,
        "Total Operating Income As Reported": NaN,
        "Diluted Average Shares": NaN,
        "Basic Average Shares": NaN,
        "Diluted EPS": NaN,
        "Basic EPS": NaN,
        "Diluted NI Availto Com Stockholders": NaN,
        "Net Income Common Stockholders": NaN,
        "Net Income": NaN,
        "Minority Interests": NaN,
        "Net Income Including Noncontrolling Interests": NaN,
        "Net Income Continuous Operations": NaN,
        "Tax Provision": NaN,
        "Pretax Income": NaN,
        "Other Income Expense": NaN,
        "Other Non Operating Income Expenses": NaN,
        "Special Income Charges": 0.0,
        "Gain On Sale Of Ppe": NaN,
        "Restructuring And Mergern Acquisition": 0.0,
        "Gain On Sale Of Security": NaN,
        "Net Non Operating Interest Income Expense": NaN,
        "Interest Expense Non Operating": NaN,
        "Interest Income Non Operating": NaN,
        "Operating Income": NaN,
        "Operating Expense": NaN,
        "Other Operating Expenses": NaN,
        "Depreciation Amortization Depletion Income Statement": NaN,
        "Depreciation And Amortization In Income Statement": NaN,
        "Amortization": NaN,
        "Amortization Of Intangibles Income Statement": NaN,
        "Research And Development": NaN,
        "Selling General And Administration": NaN,
        "Gross Profit": NaN,
        "Cost Of Revenue": NaN,
        "Total Revenue": NaN,
        "Operating Revenue": NaN
    },
    "2022-06-30": {
        "Tax Effect Of Unusual Items": -1081990.0,
        "Tax Rate For Calcs": 0.182,
        "Normalized EBITDA": 140044000.0,
        "Total Unusual Items": -5945000.0,
        "Total Unusual Items Excluding Goodwill": -5945000.0,
        "Net Income From Continuing Operation Net Minority Interest": 80155000.0,
        "Reconciled Depreciation": 31298000.0,
        "Reconciled Cost Of Revenue": 267128000.0,
        "EBITDA": 134099000.0,
        "EBIT": 102801000.0,
        "Net Interest Income": -729000.0,
        "Interest Expense": 1590000.0,
        "Interest Income": 861000.0,
        "Normalized Income": 85018010.0,
        "Net Income From Continuing And Discontinued Operation": 80155000.0,
        "Total Expenses": 394734000.0,
        "Total Operating Income As Reported": 106238000.0,
        "Diluted Average Shares": 45841000.0,
        "Basic Average Shares": 45265000.0,
        "Diluted EPS": 1.75,
        "Basic EPS": 1.77,
        "Diluted NI Availto Com Stockholders": 80155000.0,
        "Net Income Common Stockholders": 80155000.0,
        "Net Income": 80155000.0,
        "Minority Interests": -2595000.0,
        "Net Income Including Noncontrolling Interests": 82750000.0,
        "Net Income Continuous Operations": 82750000.0,
        "Tax Provision": 18461000.0,
        "Pretax Income": 101211000.0,
        "Other Income Expense": -4298000.0,
        "Other Non Operating Income Expenses": 1647000.0,
        "Gain On Sale Of Security": -5945000.0,
        "Net Non Operating Interest Income Expense": -729000.0,
        "Interest Expense Non Operating": 1590000.0,
        "Interest Income Non Operating": 861000.0,
        "Operating Income": 106238000.0,
        "Operating Expense": 100288000.0,
        "Other Operating Expenses": -3521000.0,
        "Depreciation Amortization Depletion Income Statement": 3980000.0,
        "Depreciation And Amortization In Income Statement": 3980000.0,
        "Amortization": 3980000.0,
        "Amortization Of Intangibles Income Statement": 3980000.0,
        "Research And Development": 30762000.0,
        "Selling General And Administration": 69067000.0,
        "Gross Profit": 206526000.0,
        "Cost Of Revenue": 294446000.0,
        "Total Revenue": 500972000.0,
        "Operating Revenue": 500972000.0
    },
    "2022-03-31": {
        "Diluted EPS": 1.59,
        "Total Revenue": 482,
        "Gross Profit": 197,
        "Operating Income": 93,
        "EBIT": 122,
        "Net Income": 73
    },
    "2021-12-31": {
        "Diluted EPS": 1.41,
        "Total Revenue": 480,
        "Gross Profit": 191,
        "Operating Income": 86,
        "EBIT": 117,
        "Net Income": 66
    },
    "2021-09-30": {
        "Diluted EPS": 1.5,
        "Total Revenue": 471,
        "Gross Profit": 181,
        "Operating Income": 77,
        "EBIT": 108,
        "Net Income": 68
    },
    "2021-06-30": {
        "Diluted EPS": 1.22,
        "Total Revenue": 440,
        "Gross Profit": 160,
        "Operating Income": 65,
        "EBIT": 96,
        "Net Income": 55
    },
    "2021-03-31": {
        "Diluted EPS": 0.87,
        "Total Revenue": 413,
        "Gross Profit": 139,
        "Operating Income": 47,
        "EBIT": 78,
        "Net Income": 39
    },
    "2020-12-31": {
        "Diluted EPS": 0.59,
        "Total Revenue": 350,
        "Gross Profit": 123,
        "Operating Income": 40,
        "EBIT": 69,
        "Net Income": 30
    },
    "2020-09-30": {
        "Diluted EPS": 0.51,
        "Total Revenue": 309,
        "Gross Profit": 111,
        "Operating Income": 38,
        "EBIT": 64,
        "Net Income": 27
    },
    "2020-06-30": {
        "Diluted EPS": 0.4,
        "Total Revenue": 289,
        "Gross Profit": 101,
        "Operating Income": 31,
        "EBIT": 58,
        "Net Income": 21
    },
    "2020-03-31": {
        "Diluted EPS": 0.38,
        "Total Revenue": 281,
        "Gross Profit": 96,
        "Operating Income": 26,
        "EBIT": 53,
        "Net Income": 20
    },
    "2019-12-31": {
        "Diluted EPS": 0.91,
        "Total Revenue": 301,
        "Gross Profit": 109,
        "Operating Income": 61,
        "EBIT": 89,
        "Net Income": 47
    },
    "2019-09-30": {
        "Diluted EPS": 0.73,
        "Total Revenue": 324,
        "Gross Profit": 122,
        "Operating Income": 49,
        "EBIT": 76,
        "Net Income": 38
    },
    "2019-06-30": {
        "Diluted EPS": 0.7,
        "Total Revenue": 322,
        "Gross Profit": 122,
        "Operating Income": 49,
        "EBIT": 76,
        "Net Income": 36
    },
    "2019-03-31": {
        "Diluted EPS": 0.62,
        "Total Revenue": 302,
        "Gross Profit": 112,
        "Operating Income": 42,
        "EBIT": 69,
        "Net Income": 32
    },
    "2018-12-31": {
        "Diluted EPS": 0.57,
        "Total Revenue": 314,
        "Gross Profit": 114,
        "Operating Income": 44,
        "EBIT": 72,
        "Net Income": 30
    },
    "2018-09-30": {
        "Diluted EPS": 0.61,
        "Total Revenue": 321,
        "Gross Profit": 115,
        "Operating Income": 46,
        "EBIT": 46,
        "Net Income": 31
    },
    "2018-06-30": {
        "Diluted EPS": 0.49,
        "Total Revenue": 304,
        "Gross Profit": 107,
        "Operating Income": 38,
        "EBIT": 38,
        "Net Income": 25
    },
    "2018-03-31": {
        "Diluted EPS": 0.37,
        "Total Revenue": 275,
        "Gross Profit": 99,
        "Operating Income": 27,
        "EBIT": 27,
        "Net Income": 19
    },
    "2017-12-31": {
        "Diluted EPS": -0.61,
        "Total Revenue": 268,
        "Gross Profit": 96,
        "Operating Income": 23,
        "EBIT": 23,
        "Net Income": -31
    },
    "2017-09-30": {
        "Diluted EPS": 0.29,
        "Total Revenue": 285,
        "Gross Profit": 96,
        "Operating Income": 24,
        "EBIT": 24,
        "Net Income": 14
    },
    "2017-06-30": {
        "Diluted EPS": 0.26,
        "Total Revenue": 264,
        "Gross Profit": 90,
        "Operating Income": 24,
        "EBIT": 24,
        "Net Income": 13
    },
    "2017-03-31": {
        "Diluted EPS": 0.02,
        "Total Revenue": 236,
        "Gross Profit": 74,
        "Operating Income": 9,
        "EBIT": 9,
        "Net Income": 1
    },
    "2016-12-31": {
        "Diluted EPS": 0.03,
        "Total Revenue": 232,
        "Gross Profit": 67,
        "Operating Income": 5,
        "EBIT": 5,
        "Net Income": 1
    },
    "2016-09-30": {
        "Diluted EPS": 0.21,
        "Total Revenue": 251,
        "Gross Profit": 81,
        "Operating Income": 20,
        "EBIT": 20,
        "Net Income": 11
    },
    "2016-06-30": {
        "Diluted EPS": 0.12,
        "Total Revenue": 237,
        "Gross Profit": 75,
        "Operating Income": 11,
        "EBIT": 11,
        "Net Income": 6
    },
    "2016-03-31": {
        "Diluted EPS": -0.04,
        "Total Revenue": 223,
        "Gross Profit": 64,
        "Operating Income": 1,
        "EBIT": 1,
        "Net Income": -2
    },
    "2015-12-31": {
        "Diluted EPS": -0.11,
        "Total Revenue": 214,
        "Gross Profit": 54,
        "Operating Income": -7,
        "EBIT": -7,
        "Net Income": -5
    },
    "2015-09-30": {
        "Diluted EPS": 0.06,
        "Total Revenue": 209,
        "Gross Profit": 62,
        "Operating Income": 10,
        "EBIT": 10,
        "Net Income": 3
    },
    "2015-06-30": {
        "Diluted EPS": 0.31,
        "Total Revenue": 219,
        "Gross Profit": 69,
        "Operating Income": 22,
        "EBIT": 22,
        "Net Income": 15
    },
    "2015-03-31": {
        "Diluted EPS": 0.23,
        "Total Revenue": 206,
        "Gross Profit": 64,
        "Operating Income": 17,
        "EBIT": 17,
        "Net Income": 11
    },
    "2014-12-31": {
        "Diluted EPS": 0.34,
        "Total Revenue": 224,
        "Gross Profit": 71,
        "Operating Income": 22,
        "EBIT": 22,
        "Net Income": 17
    },
    "2014-09-30": {
        "Diluted EPS": 0.4,
        "Total Revenue": 234,
        "Gross Profit": 75,
        "Operating Income": 25,
        "EBIT": 25,
        "Net Income": 19
    },
    "2014-06-30": {
        "Diluted EPS": 0.36,
        "Total Revenue": 223,
        "Gross Profit": 70,
        "Operating Income": 23,
        "EBIT": 23,
        "Net Income": 17
    },
    "2014-03-31": {
        "Diluted EPS": 0.21,
        "Total Revenue": 210,
        "Gross Profit": 62,
        "Operating Income": 14,
        "EBIT": 14,
        "Net Income": 10
    },
    "2013-12-31": {
        "Diluted EPS": 0.14,
        "Total Revenue": 211,
        "Gross Profit": 61,
        "Operating Income": 8,
        "EBIT": 8,
        "Net Income": 6
    },
    "2013-09-30": {
        "Diluted EPS": 0.28,
        "Total Revenue": 225,
        "Gross Profit": 70,
        "Operating Income": 20,
        "EBIT": 20,
        "Net Income": 14
    },
    "2013-06-30": {
        "Diluted EPS": 0.18,
        "Total Revenue": 214,
        "Gross Profit": 61,
        "Operating Income": 10,
        "EBIT": 10,
        "Net Income": 9
    },
    "2013-03-31": {
        "Diluted EPS": -0.04,
        "Total Revenue": 177,
        "Gross Profit": 46,
        "Operating Income": 4,
        "EBIT": 4,
        "Net Income": -2
    },
    "2012-12-31": {
        "Diluted EPS": 0.09,
        "Total Revenue": 163,
        "Gross Profit": 43,
        "Operating Income": 4,
        "EBIT": 4,
        "Net Income": 4
    },
    "2012-09-30": {
        "Diluted EPS": 0.18,
        "Total Revenue": 167,
        "Gross Profit": 44,
        "Operating Income": 8,
        "EBIT": 8,
        "Net Income": 9
    },
    "2012-06-30": {
        "Diluted EPS": 0.14,
        "Total Revenue": 159,
        "Gross Profit": 41,
        "Operating Income": 8,
        "EBIT": 8,
        "Net Income": 7
    },
    "2012-03-31": {
        "Diluted EPS": 0.1,
        "Total Revenue": 145,
        "Gross Profit": 34,
        "Operating Income": 6,
        "EBIT": 6,
        "Net Income": 5
    },
    "2011-12-31": {
        "Diluted EPS": 0.08,
        "Total Revenue": 143,
        "Gross Profit": 35,
        "Operating Income": 5,
        "EBIT": 5,
        "Net Income": 3
    },
    "2011-09-30": {
        "Diluted EPS": 0.21,
        "Total Revenue": 161,
        "Gross Profit": 45,
        "Operating Income": 13,
        "EBIT": 13,
        "Net Income": 10
    },
    "2011-06-30": {
        "Diluted EPS": 0.38,
        "Total Revenue": 170,
        "Gross Profit": 56,
        "Operating Income": 25,
        "EBIT": 25,
        "Net Income": 18
    },
    "2011-03-31": {
        "Diluted EPS": 0.42,
        "Total Revenue": 162,
        "Gross Profit": 57,
        "Operating Income": 28,
        "EBIT": 28,
        "Net Income": 20
    },
    "2010-12-31": {
        "Diluted EPS": 0.52,
        "Total Revenue": 164,
        "Gross Profit": 63,
        "Operating Income": 32,
        "EBIT": 32,
        "Net Income": 24
    },
    "2010-09-30": {
        "Diluted EPS": 0.46,
        "Total Revenue": 163,
        "Gross Profit": 61,
        "Operating Income": 30,
        "EBIT": 30,
        "Net Income": 21
    },
    "2010-06-30": {
        "Diluted EPS": 0.37,
        "Total Revenue": 149,
        "Gross Profit": 53,
        "Operating Income": 24,
        "EBIT": 24,
        "Net Income": 17
    },
    "2010-03-31": {
        "Diluted EPS": 0.33,
        "Total Revenue": 137,
        "Gross Profit": 48,
        "Operating Income": 19,
        "EBIT": 19,
        "Net Income": 15
    },
    "2009-12-31": {
        "Diluted EPS": 0.34,
        "Total Revenue": 130,
        "Gross Profit": 42,
        "Operating Income": 14,
        "EBIT": 28,
        "Net Income": 14
    },
    "2009-09-30": {
        "Diluted EPS": 0.16,
        "Total Revenue": 122,
        "Gross Profit": 38,
        "Operating Income": 11,
        "EBIT": 25,
        "Net Income": 7
    },
    "2009-06-30": {
        "Diluted EPS": -0.07,
        "Total Revenue": 104,
        "Gross Profit": 27,
        "Operating Income": 6,
        "EBIT": 20,
        "Net Income": -3
    },
    "2009-03-31": {
        "Diluted EPS": -0.26,
        "Total Revenue": 78,
        "Gross Profit": 14,
        "Operating Income": -8,
        "EBIT": 6,
        "Net Income": -11
    },
    "2023-06-30": {
        "Tax Effect Of Unusual Items": NaN,
        "Tax Rate For Calcs": NaN,
        "Normalized EBITDA": NaN,
        "Total Unusual Items": NaN,
        "Total Unusual Items Excluding Goodwill": NaN,
        "Net Income From Continuing Operation Net Minority Interest": NaN,
        "Reconciled Depreciation": NaN,
        "Reconciled Cost Of Revenue": NaN,
        "EBITDA": NaN,
        "EBIT": NaN,
        "Net Interest Income": NaN,
        "Interest Expense": NaN,
        "Interest Income": NaN,
        "Normalized Income": NaN,
        "Net Income From Continuing And Discontinued Operation": NaN,
        "Total Expenses": NaN,
        "Total Operating Income As Reported": NaN,
        "Diluted Average Shares": NaN,
        "Basic Average Shares": NaN,
        "Diluted EPS": NaN,
        "Basic EPS": NaN,
        "Diluted NI Availto Com Stockholders": NaN,
        "Net Income Common Stockholders": NaN,
        "Net Income": NaN,
        "Minority Interests": NaN,
        "Net Income Including Noncontrolling Interests": NaN,
        "Net Income Continuous Operations": NaN,
        "Tax Provision": NaN,
        "Pretax Income": NaN,
        "Other Income Expense": NaN,
        "Other Non Operating Income Expenses": NaN,
        "Special Income Charges": NaN,
        "Gain On Sale Of Ppe": 105000.0,
        "Restructuring And Mergern Acquisition": 0.0,
        "Gain On Sale Of Security": NaN,
        "Net Non Operating Interest Income Expense": NaN,
        "Interest Expense Non Operating": NaN,
        "Interest Income Non Operating": NaN,
        "Operating Income": NaN,
        "Operating Expense": NaN,
        "Other Operating Expenses": -13000.0,
        "Depreciation Amortization Depletion Income Statement": NaN,
        "Depreciation And Amortization In Income Statement": NaN,
        "Amortization": NaN,
        "Amortization Of Intangibles Income Statement": NaN,
        "Research And Development": NaN,
        "Selling General And Administration": NaN,
        "Gross Profit": NaN,
        "Cost Of Revenue": NaN,
        "Total Revenue": NaN,
        "Operating Revenue": NaN
    },
    "2023-09-30": {
        "Tax Effect Of Unusual Items": -150124.349249,
        "Tax Rate For Calcs": 0.176409,
        "Normalized EBITDA": 97073000.0,
        "Total Unusual Items": -851000.0,
        "Total Unusual Items Excluding Goodwill": -851000.0,
        "Net Income From Continuing Operation Net Minority Interest": 48720000.0,
        "Reconciled Depreciation": 34817000.0,
        "Reconciled Cost Of Revenue": 217762000.0,
        "EBITDA": 96222000.0,
        "EBIT": 61405000.0,
        "Net Interest Income": 3609000.0,
        "Interest Expense": 898000.0,
        "Interest Income": 4507000.0,
        "Normalized Income": 49420875.650751,
        "Net Income From Continuing And Discontinued Operation": 48720000.0,
        "Total Expenses": 348207000.0,
        "Total Operating Income As Reported": 53874000.0,
        "Diluted Average Shares": 46320000.0,
        "Basic Average Shares": 45936000.0,
        "Diluted EPS": 1.05,
        "Basic EPS": 1.06,
        "Diluted NI Availto Com Stockholders": 48720000.0,
        "Net Income Common Stockholders": 48720000.0,
        "Net Income": 48720000.0,
        "Minority Interests": -1113000.0,
        "Net Income Including Noncontrolling Interests": 49833000.0,
        "Net Income Continuous Operations": 49833000.0,
        "Tax Provision": 10674000.0,
        "Pretax Income": 60507000.0,
        "Other Income Expense": 458000.0,
        "Other Non Operating Income Expenses": 1309000.0,
        "Special Income Charges": -2566000.0,
        "Gain On Sale Of Ppe": 0.0,
        "Restructuring And Mergern Acquisition": 2566000.0,
        "Gain On Sale Of Security": 1715000.0,
        "Net Non Operating Interest Income Expense": 3609000.0,
        "Interest Expense Non Operating": 898000.0,
        "Interest Income Non Operating": 4507000.0,
        "Operating Income": 56440000.0,
        "Operating Expense": 99436000.0,
        "Other Operating Expenses": -1404000.0,
        "Depreciation Amortization Depletion Income Statement": 3808000.0,
        "Depreciation And Amortization In Income Statement": 3808000.0,
        "Amortization": 3808000.0,
        "Amortization Of Intangibles Income Statement": 3808000.0,
        "Research And Development": 34068000.0,
        "Selling General And Administration": 62964000.0,
        "Gross Profit": 155876000.0,
        "Cost Of Revenue": 248771000.0,
        "Total Revenue": 404647000.0,
        "Operating Revenue": 404647000.0
    },
    "2023-12-31": {
        "Tax Effect Of Unusual Items": 235074.790157,
        "Tax Rate For Calcs": 0.099397,
        "Normalized EBITDA": 60628000.0,
        "Total Unusual Items": 2365000.0,
        "Total Unusual Items Excluding Goodwill": 2365000.0,
        "Net Income From Continuing Operation Net Minority Interest": 25292000.0,
        "Reconciled Depreciation": 34634000.0,
        "Reconciled Cost Of Revenue": 179395000.0,
        "EBITDA": 62993000.0,
        "EBIT": 28359000.0,
        "Net Interest Income": 4354000.0,
        "Interest Expense": 481000.0,
        "Interest Income": 4835000.0,
        "Normalized Income": 23162074.790157,
        "Net Income From Continuing And Discontinued Operation": 25292000.0,
        "Total Expenses": 305024000.0,
        "Total Operating Income As Reported": 20703000.0,
        "Diluted Average Shares": 46245000.0,
        "Basic Average Shares": 45938000.0,
        "Diluted EPS": 0.55,
        "Basic EPS": 0.55,
        "Diluted NI Availto Com Stockholders": 25292000.0,
        "Net Income Common Stockholders": 25292000.0,
        "Net Income": 25292000.0,
        "Minority Interests": 185000.0,
        "Net Income Including Noncontrolling Interests": 25107000.0,
        "Net Income Continuous Operations": 25107000.0,
        "Tax Provision": 2771000.0,
        "Pretax Income": 27878000.0,
        "Other Income Expense": 5849000.0,
        "Other Non Operating Income Expenses": 3484000.0,
        "Special Income Charges": 3028000.0,
        "Gain On Sale Of Ppe": NaN,
        "Restructuring And Mergern Acquisition": -983000.0,
        "Gain On Sale Of Security": -663000.0,
        "Net Non Operating Interest Income Expense": 4354000.0,
        "Interest Expense Non Operating": 481000.0,
        "Interest Income Non Operating": 4835000.0,
        "Operating Income": 17675000.0,
        "Operating Expense": 94801000.0,
        "Other Operating Expenses": 1554000.0,
        "Depreciation Amortization Depletion Income Statement": 3806000.0,
        "Depreciation And Amortization In Income Statement": 3806000.0,
        "Amortization": 3806000.0,
        "Amortization Of Intangibles Income Statement": 3806000.0,
        "Research And Development": 32957000.0,
        "Selling General And Administration": 56484000.0,
        "Gross Profit": 112476000.0,
        "Cost Of Revenue": 210223000.0,
        "Total Revenue": 322699000.0,
        "Operating Revenue": 322699000.0
    },
    "2024-03-31": {
        "Tax Effect Of Unusual Items": 1168232.0,
        "Tax Rate For Calcs": 0.188,
        "Normalized EBITDA": 47965000.0,
        "Total Unusual Items": 6214000.0,
        "Total Unusual Items Excluding Goodwill": 6214000.0,
        "Net Income From Continuing Operation Net Minority Interest": 14038000.0,
        "Reconciled Depreciation": 34841000.0,
        "Reconciled Cost Of Revenue": 171357000.0,
        "EBITDA": 54179000.0,
        "EBIT": 19338000.0,
        "Net Interest Income": 4082000.0,
        "Interest Expense": 532000.0,
        "Interest Income": 4614000.0,
        "Normalized Income": 8992232.0,
        "Net Income From Continuing And Discontinued Operation": 14038000.0,
        "Total Expenses": 293896000.0,
        "Total Operating Income As Reported": 12948000.0,
        "Diluted Average Shares": 46285000.0,
        "Basic Average Shares": 46032000.0,
        "Diluted EPS": 0.3,
        "Basic EPS": 0.3,
        "Diluted NI Availto Com Stockholders": 14038000.0,
        "Net Income Common Stockholders": 14038000.0,
        "Net Income": 14038000.0,
        "Minority Interests": -1231000.0,
        "Net Income Including Noncontrolling Interests": 15269000.0,
        "Net Income Continuous Operations": 15269000.0,
        "Tax Provision": 3537000.0,
        "Pretax Income": 18806000.0,
        "Other Income Expense": 6648000.0,
        "Other Non Operating Income Expenses": 434000.0,
        "Special Income Charges": 4872000.0,
        "Gain On Sale Of Ppe": 4872000.0,
        "Restructuring And Mergern Acquisition": NaN,
        "Gain On Sale Of Security": 1342000.0,
        "Net Non Operating Interest Income Expense": 4082000.0,
        "Interest Expense Non Operating": 532000.0,
        "Interest Income Non Operating": 4614000.0,
        "Operating Income": 8076000.0,
        "Operating Expense": 91508000.0,
        "Other Operating Expenses": -1000.0,
        "Depreciation Amortization Depletion Income Statement": 3810000.0,
        "Depreciation And Amortization In Income Statement": 3810000.0,
        "Amortization": 3810000.0,
        "Amortization Of Intangibles Income Statement": 3810000.0,
        "Research And Development": 33964000.0,
        "Selling General And Administration": 53735000.0,
        "Gross Profit": 99584000.0,
        "Cost Of Revenue": 202388000.0,
        "Total Revenue": 301972000.0,
        "Operating Revenue": 301972000.0
    },
    "2024-06-30": {
        "Tax Effect Of Unusual Items": -621914.0,
        "Tax Rate For Calcs": 0.206,
        "Normalized EBITDA": 50459000.0,
        "Total Unusual Items": -3019000.0,
        "Total Unusual Items Excluding Goodwill": -3019000.0,
        "Net Income From Continuing Operation Net Minority Interest": 8000000.0,
        "Reconciled Depreciation": 33784000.0,
        "Reconciled Cost Of Revenue": 182455000.0,
        "EBITDA": 47440000.0,
        "EBIT": 13656000.0,
        "Net Interest Income": 3385000.0,
        "Interest Expense": 852000.0,
        "Interest Income": 4237000.0,
        "Normalized Income": 10397086.0,
        "Net Income From Continuing And Discontinued Operation": 8000000.0,
        "Total Expenses": 307895000.0,
        "Total Operating Income As Reported": 3708000.0,
        "Diluted Average Shares": 46324000.0,
        "Basic Average Shares": 46133000.0,
        "Diluted EPS": 0.17,
        "Basic EPS": 0.17,
        "Diluted NI Availto Com Stockholders": 8000000.0,
        "Net Income Common Stockholders": 8000000.0,
        "Net Income": 8000000.0,
        "Minority Interests": -2161000.0,
        "Net Income Including Noncontrolling Interests": 10161000.0,
        "Net Income Continuous Operations": 10161000.0,
        "Tax Provision": 2643000.0,
        "Pretax Income": 12804000.0,
        "Other Income Expense": -2457000.0,
        "Other Non Operating Income Expenses": 562000.0,
        "Special Income Charges": -8168000.0,
        "Gain On Sale Of Ppe": 82000.0,
        "Restructuring And Mergern Acquisition": 8250000.0,
        "Gain On Sale Of Security": 5149000.0,
        "Net Non Operating Interest Income Expense": 3385000.0,
        "Interest Expense Non Operating": 852000.0,
        "Interest Income Non Operating": 4237000.0,
        "Operating Income": 11876000.0,
        "Operating Expense": 95510000.0,
        "Other Operating Expenses": NaN,
        "Depreciation Amortization Depletion Income Statement": 3854000.0,
        "Depreciation And Amortization In Income Statement": 3854000.0,
        "Amortization": 3854000.0,
        "Amortization Of Intangibles Income Statement": 3854000.0,
        "Research And Development": 33189000.0,
        "Selling General And Administration": 58467000.0,
        "Gross Profit": 107386000.0,
        "Cost Of Revenue": 212385000.0,
        "Total Revenue": 319771000.0,
        "Operating Revenue": 319771000.0
    },
    "2024-09-30": {
        "Tax Effect Of Unusual Items": -1357173.119881,
        "Tax Rate For Calcs": 0.19248,
        "Normalized EBITDA": 59943000.0,
        "Total Unusual Items": -7051000.0,
        "Total Unusual Items Excluding Goodwill": -7051000.0,
        "Net Income From Continuing Operation Net Minority Interest": 13745000.0,
        "Reconciled Depreciation": 33634000.0,
        "Reconciled Cost Of Revenue": 202270000.0,
        "EBITDA": 52892000.0,
        "EBIT": 19258000.0,
        "Net Interest Income": 4076000.0,
        "Interest Expense": 456000.0,
        "Interest Income": 4532000.0,
        "Normalized Income": 19438826.880119,
        "Net Income From Continuing And Discontinued Operation": 13745000.0,
        "Total Expenses": 328984000.0,
        "Total Operating Income As Reported": 21877000.0,
        "Diluted Average Shares": 46442000.0,
        "Basic Average Shares": 46331000.0,
        "Diluted EPS": 0.3,
        "Basic EPS": 0.3,
        "Diluted NI Availto Com Stockholders": 13745000.0,
        "Net Income Common Stockholders": 13745000.0,
        "Net Income": 13745000.0,
        "Minority Interests": -1438000.0,
        "Net Income Including Noncontrolling Interests": 15183000.0,
        "Net Income Continuous Operations": 15183000.0,
        "Tax Provision": 3619000.0,
        "Pretax Income": 18802000.0,
        "Other Income Expense": -6369000.0,
        "Other Non Operating Income Expenses": 682000.0,
        "Special Income Charges": 782000.0,
        "Gain On Sale Of Ppe": 571000.0,
        "Restructuring And Mergern Acquisition": -211000.0,
        "Gain On Sale Of Security": -7833000.0,
        "Net Non Operating Interest Income Expense": 4076000.0,
        "Interest Expense Non Operating": 456000.0,
        "Interest Income Non Operating": 4532000.0,
        "Operating Income": 21095000.0,
        "Operating Expense": 96913000.0,
        "Other Operating Expenses": 1000.0,
        "Depreciation Amortization Depletion Income Statement": 3833000.0,
        "Depreciation And Amortization In Income Statement": 3833000.0,
        "Amortization": 3833000.0,
        "Amortization Of Intangibles Income Statement": 3833000.0,
        "Research And Development": 33691000.0,
        "Selling General And Administration": 59388000.0,
        "Gross Profit": 118008000.0,
        "Cost Of Revenue": 232071000.0,
        "Total Revenue": 350079000.0,
        "Operating Revenue": 350079000.0
    }
}