{
    "2023-03-31": {
        "Tax Effect Of Unusual Items": 0.0,
        "Tax Rate For Calcs": 0.0,
        "Normalized EBITDA": -1802990.0,
        "Total Unusual Items": 863788.0,
        "Total Unusual Items Excluding Goodwill": 863788.0,
        "Net Income From Continuing Operation Net Minority Interest": -75414.0,
        "EBITDA": -939202.0,
        "EBIT": -939202.0,
        "Normalized Income": -939202.0,
        "Net Income From Continuing And Discontinued Operation": -75414.0,
        "Total Expenses": 939202.0,
        "Total Operating Income As Reported": -939202.0,
        "Diluted Average Shares": 23485509.0,
        "Basic Average Shares": 6875000.0,
        "Diluted EPS": -0.010969,
        "Basic EPS": -0.010969,
        "Diluted NI Availto Com Stockholders": -75414.0,
        "Net Income Common Stockholders": -75414.0,
        "Net Income": -75414.0,
        "Net Income Including Noncontrolling Interests": -75414.0,
        "Net Income Continuous Operations": -75414.0,
        "Pretax Income": -75414.0,
        "Other Income Expense": 863788.0,
        "Gain On Sale Of Security": 863788.0,
        "Operating Income": -939202.0,
        "Operating Expense": 939202.0,
        "Other Operating Expenses": 939202.0,
        "Selling General And Administration": NaN,
        "General And Administrative Expense": NaN,
        "Other Gand A": NaN,
        "Total Revenue": 0.0,
        "Operating Revenue": 0.0
    },
    "2022-12-31": {
        "Tax Effect Of Unusual Items": 1138879.2,
        "Tax Rate For Calcs": 0.4,
        "Normalized EBITDA": -3342349.0,
        "Total Unusual Items": 2847198.0,
        "Total Unusual Items Excluding Goodwill": 2847198.0,
        "Net Income From Continuing Operation Net Minority Interest": 2352047.0,
        "EBITDA": -495151.0,
        "EBIT": -495151.0,
        "Normalized Income": 643728.2,
        "Net Income From Continuing And Discontinued Operation": 2352047.0,
        "Total Expenses": 495151.0,
        "Total Operating Income As Reported": -495151.0,
        "Diluted Average Shares": 34375000.0,
        "Basic Average Shares": 6875000.0,
        "Diluted EPS": -1.242465,
        "Basic EPS": -1.242465,
        "Diluted NI Availto Com Stockholders": 2352047.0,
        "Net Income Common Stockholders": 2352047.0,
        "Net Income": 2352047.0,
        "Net Income Including Noncontrolling Interests": 2352047.0,
        "Net Income Continuous Operations": 2352047.0,
        "Pretax Income": 2352047.0,
        "Other Income Expense": 2847198.0,
        "Gain On Sale Of Security": 2847198.0,
        "Operating Income": -495151.0,
        "Operating Expense": 495151.0,
        "Other Operating Expenses": 495151.0,
        "Selling General And Administration": NaN,
        "General And Administrative Expense": NaN,
        "Other Gand A": NaN,
        "Total Revenue": 0.0,
        "Operating Revenue": 0.0
    },
    "2022-09-30": {
        "Tax Effect Of Unusual Items": 559322.8,
        "Tax Rate For Calcs": 0.4,
        "Normalized EBITDA": -1652355.0,
        "Total Unusual Items": 1398307.0,
        "Total Unusual Items Excluding Goodwill": 1398307.0,
        "Net Income From Continuing Operation Net Minority Interest": 1144259.0,
        "EBITDA": -254048.0,
        "EBIT": -254048.0,
        "Normalized Income": 305274.8,
        "Net Income From Continuing And Discontinued Operation": 1144259.0,
        "Total Expenses": 254048.0,
        "Total Operating Income As Reported": -254048.0,
        "Diluted Average Shares": 34375000.0,
        "Basic Average Shares": 34375000.0,
        "Diluted EPS": 0.03,
        "Basic EPS": 0.03,
        "Diluted NI Availto Com Stockholders": 1144259.0,
        "Net Income Common Stockholders": 1144259.0,
        "Net Income": 1144259.0,
        "Net Income Including Noncontrolling Interests": 1144259.0,
        "Net Income Continuous Operations": 1144259.0,
        "Pretax Income": 1144259.0,
        "Other Income Expense": 1398307.0,
        "Gain On Sale Of Security": 1398307.0,
        "Operating Income": -254048.0,
        "Operating Expense": 254048.0,
        "Other Operating Expenses": 254048.0,
        "Selling General And Administration": 254048.0,
        "General And Administrative Expense": 254048.0,
        "Other Gand A": 254048.0,
        "Total Revenue": 0.0,
        "Operating Revenue": 0.0
    },
    "2022-06-30": {
        "Tax Effect Of Unusual Items": 1207508.4,
        "Tax Rate For Calcs": 0.4,
        "Normalized EBITDA": -3348861.0,
        "Total Unusual Items": 3018771.0,
        "Total Unusual Items Excluding Goodwill": 3018771.0,
        "Net Income From Continuing Operation Net Minority Interest": 2688681.0,
        "EBITDA": -330090.0,
        "EBIT": -330090.0,
        "Normalized Income": 877418.4,
        "Net Income From Continuing And Discontinued Operation": 2688681.0,
        "Total Expenses": 330090.0,
        "Total Operating Income As Reported": -330090.0,
        "Diluted Average Shares": 34375000.0,
        "Basic Average Shares": 6875000.0,
        "Diluted EPS": 0.08,
        "Basic EPS": 0.08,
        "Diluted NI Availto Com Stockholders": 2688681.0,
        "Net Income Common Stockholders": 2688681.0,
        "Net Income": 2688681.0,
        "Net Income Including Noncontrolling Interests": 2688681.0,
        "Net Income Continuous Operations": 2688681.0,
        "Pretax Income": 2688681.0,
        "Other Income Expense": 3018771.0,
        "Gain On Sale Of Security": 3018771.0,
        "Operating Income": -330090.0,
        "Operating Expense": 330090.0,
        "Other Operating Expenses": 330090.0,
        "Selling General And Administration": 330090.0,
        "General And Administrative Expense": 330090.0,
        "Other Gand A": 330090.0,
        "Total Revenue": 0.0,
        "Operating Revenue": 0.0
    },
    "2022-03-31": {
        "Diluted EPS": 0.21,
        "Total Revenue": NaN,
        "Gross Profit": NaN,
        "Operating Income": 0,
        "EBIT": 0,
        "Net Income": 7
    },
    "2021-12-31": {
        "Diluted EPS": -0.08,
        "Total Revenue": NaN,
        "Gross Profit": NaN,
        "Operating Income": -2,
        "EBIT": -2,
        "Net Income": -4
    },
    "2021-09-30": {
        "Diluted EPS": 0.12,
        "Total Revenue": NaN,
        "Gross Profit": NaN,
        "Operating Income": 0,
        "EBIT": 0,
        "Net Income": 4
    },
    "2021-06-30": {
        "Diluted EPS": 0.14,
        "Total Revenue": NaN,
        "Gross Profit": NaN,
        "Operating Income": 0,
        "EBIT": 0,
        "Net Income": 5
    },
    "2021-03-31": {
        "Diluted EPS": -0.01,
        "Total Revenue": NaN,
        "Gross Profit": NaN,
        "Operating Income": 0,
        "EBIT": 0,
        "Net Income": 0
    },
    "2020-12-31": {
        "Diluted EPS": 0.0,
        "Total Revenue": NaN,
        "Gross Profit": NaN,
        "Operating Income": NaN,
        "EBIT": NaN,
        "Net Income": NaN
    },
    "2023-06-30": {
        "Tax Effect Of Unusual Items": 16252.0,
        "Tax Rate For Calcs": 0.4,
        "Normalized EBITDA": 31641.0,
        "Total Unusual Items": 40630.0,
        "Total Unusual Items Excluding Goodwill": 40630.0,
        "Net Income From Continuing Operation Net Minority Interest": 112901.0,
        "EBITDA": 72271.0,
        "EBIT": 72271.0,
        "Normalized Income": 88523.0,
        "Net Income From Continuing And Discontinued Operation": 112901.0,
        "Total Expenses": -72271.0,
        "Total Operating Income As Reported": 72271.0,
        "Diluted Average Shares": 8584100.0,
        "Basic Average Shares": 6875000.0,
        "Diluted EPS": 0.01,
        "Basic EPS": 0.01,
        "Diluted NI Availto Com Stockholders": 112901.0,
        "Net Income Common Stockholders": 112901.0,
        "Net Income": 112901.0,
        "Net Income Including Noncontrolling Interests": 112901.0,
        "Net Income Continuous Operations": 112901.0,
        "Pretax Income": 112901.0,
        "Other Income Expense": 40630.0,
        "Gain On Sale Of Security": 40630.0,
        "Operating Income": 72271.0,
        "Operating Expense": -72271.0,
        "Other Operating Expenses": -72271.0,
        "Selling General And Administration": NaN,
        "General And Administrative Expense": NaN,
        "Other Gand A": NaN,
        "Total Revenue": 0.0,
        "Operating Revenue": 0.0
    },
    "2023-09-30": {
        "Tax Effect Of Unusual Items": 184261.56,
        "Tax Rate For Calcs": 0.21,
        "Normalized EBITDA": -1110954.0,
        "Total Unusual Items": 877436.0,
        "Total Unusual Items Excluding Goodwill": 877436.0,
        "Net Income From Continuing Operation Net Minority Interest": 643918.0,
        "EBITDA": -233518.0,
        "EBIT": -233518.0,
        "Normalized Income": -49256.44,
        "Net Income From Continuing And Discontinued Operation": 643918.0,
        "Total Expenses": 233518.0,
        "Total Operating Income As Reported": -233518.0,
        "Diluted Average Shares": 8584100.0,
        "Basic Average Shares": 8584100.0,
        "Diluted EPS": 0.08,
        "Basic EPS": 0.08,
        "Diluted NI Availto Com Stockholders": 643918.0,
        "Net Income Common Stockholders": 643918.0,
        "Net Income": 643918.0,
        "Net Income Including Noncontrolling Interests": 643918.0,
        "Net Income Continuous Operations": 643918.0,
        "Pretax Income": 643918.0,
        "Other Income Expense": 877436.0,
        "Gain On Sale Of Security": 877436.0,
        "Operating Income": -233518.0,
        "Operating Expense": 233518.0,
        "Other Operating Expenses": 233518.0,
        "Selling General And Administration": NaN,
        "General And Administrative Expense": NaN,
        "Other Gand A": NaN,
        "Total Revenue": 0.0,
        "Operating Revenue": 0.0
    }
}