{
    "2023-03-31": {
        "Tax Effect Of Unusual Items": 3672847.829364,
        "Tax Rate For Calcs": 0.289041,
        "Normalized EBITDA": 1695000.0,
        "Total Unusual Items": 12707000.0,
        "Total Unusual Items Excluding Goodwill": 12707000.0,
        "Net Income From Continuing Operation Net Minority Interest": 9433000.0,
        "Reconciled Depreciation": 70000.0,
        "Reconciled Cost Of Revenue": 12256000.0,
        "EBITDA": 14402000.0,
        "EBIT": 14332000.0,
        "Net Interest Income": -1064000.0,
        "Interest Expense": 1064000.0,
        "Interest Income": NaN,
        "Normalized Income": 398847.829364,
        "Net Income From Continuing And Discontinued Operation": 9433000.0,
        "Total Expenses": 14729000.0,
        "Rent Expense Supplemental": 74000.0,
        "Total Operating Income As Reported": 1625000.0,
        "Diluted Average Shares": 1377026.0,
        "Basic Average Shares": 1377026.0,
        "Diluted EPS": 6.85,
        "Basic EPS": 6.85,
        "Diluted NI Availto Com Stockholders": 9433000.0,
        "Net Income Common Stockholders": 9433000.0,
        "Net Income": 9433000.0,
        "Net Income Including Noncontrolling Interests": 9433000.0,
        "Net Income Continuous Operations": 9433000.0,
        "Tax Provision": 3835000.0,
        "Pretax Income": 13268000.0,
        "Other Income Expense": 12907000.0,
        "Other Non Operating Income Expenses": 200000.0,
        "Special Income Charges": NaN,
        "Gain On Sale Of Ppe": NaN,
        "Gain On Sale Of Security": 12707000.0,
        "Net Non Operating Interest Income Expense": -1064000.0,
        "Interest Expense Non Operating": 1064000.0,
        "Interest Income Non Operating": NaN,
        "Operating Income": 1425000.0,
        "Operating Expense": 2473000.0,
        "Other Operating Expenses": 809000.0,
        "Depreciation Amortization Depletion Income Statement": 70000.0,
        "Depreciation And Amortization In Income Statement": 70000.0,
        "Selling General And Administration": 1594000.0,
        "Selling And Marketing Expense": 233000.0,
        "General And Administrative Expense": 1361000.0,
        "Other Gand A": 1287000.0,
        "Rent And Landing Fees": 74000.0,
        "Gross Profit": 3898000.0,
        "Cost Of Revenue": 12256000.0,
        "Total Revenue": 16154000.0,
        "Operating Revenue": 16154000.0
    },
    "2022-12-31": {
        "Tax Effect Of Unusual Items": NaN,
        "Tax Rate For Calcs": NaN,
        "Normalized EBITDA": NaN,
        "Total Unusual Items": NaN,
        "Total Unusual Items Excluding Goodwill": NaN,
        "Net Income From Continuing Operation Net Minority Interest": NaN,
        "Reconciled Depreciation": NaN,
        "Reconciled Cost Of Revenue": NaN,
        "EBITDA": NaN,
        "EBIT": NaN,
        "Net Interest Income": NaN,
        "Interest Expense": NaN,
        "Interest Income": 1069000.0,
        "Normalized Income": NaN,
        "Net Income From Continuing And Discontinued Operation": NaN,
        "Total Expenses": NaN,
        "Rent Expense Supplemental": NaN,
        "Total Operating Income As Reported": NaN,
        "Diluted Average Shares": 1377026.0,
        "Basic Average Shares": 1377026.0,
        "Diluted EPS": 12.95,
        "Basic EPS": 12.95,
        "Diluted NI Availto Com Stockholders": NaN,
        "Net Income Common Stockholders": NaN,
        "Net Income": NaN,
        "Net Income Including Noncontrolling Interests": NaN,
        "Net Income Continuous Operations": NaN,
        "Tax Provision": NaN,
        "Pretax Income": NaN,
        "Other Income Expense": NaN,
        "Other Non Operating Income Expenses": NaN,
        "Special Income Charges": NaN,
        "Gain On Sale Of Ppe": NaN,
        "Gain On Sale Of Security": NaN,
        "Net Non Operating Interest Income Expense": NaN,
        "Interest Expense Non Operating": NaN,
        "Interest Income Non Operating": 1069000.0,
        "Operating Income": NaN,
        "Operating Expense": NaN,
        "Other Operating Expenses": NaN,
        "Depreciation Amortization Depletion Income Statement": NaN,
        "Depreciation And Amortization In Income Statement": NaN,
        "Selling General And Administration": NaN,
        "Selling And Marketing Expense": NaN,
        "General And Administrative Expense": NaN,
        "Other Gand A": NaN,
        "Rent And Landing Fees": NaN,
        "Gross Profit": NaN,
        "Cost Of Revenue": NaN,
        "Total Revenue": NaN,
        "Operating Revenue": NaN
    },
    "2022-09-30": {
        "Tax Effect Of Unusual Items": NaN,
        "Tax Rate For Calcs": NaN,
        "Normalized EBITDA": NaN,
        "Total Unusual Items": NaN,
        "Total Unusual Items Excluding Goodwill": NaN,
        "Net Income From Continuing Operation Net Minority Interest": NaN,
        "Reconciled Depreciation": NaN,
        "Reconciled Cost Of Revenue": NaN,
        "EBITDA": NaN,
        "EBIT": NaN,
        "Net Interest Income": NaN,
        "Interest Expense": NaN,
        "Interest Income": 1200000.0,
        "Normalized Income": NaN,
        "Net Income From Continuing And Discontinued Operation": NaN,
        "Total Expenses": NaN,
        "Rent Expense Supplemental": NaN,
        "Total Operating Income As Reported": NaN,
        "Diluted Average Shares": NaN,
        "Basic Average Shares": NaN,
        "Diluted EPS": NaN,
        "Basic EPS": NaN,
        "Diluted NI Availto Com Stockholders": NaN,
        "Net Income Common Stockholders": NaN,
        "Net Income": NaN,
        "Net Income Including Noncontrolling Interests": NaN,
        "Net Income Continuous Operations": NaN,
        "Tax Provision": NaN,
        "Pretax Income": NaN,
        "Other Income Expense": NaN,
        "Other Non Operating Income Expenses": NaN,
        "Special Income Charges": 0.0,
        "Gain On Sale Of Ppe": 0.0,
        "Gain On Sale Of Security": NaN,
        "Net Non Operating Interest Income Expense": NaN,
        "Interest Expense Non Operating": NaN,
        "Interest Income Non Operating": 1200000.0,
        "Operating Income": NaN,
        "Operating Expense": NaN,
        "Other Operating Expenses": NaN,
        "Depreciation Amortization Depletion Income Statement": NaN,
        "Depreciation And Amortization In Income Statement": NaN,
        "Selling General And Administration": NaN,
        "Selling And Marketing Expense": NaN,
        "General And Administrative Expense": NaN,
        "Other Gand A": NaN,
        "Rent And Landing Fees": NaN,
        "Gross Profit": NaN,
        "Cost Of Revenue": NaN,
        "Total Revenue": NaN,
        "Operating Revenue": NaN
    },
    "2022-06-30": {
        "Tax Effect Of Unusual Items": -3358025.43062,
        "Tax Rate For Calcs": 0.27094,
        "Normalized EBITDA": -766000.0,
        "Total Unusual Items": -12394000.0,
        "Total Unusual Items Excluding Goodwill": -12394000.0,
        "Net Income From Continuing Operation Net Minority Interest": -9862000.0,
        "Reconciled Depreciation": 74000.0,
        "Reconciled Cost Of Revenue": 10833000.0,
        "EBITDA": -13160000.0,
        "EBIT": -13234000.0,
        "Net Interest Income": 970000.0,
        "Interest Expense": 293000.0,
        "Interest Income": 1263000.0,
        "Normalized Income": -826025.43062,
        "Net Income From Continuing And Discontinued Operation": -9862000.0,
        "Total Expenses": 12670000.0,
        "Rent Expense Supplemental": 64000.0,
        "Total Operating Income As Reported": -2103000.0,
        "Diluted Average Shares": 1380133.0,
        "Basic Average Shares": 1380133.0,
        "Diluted EPS": -7.15,
        "Basic EPS": -7.15,
        "Diluted NI Availto Com Stockholders": -9862000.0,
        "Net Income Common Stockholders": -9862000.0,
        "Net Income": -9862000.0,
        "Net Income Including Noncontrolling Interests": -9862000.0,
        "Net Income Continuous Operations": -9862000.0,
        "Tax Provision": -3665000.0,
        "Pretax Income": -13527000.0,
        "Other Income Expense": -14379000.0,
        "Other Non Operating Income Expenses": -1985000.0,
        "Special Income Charges": 272000.0,
        "Gain On Sale Of Ppe": 272000.0,
        "Gain On Sale Of Security": -12666000.0,
        "Net Non Operating Interest Income Expense": 970000.0,
        "Interest Expense Non Operating": 293000.0,
        "Interest Income Non Operating": 1263000.0,
        "Operating Income": -118000.0,
        "Operating Expense": 1836000.0,
        "Other Operating Expenses": 692000.0,
        "Depreciation Amortization Depletion Income Statement": 73000.0,
        "Depreciation And Amortization In Income Statement": 73000.0,
        "Selling General And Administration": 1071000.0,
        "Selling And Marketing Expense": NaN,
        "General And Administrative Expense": 1071000.0,
        "Other Gand A": 1007000.0,
        "Rent And Landing Fees": 64000.0,
        "Gross Profit": 1718000.0,
        "Cost Of Revenue": 10834000.0,
        "Total Revenue": 12552000.0,
        "Operating Revenue": 12552000.0
    },
    "2022-03-31": {
        "Diluted EPS": -20.14,
        "Total Revenue": 11,
        "Gross Profit": 11,
        "Operating Income": 0,
        "EBIT": 0,
        "Net Income": -28
    },
    "2021-12-31": {
        "Diluted EPS": 4.98,
        "Total Revenue": 12,
        "Gross Profit": 12,
        "Operating Income": 0,
        "EBIT": 0,
        "Net Income": 7
    },
    "2021-09-30": {
        "Diluted EPS": -1.03,
        "Total Revenue": 12,
        "Gross Profit": 12,
        "Operating Income": 0,
        "EBIT": 0,
        "Net Income": -1
    },
    "2021-06-30": {
        "Diluted EPS": 30.83,
        "Total Revenue": 14,
        "Gross Profit": 13,
        "Operating Income": 1,
        "EBIT": 1,
        "Net Income": 43
    },
    "2021-03-31": {
        "Diluted EPS": 9.04,
        "Total Revenue": 14,
        "Gross Profit": 14,
        "Operating Income": 1,
        "EBIT": 1,
        "Net Income": 12
    },
    "2020-12-31": {
        "Diluted EPS": 42.93,
        "Total Revenue": 10,
        "Gross Profit": 10,
        "Operating Income": 0,
        "EBIT": 0,
        "Net Income": 59
    },
    "2020-09-30": {
        "Diluted EPS": 23.09,
        "Total Revenue": 13,
        "Gross Profit": 13,
        "Operating Income": 1,
        "EBIT": 1,
        "Net Income": 32
    },
    "2020-06-30": {
        "Diluted EPS": 10.34,
        "Total Revenue": 13,
        "Gross Profit": 13,
        "Operating Income": 1,
        "EBIT": 1,
        "Net Income": 14
    },
    "2020-03-31": {
        "Diluted EPS": -40.79,
        "Total Revenue": 12,
        "Gross Profit": 12,
        "Operating Income": -1,
        "EBIT": -1,
        "Net Income": -56
    },
    "2019-12-31": {
        "Diluted EPS": 10.29,
        "Total Revenue": 12,
        "Gross Profit": 11,
        "Operating Income": -2,
        "EBIT": -1,
        "Net Income": 14
    },
    "2019-09-30": {
        "Diluted EPS": -9.06,
        "Total Revenue": 13,
        "Gross Profit": 13,
        "Operating Income": -14,
        "EBIT": -1,
        "Net Income": -13
    },
    "2019-06-30": {
        "Diluted EPS": 2.77,
        "Total Revenue": 15,
        "Gross Profit": 14,
        "Operating Income": 1,
        "EBIT": 1,
        "Net Income": 4
    },
    "2019-03-31": {
        "Diluted EPS": 3.63,
        "Total Revenue": 11,
        "Gross Profit": 11,
        "Operating Income": -3,
        "EBIT": -3,
        "Net Income": 5
    },
    "2018-12-31": {
        "Diluted EPS": -15.6,
        "Total Revenue": 10,
        "Gross Profit": 10,
        "Operating Income": -3,
        "EBIT": -2,
        "Net Income": -22
    },
    "2018-09-30": {
        "Diluted EPS": -3.86,
        "Total Revenue": 10,
        "Gross Profit": 10,
        "Operating Income": -4,
        "EBIT": -3,
        "Net Income": -5
    },
    "2018-06-30": {
        "Diluted EPS": -0.7,
        "Total Revenue": 11,
        "Gross Profit": 11,
        "Operating Income": -3,
        "EBIT": -2,
        "Net Income": -1
    },
    "2018-03-31": {
        "Diluted EPS": -0.17,
        "Total Revenue": 9,
        "Gross Profit": 9,
        "Operating Income": -4,
        "EBIT": -3,
        "Net Income": 0
    },
    "2017-12-31": {
        "Diluted EPS": 10.67,
        "Total Revenue": 10,
        "Gross Profit": 10,
        "Operating Income": -3,
        "EBIT": -2,
        "Net Income": 15
    },
    "2017-09-30": {
        "Diluted EPS": -0.77,
        "Total Revenue": 11,
        "Gross Profit": 11,
        "Operating Income": -3,
        "EBIT": -2,
        "Net Income": -1
    },
    "2017-06-30": {
        "Diluted EPS": -0.98,
        "Total Revenue": 10,
        "Gross Profit": 10,
        "Operating Income": -4,
        "EBIT": -2,
        "Net Income": -1
    },
    "2017-03-31": {
        "Diluted EPS": 2.16,
        "Total Revenue": 10,
        "Gross Profit": 10,
        "Operating Income": -3,
        "EBIT": -2,
        "Net Income": 3
    },
    "2016-12-31": {
        "Diluted EPS": -1.07,
        "Total Revenue": 10,
        "Gross Profit": 10,
        "Operating Income": -3,
        "EBIT": -1,
        "Net Income": -1
    },
    "2016-09-30": {
        "Diluted EPS": -0.7,
        "Total Revenue": 9,
        "Gross Profit": 9,
        "Operating Income": -3,
        "EBIT": -2,
        "Net Income": -1
    },
    "2016-06-30": {
        "Diluted EPS": -0.25,
        "Total Revenue": 10,
        "Gross Profit": 10,
        "Operating Income": -2,
        "EBIT": 0,
        "Net Income": 0
    },
    "2016-03-31": {
        "Diluted EPS": 0.15,
        "Total Revenue": 11,
        "Gross Profit": 11,
        "Operating Income": -1,
        "EBIT": 1,
        "Net Income": 0
    },
    "2015-12-31": {
        "Diluted EPS": 0.04,
        "Total Revenue": 11,
        "Gross Profit": 11,
        "Operating Income": -1,
        "EBIT": 0,
        "Net Income": 0
    },
    "2015-09-30": {
        "Diluted EPS": -0.11,
        "Total Revenue": 11,
        "Gross Profit": 10,
        "Operating Income": -1,
        "EBIT": 0,
        "Net Income": 0
    },
    "2015-06-30": {
        "Diluted EPS": 0.02,
        "Total Revenue": 10,
        "Gross Profit": 10,
        "Operating Income": -1,
        "EBIT": 0,
        "Net Income": 0
    },
    "2015-03-31": {
        "Diluted EPS": 0.37,
        "Total Revenue": 11,
        "Gross Profit": 11,
        "Operating Income": -1,
        "EBIT": 0,
        "Net Income": 1
    },
    "2014-12-31": {
        "Diluted EPS": 0.31,
        "Total Revenue": 11,
        "Gross Profit": 11,
        "Operating Income": 0,
        "EBIT": 1,
        "Net Income": 0
    },
    "2014-09-30": {
        "Diluted EPS": 0.85,
        "Total Revenue": 11,
        "Gross Profit": 11,
        "Operating Income": 0,
        "EBIT": 1,
        "Net Income": 1
    },
    "2014-06-30": {
        "Diluted EPS": 0.03,
        "Total Revenue": 11,
        "Gross Profit": 11,
        "Operating Income": 0,
        "EBIT": 1,
        "Net Income": 0
    },
    "2014-03-31": {
        "Diluted EPS": 0.04,
        "Total Revenue": 11,
        "Gross Profit": 11,
        "Operating Income": -1,
        "EBIT": 1,
        "Net Income": 0
    },
    "2013-12-31": {
        "Diluted EPS": -0.46,
        "Total Revenue": 10,
        "Gross Profit": 10,
        "Operating Income": -1,
        "EBIT": 0,
        "Net Income": -1
    },
    "2013-09-30": {
        "Diluted EPS": 0.71,
        "Total Revenue": 11,
        "Gross Profit": 11,
        "Operating Income": 2,
        "EBIT": 2,
        "Net Income": 1
    },
    "2013-06-30": {
        "Diluted EPS": 0.6,
        "Total Revenue": 9,
        "Gross Profit": 9,
        "Operating Income": 0,
        "EBIT": 1,
        "Net Income": 1
    },
    "2013-03-31": {
        "Diluted EPS": 0.83,
        "Total Revenue": 10,
        "Gross Profit": 9,
        "Operating Income": 1,
        "EBIT": 2,
        "Net Income": 1
    },
    "2012-12-31": {
        "Diluted EPS": 0.6,
        "Total Revenue": 8,
        "Gross Profit": 7,
        "Operating Income": 1,
        "EBIT": 1,
        "Net Income": 1
    },
    "2012-09-30": {
        "Diluted EPS": 1.14,
        "Total Revenue": 8,
        "Gross Profit": 7,
        "Operating Income": 2,
        "EBIT": 2,
        "Net Income": 2
    },
    "2012-06-30": {
        "Diluted EPS": 0.15,
        "Total Revenue": 8,
        "Gross Profit": 8,
        "Operating Income": 2,
        "EBIT": 2,
        "Net Income": 0
    },
    "2012-03-31": {
        "Diluted EPS": 1.48,
        "Total Revenue": 8,
        "Gross Profit": 8,
        "Operating Income": 2,
        "EBIT": 2,
        "Net Income": 2
    },
    "2011-12-31": {
        "Diluted EPS": 1.24,
        "Total Revenue": 8,
        "Gross Profit": 8,
        "Operating Income": 2,
        "EBIT": 2,
        "Net Income": 2
    },
    "2011-09-30": {
        "Diluted EPS": 1.4,
        "Total Revenue": 8,
        "Gross Profit": 8,
        "Operating Income": 2,
        "EBIT": 3,
        "Net Income": 2
    },
    "2011-06-30": {
        "Diluted EPS": 1.37,
        "Total Revenue": 8,
        "Gross Profit": 8,
        "Operating Income": 3,
        "EBIT": 3,
        "Net Income": 2
    },
    "2011-03-31": {
        "Diluted EPS": 1.33,
        "Total Revenue": 9,
        "Gross Profit": 8,
        "Operating Income": 3,
        "EBIT": 3,
        "Net Income": 2
    },
    "2010-12-31": {
        "Diluted EPS": 1.58,
        "Total Revenue": 9,
        "Gross Profit": 9,
        "Operating Income": 3,
        "EBIT": 3,
        "Net Income": 2
    },
    "2010-09-30": {
        "Diluted EPS": 1.46,
        "Total Revenue": 9,
        "Gross Profit": 9,
        "Operating Income": 3,
        "EBIT": 3,
        "Net Income": 2
    },
    "2010-06-30": {
        "Diluted EPS": 1.34,
        "Total Revenue": 9,
        "Gross Profit": 9,
        "Operating Income": 3,
        "EBIT": 3,
        "Net Income": 2
    },
    "2010-03-31": {
        "Diluted EPS": 1.25,
        "Total Revenue": 9,
        "Gross Profit": 9,
        "Operating Income": 3,
        "EBIT": 3,
        "Net Income": 2
    },
    "2009-12-31": {
        "Diluted EPS": 1.51,
        "Total Revenue": 10,
        "Gross Profit": 9,
        "Operating Income": 3,
        "EBIT": 3,
        "Net Income": 2
    },
    "2009-09-30": {
        "Diluted EPS": 1.62,
        "Total Revenue": 10,
        "Gross Profit": 10,
        "Operating Income": 3,
        "EBIT": 4,
        "Net Income": 2
    },
    "2009-06-30": {
        "Diluted EPS": 1.66,
        "Total Revenue": 11,
        "Gross Profit": 10,
        "Operating Income": 4,
        "EBIT": 4,
        "Net Income": 2
    },
    "2009-03-31": {
        "Diluted EPS": 1.2,
        "Total Revenue": 10,
        "Gross Profit": 9,
        "Operating Income": 3,
        "EBIT": 3,
        "Net Income": 2
    },
    "2023-06-30": {
        "Tax Effect Of Unusual Items": -157080.0,
        "Tax Rate For Calcs": 0.21,
        "Normalized EBITDA": 2381000.0,
        "Total Unusual Items": -748000.0,
        "Total Unusual Items Excluding Goodwill": -748000.0,
        "Net Income From Continuing Operation Net Minority Interest": 677000.0,
        "Reconciled Depreciation": 68000.0,
        "Reconciled Cost Of Revenue": 13111000.0,
        "EBITDA": 1633000.0,
        "EBIT": 1565000.0,
        "Net Interest Income": -1183000.0,
        "Interest Expense": 1183000.0,
        "Interest Income": NaN,
        "Normalized Income": 1267920.0,
        "Net Income From Continuing And Discontinued Operation": 677000.0,
        "Total Expenses": 15486000.0,
        "Rent Expense Supplemental": 70000.0,
        "Total Operating Income As Reported": 2313000.0,
        "Diluted Average Shares": 1377026.0,
        "Basic Average Shares": 1377026.0,
        "Diluted EPS": 0.49,
        "Basic EPS": 0.49,
        "Diluted NI Availto Com Stockholders": 677000.0,
        "Net Income Common Stockholders": 677000.0,
        "Net Income": 677000.0,
        "Net Income Including Noncontrolling Interests": 677000.0,
        "Net Income Continuous Operations": 677000.0,
        "Tax Provision": -295000.0,
        "Pretax Income": 382000.0,
        "Other Income Expense": -653000.0,
        "Other Non Operating Income Expenses": 95000.0,
        "Special Income Charges": 0.0,
        "Gain On Sale Of Ppe": 0.0,
        "Gain On Sale Of Security": -748000.0,
        "Net Non Operating Interest Income Expense": -1183000.0,
        "Interest Expense Non Operating": 1183000.0,
        "Interest Income Non Operating": NaN,
        "Operating Income": 2218000.0,
        "Operating Expense": 2375000.0,
        "Other Operating Expenses": 972000.0,
        "Depreciation Amortization Depletion Income Statement": 68000.0,
        "Depreciation And Amortization In Income Statement": 68000.0,
        "Selling General And Administration": 1335000.0,
        "Selling And Marketing Expense": 261000.0,
        "General And Administrative Expense": 1074000.0,
        "Other Gand A": 1004000.0,
        "Rent And Landing Fees": 70000.0,
        "Gross Profit": 4593000.0,
        "Cost Of Revenue": 13111000.0,
        "Total Revenue": 17704000.0,
        "Operating Revenue": 17704000.0
    },
    "2023-09-30": {
        "Tax Effect Of Unusual Items": -3689928.23219,
        "Tax Rate For Calcs": 0.315567,
        "Normalized EBITDA": 3496000.0,
        "Total Unusual Items": -11693000.0,
        "Total Unusual Items Excluding Goodwill": -11693000.0,
        "Net Income From Continuing Operation Net Minority Interest": -6485000.0,
        "Reconciled Depreciation": 66000.0,
        "Reconciled Cost Of Revenue": 15244000.0,
        "EBITDA": -8197000.0,
        "EBIT": -8263000.0,
        "Net Interest Income": -1212000.0,
        "Interest Expense": 1212000.0,
        "Interest Income": NaN,
        "Normalized Income": 1518071.76781,
        "Net Income From Continuing And Discontinued Operation": -6485000.0,
        "Total Expenses": 17600000.0,
        "Rent Expense Supplemental": 76000.0,
        "Total Operating Income As Reported": 3430000.0,
        "Diluted Average Shares": NaN,
        "Basic Average Shares": NaN,
        "Diluted EPS": NaN,
        "Basic EPS": NaN,
        "Diluted NI Availto Com Stockholders": -6485000.0,
        "Net Income Common Stockholders": -6485000.0,
        "Net Income": -6485000.0,
        "Net Income Including Noncontrolling Interests": -6485000.0,
        "Net Income Continuous Operations": -6485000.0,
        "Tax Provision": -2990000.0,
        "Pretax Income": -9475000.0,
        "Other Income Expense": -12213000.0,
        "Other Non Operating Income Expenses": -520000.0,
        "Special Income Charges": 0.0,
        "Gain On Sale Of Ppe": 0.0,
        "Gain On Sale Of Security": -11693000.0,
        "Net Non Operating Interest Income Expense": -1212000.0,
        "Interest Expense Non Operating": 1212000.0,
        "Interest Income Non Operating": NaN,
        "Operating Income": 3950000.0,
        "Operating Expense": 2356000.0,
        "Other Operating Expenses": 744000.0,
        "Depreciation Amortization Depletion Income Statement": 66000.0,
        "Depreciation And Amortization In Income Statement": 66000.0,
        "Selling General And Administration": 1546000.0,
        "Selling And Marketing Expense": 313000.0,
        "General And Administrative Expense": 1233000.0,
        "Other Gand A": 1157000.0,
        "Rent And Landing Fees": 76000.0,
        "Gross Profit": 6306000.0,
        "Cost Of Revenue": 15244000.0,
        "Total Revenue": 21550000.0,
        "Operating Revenue": 21550000.0
    },
    "2023-12-31": {
        "Tax Effect Of Unusual Items": 3235541.0,
        "Tax Rate For Calcs": 0.199,
        "Normalized EBITDA": 689000.0,
        "Total Unusual Items": 16259000.0,
        "Total Unusual Items Excluding Goodwill": 16259000.0,
        "Net Income From Continuing Operation Net Minority Interest": 12615000.0,
        "Reconciled Depreciation": 66000.0,
        "Reconciled Cost Of Revenue": 13395000.0,
        "EBITDA": 16948000.0,
        "EBIT": 16882000.0,
        "Net Interest Income": -1142000.0,
        "Interest Expense": 1142000.0,
        "Interest Income": NaN,
        "Normalized Income": -408459.0,
        "Net Income From Continuing And Discontinued Operation": 12615000.0,
        "Total Expenses": 15790000.0,
        "Rent Expense Supplemental": 70000.0,
        "Total Operating Income As Reported": 623000.0,
        "Diluted Average Shares": 1377026.0,
        "Basic Average Shares": 1377026.0,
        "Diluted EPS": 9.16,
        "Basic EPS": 9.16,
        "Diluted NI Availto Com Stockholders": 12615000.0,
        "Net Income Common Stockholders": 12615000.0,
        "Net Income": 12615000.0,
        "Net Income Including Noncontrolling Interests": 12615000.0,
        "Net Income Continuous Operations": 12615000.0,
        "Tax Provision": 3125000.0,
        "Pretax Income": 15740000.0,
        "Other Income Expense": 16679000.0,
        "Other Non Operating Income Expenses": 420000.0,
        "Special Income Charges": NaN,
        "Gain On Sale Of Ppe": NaN,
        "Gain On Sale Of Security": 16259000.0,
        "Net Non Operating Interest Income Expense": -1142000.0,
        "Interest Expense Non Operating": 1142000.0,
        "Interest Income Non Operating": NaN,
        "Operating Income": 203000.0,
        "Operating Expense": 2395000.0,
        "Other Operating Expenses": 928000.0,
        "Depreciation Amortization Depletion Income Statement": 66000.0,
        "Depreciation And Amortization In Income Statement": 66000.0,
        "Selling General And Administration": 1401000.0,
        "Selling And Marketing Expense": 243000.0,
        "General And Administrative Expense": 1158000.0,
        "Other Gand A": 1088000.0,
        "Rent And Landing Fees": 70000.0,
        "Gross Profit": 2598000.0,
        "Cost Of Revenue": 13395000.0,
        "Total Revenue": 15993000.0,
        "Operating Revenue": 15993000.0
    },
    "2024-03-31": {
        "Tax Effect Of Unusual Items": 5314299.951503,
        "Tax Rate For Calcs": 0.252425,
        "Normalized EBITDA": 700000.0,
        "Total Unusual Items": 21053000.0,
        "Total Unusual Items Excluding Goodwill": 21053000.0,
        "Net Income From Continuing Operation Net Minority Interest": 15415000.0,
        "Reconciled Depreciation": 67000.0,
        "Reconciled Cost Of Revenue": 13937000.0,
        "EBITDA": 21753000.0,
        "EBIT": 21686000.0,
        "Net Interest Income": -1066000.0,
        "Interest Expense": 1066000.0,
        "Interest Income": NaN,
        "Normalized Income": -323700.048497,
        "Net Income From Continuing And Discontinued Operation": 15415000.0,
        "Total Expenses": 16348000.0,
        "Rent Expense Supplemental": 71000.0,
        "Total Operating Income As Reported": 633000.0,
        "Diluted Average Shares": 1377026.0,
        "Basic Average Shares": 1377026.0,
        "Diluted EPS": 11.19,
        "Basic EPS": 11.19,
        "Diluted NI Availto Com Stockholders": 15415000.0,
        "Net Income Common Stockholders": 15415000.0,
        "Net Income": 15415000.0,
        "Net Income Including Noncontrolling Interests": 15415000.0,
        "Net Income Continuous Operations": 15415000.0,
        "Tax Provision": 5205000.0,
        "Pretax Income": 20620000.0,
        "Other Income Expense": 21463000.0,
        "Other Non Operating Income Expenses": 410000.0,
        "Special Income Charges": NaN,
        "Gain On Sale Of Ppe": NaN,
        "Gain On Sale Of Security": 21053000.0,
        "Net Non Operating Interest Income Expense": -1066000.0,
        "Interest Expense Non Operating": 1066000.0,
        "Interest Income Non Operating": NaN,
        "Operating Income": 223000.0,
        "Operating Expense": 2411000.0,
        "Other Operating Expenses": 894000.0,
        "Depreciation Amortization Depletion Income Statement": 67000.0,
        "Depreciation And Amortization In Income Statement": 67000.0,
        "Selling General And Administration": 1450000.0,
        "Selling And Marketing Expense": 299000.0,
        "General And Administrative Expense": 1151000.0,
        "Other Gand A": 1080000.0,
        "Rent And Landing Fees": 71000.0,
        "Gross Profit": 2634000.0,
        "Cost Of Revenue": 13937000.0,
        "Total Revenue": 16571000.0,
        "Operating Revenue": 16571000.0
    }
}