{
    "2023-03-31": {
        "Tax Effect Of Unusual Items": -3577350.0,
        "Tax Rate For Calcs": 0.21,
        "Normalized EBITDA": -329758000.0,
        "Total Unusual Items": -17035000.0,
        "Total Unusual Items Excluding Goodwill": -17035000.0,
        "Net Income From Continuing Operation Net Minority Interest": -397148000.0,
        "Reconciled Depreciation": 48213000.0,
        "Reconciled Cost Of Revenue": 521740000.0,
        "EBITDA": -346793000.0,
        "EBIT": -395006000.0,
        "Net Interest Income": 11140000.0,
        "Interest Expense": 655000.0,
        "Interest Income": 11795000.0,
        "Normalized Income": -383690350.0,
        "Net Income From Continuing And Discontinued Operation": -397148000.0,
        "Total Expenses": 1159437000.0,
        "Total Operating Income As Reported": -389785000.0,
        "Diluted Average Shares": 456491954.0,
        "Basic Average Shares": 456491954.0,
        "Diluted EPS": -0.87,
        "Basic EPS": -0.87,
        "Diluted NI Availto Com Stockholders": -397148000.0,
        "Net Income Common Stockholders": -397148000.0,
        "Net Income": -397148000.0,
        "Net Income Including Noncontrolling Interests": -397148000.0,
        "Net Income Continuous Operations": -397148000.0,
        "Earnings From Equity Interest Net Of Tax": -119000.0,
        "Tax Provision": 1368000.0,
        "Pretax Income": -395661000.0,
        "Other Income Expense": -17016000.0,
        "Other Non Operating Income Expenses": 19000.0,
        "Gain On Sale Of Security": -17035000.0,
        "Net Non Operating Interest Income Expense": 11140000.0,
        "Total Other Finance Cost": NaN,
        "Interest Expense Non Operating": 655000.0,
        "Interest Income Non Operating": 11795000.0,
        "Operating Income": -389785000.0,
        "Operating Expense": 637697000.0,
        "Research And Development": 88088000.0,
        "Selling General And Administration": 549609000.0,
        "Selling And Marketing Expense": 389133000.0,
        "General And Administrative Expense": 160476000.0,
        "Other Gand A": 160476000.0,
        "Gross Profit": 247912000.0,
        "Cost Of Revenue": 521740000.0,
        "Total Revenue": 769652000.0,
        "Operating Revenue": 743799000.0
    },
    "2022-12-31": {
        "Tax Effect Of Unusual Items": NaN,
        "Tax Rate For Calcs": NaN,
        "Normalized EBITDA": NaN,
        "Total Unusual Items": NaN,
        "Total Unusual Items Excluding Goodwill": NaN,
        "Net Income From Continuing Operation Net Minority Interest": NaN,
        "Reconciled Depreciation": NaN,
        "Reconciled Cost Of Revenue": NaN,
        "EBITDA": NaN,
        "EBIT": NaN,
        "Net Interest Income": NaN,
        "Interest Expense": NaN,
        "Interest Income": NaN,
        "Normalized Income": NaN,
        "Net Income From Continuing And Discontinued Operation": NaN,
        "Total Expenses": NaN,
        "Total Operating Income As Reported": NaN,
        "Diluted Average Shares": NaN,
        "Basic Average Shares": NaN,
        "Diluted EPS": NaN,
        "Basic EPS": NaN,
        "Diluted NI Availto Com Stockholders": NaN,
        "Net Income Common Stockholders": NaN,
        "Net Income": NaN,
        "Net Income Including Noncontrolling Interests": NaN,
        "Net Income Continuous Operations": NaN,
        "Earnings From Equity Interest Net Of Tax": NaN,
        "Tax Provision": NaN,
        "Pretax Income": NaN,
        "Other Income Expense": NaN,
        "Other Non Operating Income Expenses": NaN,
        "Gain On Sale Of Security": NaN,
        "Net Non Operating Interest Income Expense": NaN,
        "Total Other Finance Cost": -10324000.0,
        "Interest Expense Non Operating": NaN,
        "Interest Income Non Operating": NaN,
        "Operating Income": NaN,
        "Operating Expense": NaN,
        "Research And Development": NaN,
        "Selling General And Administration": NaN,
        "Selling And Marketing Expense": NaN,
        "General And Administrative Expense": NaN,
        "Other Gand A": NaN,
        "Gross Profit": NaN,
        "Cost Of Revenue": NaN,
        "Total Revenue": NaN,
        "Operating Revenue": NaN
    },
    "2022-09-30": {
        "Tax Effect Of Unusual Items": NaN,
        "Tax Rate For Calcs": NaN,
        "Normalized EBITDA": NaN,
        "Total Unusual Items": NaN,
        "Total Unusual Items Excluding Goodwill": NaN,
        "Net Income From Continuing Operation Net Minority Interest": NaN,
        "Reconciled Depreciation": NaN,
        "Reconciled Cost Of Revenue": NaN,
        "EBITDA": NaN,
        "EBIT": NaN,
        "Net Interest Income": NaN,
        "Interest Expense": NaN,
        "Interest Income": NaN,
        "Normalized Income": NaN,
        "Net Income From Continuing And Discontinued Operation": NaN,
        "Total Expenses": NaN,
        "Total Operating Income As Reported": NaN,
        "Diluted Average Shares": NaN,
        "Basic Average Shares": NaN,
        "Diluted EPS": NaN,
        "Basic EPS": NaN,
        "Diluted NI Availto Com Stockholders": NaN,
        "Net Income Common Stockholders": NaN,
        "Net Income": NaN,
        "Net Income Including Noncontrolling Interests": NaN,
        "Net Income Continuous Operations": NaN,
        "Earnings From Equity Interest Net Of Tax": NaN,
        "Tax Provision": NaN,
        "Pretax Income": NaN,
        "Other Income Expense": NaN,
        "Other Non Operating Income Expenses": NaN,
        "Gain On Sale Of Security": NaN,
        "Net Non Operating Interest Income Expense": NaN,
        "Total Other Finance Cost": -6301000.0,
        "Interest Expense Non Operating": NaN,
        "Interest Income Non Operating": NaN,
        "Operating Income": NaN,
        "Operating Expense": NaN,
        "Research And Development": NaN,
        "Selling General And Administration": NaN,
        "Selling And Marketing Expense": NaN,
        "General And Administrative Expense": NaN,
        "Other Gand A": NaN,
        "Gross Profit": NaN,
        "Cost Of Revenue": NaN,
        "Total Revenue": NaN,
        "Operating Revenue": NaN
    },
    "2022-06-30": {
        "Tax Effect Of Unusual Items": 3898562.586546,
        "Tax Rate For Calcs": 0.272341,
        "Normalized EBITDA": -280922000.0,
        "Total Unusual Items": 14315000.0,
        "Total Unusual Items Excluding Goodwill": 14315000.0,
        "Net Income From Continuing Operation Net Minority Interest": -217103000.0,
        "Reconciled Depreciation": 42315000.0,
        "Reconciled Cost Of Revenue": 312767000.0,
        "EBITDA": -266607000.0,
        "EBIT": -308922000.0,
        "Net Interest Income": 1929000.0,
        "Interest Expense": NaN,
        "Interest Income": 1929000.0,
        "Normalized Income": -227519437.413454,
        "Net Income From Continuing And Discontinued Operation": -217103000.0,
        "Total Expenses": 775107000.0,
        "Total Operating Income As Reported": -308922000.0,
        "Diluted Average Shares": 437033000.0,
        "Basic Average Shares": 437033000.0,
        "Diluted EPS": -0.5,
        "Basic EPS": -0.5,
        "Diluted NI Availto Com Stockholders": -217103000.0,
        "Net Income Common Stockholders": -217103000.0,
        "Net Income": -217103000.0,
        "Net Income Including Noncontrolling Interests": -217103000.0,
        "Net Income Continuous Operations": -217103000.0,
        "Earnings From Equity Interest Net Of Tax": -78000.0,
        "Tax Provision": -81226000.0,
        "Pretax Income": -298251000.0,
        "Other Income Expense": 8742000.0,
        "Other Non Operating Income Expenses": -5573000.0,
        "Gain On Sale Of Security": 14315000.0,
        "Net Non Operating Interest Income Expense": 1929000.0,
        "Total Other Finance Cost": NaN,
        "Interest Expense Non Operating": NaN,
        "Interest Income Non Operating": 1929000.0,
        "Operating Income": -308922000.0,
        "Operating Expense": 462340000.0,
        "Research And Development": 77202000.0,
        "Selling General And Administration": 385138000.0,
        "Selling And Marketing Expense": 197529000.0,
        "General And Administrative Expense": 187609000.0,
        "Other Gand A": 187609000.0,
        "Gross Profit": 153418000.0,
        "Cost Of Revenue": 312767000.0,
        "Total Revenue": 466185000.0,
        "Operating Revenue": 466185000.0
    },
    "2022-03-31": {
        "Diluted EPS": -1.14,
        "Total Revenue": 417,
        "Gross Profit": 104,
        "Operating Income": -516,
        "EBIT": -483,
        "Net Income": -468
    },
    "2021-12-31": {
        "Diluted EPS": -0.8,
        "Total Revenue": 473,
        "Gross Profit": 220,
        "Operating Income": -369,
        "EBIT": -336,
        "Net Income": -326
    },
    "2021-09-30": {
        "Diluted EPS": -1.35,
        "Total Revenue": 213,
        "Gross Profit": 42,
        "Operating Income": -547,
        "EBIT": -516,
        "Net Income": -545
    },
    "2021-06-30": {
        "Diluted EPS": -0.76,
        "Total Revenue": 298,
        "Gross Profit": 111,
        "Operating Income": -322,
        "EBIT": -292,
        "Net Income": -306
    },
    "2021-03-31": {
        "Diluted EPS": -0.87,
        "Total Revenue": 312,
        "Gross Profit": 129,
        "Operating Income": -325,
        "EBIT": -297,
        "Net Income": -346
    },
    "2020-12-31": {
        "Diluted EPS": -0.75,
        "Total Revenue": 322,
        "Gross Profit": 163,
        "Operating Income": -268,
        "EBIT": -241,
        "Net Income": -243
    },
    "2020-09-30": {
        "Diluted EPS": -1.11,
        "Total Revenue": 133,
        "Gross Profit": 36,
        "Operating Income": -348,
        "EBIT": -322,
        "Net Income": -396
    },
    "2020-06-30": {
        "Diluted EPS": -1.8,
        "Total Revenue": 71,
        "Gross Profit": 24,
        "Operating Income": -160,
        "EBIT": -142,
        "Net Income": -525
    },
    "2020-03-31": {
        "Diluted EPS": -0.37,
        "Total Revenue": 89,
        "Gross Profit": 45,
        "Operating Income": -66,
        "EBIT": -61,
        "Net Income": -69
    },
    "2019-12-31": {
        "Diluted EPS": 0.0,
        "Total Revenue": NaN,
        "Gross Profit": NaN,
        "Operating Income": NaN,
        "EBIT": NaN,
        "Net Income": NaN
    },
    "2019-09-30": {
        "Diluted EPS": -0.3,
        "Total Revenue": 67,
        "Gross Profit": 42,
        "Operating Income": -56,
        "EBIT": -53,
        "Net Income": -56
    },
    "2019-06-30": {
        "Diluted EPS": -0.15,
        "Total Revenue": 57,
        "Gross Profit": 40,
        "Operating Income": -29,
        "EBIT": -29,
        "Net Income": -28
    },
    "2019-03-31": {
        "Diluted EPS": 0.0,
        "Total Revenue": NaN,
        "Gross Profit": NaN,
        "Operating Income": NaN,
        "EBIT": NaN,
        "Net Income": NaN
    },
    "2018-12-31": {
        "Diluted EPS": 0.0,
        "Total Revenue": NaN,
        "Gross Profit": NaN,
        "Operating Income": NaN,
        "EBIT": NaN,
        "Net Income": NaN
    },
    "2023-06-30": {
        "Tax Effect Of Unusual Items": -4208610.0,
        "Tax Rate For Calcs": 0.21,
        "Normalized EBITDA": -7325000.0,
        "Total Unusual Items": -20041000.0,
        "Total Unusual Items Excluding Goodwill": -20041000.0,
        "Net Income From Continuing Operation Net Minority Interest": -77270000.0,
        "Reconciled Depreciation": 48264000.0,
        "Reconciled Cost Of Revenue": 510323000.0,
        "EBITDA": -27366000.0,
        "EBIT": -75630000.0,
        "Net Interest Income": 12745000.0,
        "Interest Expense": 666000.0,
        "Interest Income": 13411000.0,
        "Normalized Income": -61437610.0,
        "Net Income From Continuing And Discontinued Operation": -77270000.0,
        "Total Expenses": 943972000.0,
        "Total Operating Income As Reported": -69045000.0,
        "Diluted Average Shares": 454529412.0,
        "Basic Average Shares": 454529412.0,
        "Diluted EPS": -0.17,
        "Basic EPS": -0.17,
        "Diluted NI Availto Com Stockholders": -77270000.0,
        "Net Income Common Stockholders": -77270000.0,
        "Net Income": -77270000.0,
        "Net Income Including Noncontrolling Interests": -77270000.0,
        "Net Income Continuous Operations": -77270000.0,
        "Earnings From Equity Interest Net Of Tax": -323000.0,
        "Tax Provision": 651000.0,
        "Pretax Income": -76296000.0,
        "Other Income Expense": -19996000.0,
        "Other Non Operating Income Expenses": 45000.0,
        "Gain On Sale Of Security": -20041000.0,
        "Net Non Operating Interest Income Expense": 12745000.0,
        "Interest Expense Non Operating": 666000.0,
        "Interest Income Non Operating": 13411000.0,
        "Operating Income": -69045000.0,
        "Operating Expense": 433649000.0,
        "Research And Development": 89906000.0,
        "Selling General And Administration": 343743000.0,
        "Selling And Marketing Expense": 207487000.0,
        "General And Administrative Expense": 136256000.0,
        "Other Gand A": 136256000.0,
        "Gross Profit": 364604000.0,
        "Cost Of Revenue": 510323000.0,
        "Total Revenue": 874927000.0,
        "Operating Revenue": 858420000.0
    },
    "2023-09-30": {
        "Tax Effect Of Unusual Items": -1627710.0,
        "Tax Rate For Calcs": 0.21,
        "Normalized EBITDA": -223138000.0,
        "Total Unusual Items": -7751000.0,
        "Total Unusual Items Excluding Goodwill": -7751000.0,
        "Net Income From Continuing Operation Net Minority Interest": -283103000.0,
        "Reconciled Depreciation": 50245000.0,
        "Reconciled Cost Of Revenue": 543454000.0,
        "EBITDA": -230889000.0,
        "EBIT": -281134000.0,
        "Net Interest Income": 13750000.0,
        "Interest Expense": 670000.0,
        "Interest Income": 14420000.0,
        "Normalized Income": -276979710.0,
        "Net Income From Continuing And Discontinued Operation": -283103000.0,
        "Total Expenses": 1076543000.0,
        "Total Operating Income As Reported": -286586000.0,
        "Diluted Average Shares": 464103279.0,
        "Basic Average Shares": 464103279.0,
        "Diluted EPS": -0.61,
        "Basic EPS": -0.61,
        "Diluted NI Availto Com Stockholders": -283103000.0,
        "Net Income Common Stockholders": -283103000.0,
        "Net Income": -283103000.0,
        "Net Income Including Noncontrolling Interests": -283103000.0,
        "Net Income Continuous Operations": -283103000.0,
        "Earnings From Equity Interest Net Of Tax": -8000.0,
        "Tax Provision": 1291000.0,
        "Pretax Income": -281804000.0,
        "Other Income Expense": -8968000.0,
        "Other Non Operating Income Expenses": -1217000.0,
        "Gain On Sale Of Security": -7751000.0,
        "Net Non Operating Interest Income Expense": 13750000.0,
        "Interest Expense Non Operating": 670000.0,
        "Interest Income Non Operating": 14420000.0,
        "Operating Income": -286586000.0,
        "Operating Expense": 533089000.0,
        "Research And Development": 89005000.0,
        "Selling General And Administration": 444084000.0,
        "Selling And Marketing Expense": 313323000.0,
        "General And Administrative Expense": 130761000.0,
        "Other Gand A": 130761000.0,
        "Gross Profit": 246503000.0,
        "Cost Of Revenue": 543454000.0,
        "Total Revenue": 789957000.0,
        "Operating Revenue": 774569000.0
    },
    "2023-12-31": {
        "Tax Effect Of Unusual Items": -2670360.0,
        "Tax Rate For Calcs": 0.21,
        "Normalized EBITDA": 31110000.0,
        "Total Unusual Items": -12716000.0,
        "Total Unusual Items Excluding Goodwill": -12716000.0,
        "Net Income From Continuing Operation Net Minority Interest": -44621000.0,
        "Reconciled Depreciation": 55198000.0,
        "Reconciled Cost Of Revenue": 716658000.0,
        "EBITDA": 18394000.0,
        "EBIT": -36804000.0,
        "Net Interest Income": 18104000.0,
        "Interest Expense": 688000.0,
        "Interest Income": 18792000.0,
        "Normalized Income": -34575360.0,
        "Net Income From Continuing And Discontinued Operation": -44621000.0,
        "Total Expenses": 1274666000.0,
        "Total Operating Income As Reported": -43809000.0,
        "Diluted Average Shares": 468100000.0,
        "Basic Average Shares": 468100000.0,
        "Diluted EPS": -0.1,
        "Basic EPS": -0.1,
        "Diluted NI Availto Com Stockholders": -44621000.0,
        "Net Income Common Stockholders": -44621000.0,
        "Net Income": -44621000.0,
        "Net Income Including Noncontrolling Interests": -44621000.0,
        "Net Income Continuous Operations": -44621000.0,
        "Earnings From Equity Interest Net Of Tax": -269000.0,
        "Tax Provision": 6860000.0,
        "Pretax Income": -37492000.0,
        "Other Income Expense": -11787000.0,
        "Other Non Operating Income Expenses": 929000.0,
        "Gain On Sale Of Security": -12716000.0,
        "Net Non Operating Interest Income Expense": 18104000.0,
        "Interest Expense Non Operating": 688000.0,
        "Interest Income Non Operating": 18792000.0,
        "Operating Income": -43809000.0,
        "Operating Expense": 558008000.0,
        "Research And Development": 88157000.0,
        "Selling General And Administration": 469851000.0,
        "Selling And Marketing Expense": 290775000.0,
        "General And Administrative Expense": 179076000.0,
        "Other Gand A": 179076000.0,
        "Gross Profit": 514199000.0,
        "Cost Of Revenue": 716658000.0,
        "Total Revenue": 1230857000.0,
        "Operating Revenue": 1210383000.0
    },
    "2024-03-31": {
        "Tax Effect Of Unusual Items": -54282.0,
        "Tax Rate For Calcs": 0.003,
        "Normalized EBITDA": -71326000.0,
        "Total Unusual Items": -18094000.0,
        "Total Unusual Items Excluding Goodwill": -18094000.0,
        "Net Income From Continuing Operation Net Minority Interest": -142568000.0,
        "Reconciled Depreciation": 53180000.0,
        "Reconciled Cost Of Revenue": 710069000.0,
        "EBITDA": -89420000.0,
        "EBIT": -142600000.0,
        "Net Interest Income": 14418000.0,
        "Interest Expense": 649000.0,
        "Interest Income": 15067000.0,
        "Normalized Income": -124528282.0,
        "Net Income From Continuing And Discontinued Operation": -142568000.0,
        "Total Expenses": 1313834000.0,
        "Total Operating Income As Reported": -138838000.0,
        "Diluted Average Shares": 474200000.0,
        "Basic Average Shares": 474200000.0,
        "Diluted EPS": -0.3,
        "Basic EPS": -0.3,
        "Diluted NI Availto Com Stockholders": -142568000.0,
        "Net Income Common Stockholders": -142568000.0,
        "Net Income": -142568000.0,
        "Net Income Including Noncontrolling Interests": -142568000.0,
        "Net Income Continuous Operations": -142568000.0,
        "Earnings From Equity Interest Net Of Tax": 330000.0,
        "Tax Provision": -351000.0,
        "Pretax Income": -143249000.0,
        "Other Income Expense": -18829000.0,
        "Other Non Operating Income Expenses": -735000.0,
        "Gain On Sale Of Security": -18094000.0,
        "Net Non Operating Interest Income Expense": 14418000.0,
        "Interest Expense Non Operating": 649000.0,
        "Interest Income Non Operating": 15067000.0,
        "Operating Income": -138838000.0,
        "Operating Expense": 603765000.0,
        "Research And Development": 88815000.0,
        "Selling General And Administration": 514950000.0,
        "Selling And Marketing Expense": 340699000.0,
        "General And Administrative Expense": 174251000.0,
        "Other Gand A": 174251000.0,
        "Gross Profit": 464927000.0,
        "Cost Of Revenue": 710069000.0,
        "Total Revenue": 1174996000.0,
        "Operating Revenue": 1158417000.0
    },
    "2024-06-30": {
        "Tax Effect Of Unusual Items": 2056110.0,
        "Tax Rate For Calcs": 0.21,
        "Normalized EBITDA": 43001000.0,
        "Total Unusual Items": 9791000.0,
        "Total Unusual Items Excluding Goodwill": 9791000.0,
        "Net Income From Continuing Operation Net Minority Interest": 63822000.0,
        "Reconciled Depreciation": 61623000.0,
        "Reconciled Cost Of Revenue": 663414000.0,
        "EBITDA": 52792000.0,
        "EBIT": -8831000.0,
        "Net Interest Income": 13534000.0,
        "Interest Expense": 678000.0,
        "Interest Income": 14212000.0,
        "Normalized Income": 56087110.0,
        "Net Income From Continuing And Discontinued Operation": 63822000.0,
        "Total Expenses": 1136829000.0,
        "Total Operating Income As Reported": -32388000.0,
        "Diluted Average Shares": 518300000.0,
        "Basic Average Shares": 490938462.0,
        "Diluted EPS": 0.12,
        "Basic EPS": 0.13,
        "Diluted NI Availto Com Stockholders": 63822000.0,
        "Net Income Common Stockholders": 63822000.0,
        "Net Income": 63822000.0,
        "Net Income Including Noncontrolling Interests": 63822000.0,
        "Net Income Continuous Operations": 63822000.0,
        "Earnings From Equity Interest Net Of Tax": -239000.0,
        "Tax Provision": -73570000.0,
        "Pretax Income": -9509000.0,
        "Other Income Expense": 9345000.0,
        "Other Non Operating Income Expenses": -446000.0,
        "Gain On Sale Of Security": 9791000.0,
        "Net Non Operating Interest Income Expense": 13534000.0,
        "Interest Expense Non Operating": 678000.0,
        "Interest Income Non Operating": 14212000.0,
        "Operating Income": -32388000.0,
        "Operating Expense": 473415000.0,
        "Research And Development": 92655000.0,
        "Selling General And Administration": 380760000.0,
        "Selling And Marketing Expense": 215676000.0,
        "General And Administrative Expense": 165084000.0,
        "Other Gand A": 165084000.0,
        "Gross Profit": 441027000.0,
        "Cost Of Revenue": 663414000.0,
        "Total Revenue": 1104441000.0,
        "Operating Revenue": 1090945000.0
    },
    "2024-09-30": {
        "Tax Effect Of Unusual Items": 84.0,
        "Tax Rate For Calcs": 0.004,
        "Normalized EBITDA": -204062000.0,
        "Total Unusual Items": 21000.0,
        "Total Unusual Items Excluding Goodwill": 21000.0,
        "Net Income From Continuing Operation Net Minority Interest": -293688000.0,
        "Reconciled Depreciation": 89952000.0,
        "Reconciled Cost Of Revenue": 742434000.0,
        "EBITDA": -204041000.0,
        "EBIT": -293993000.0,
        "Net Interest Income": 8328000.0,
        "Interest Expense": 872000.0,
        "Interest Income": 9200000.0,
        "Normalized Income": -293708916.0,
        "Net Income From Continuing And Discontinued Operation": -293688000.0,
        "Total Expenses": 1394084000.0,
        "Total Operating Income As Reported": -298594000.0,
        "Diluted Average Shares": 486200000.0,
        "Basic Average Shares": 486200000.0,
        "Diluted EPS": -0.6,
        "Basic EPS": -0.6,
        "Diluted NI Availto Com Stockholders": -293688000.0,
        "Net Income Common Stockholders": -293688000.0,
        "Net Income": -293688000.0,
        "Net Income Including Noncontrolling Interests": -293688000.0,
        "Net Income Continuous Operations": -293688000.0,
        "Earnings From Equity Interest Net Of Tax": -110000.0,
        "Tax Provision": -1287000.0,
        "Pretax Income": -294865000.0,
        "Other Income Expense": -4599000.0,
        "Other Non Operating Income Expenses": -4620000.0,
        "Gain On Sale Of Security": 21000.0,
        "Net Non Operating Interest Income Expense": 8328000.0,
        "Interest Expense Non Operating": 872000.0,
        "Interest Income Non Operating": 9200000.0,
        "Operating Income": -298594000.0,
        "Operating Expense": 651650000.0,
        "Research And Development": 103581000.0,
        "Selling General And Administration": 548069000.0,
        "Selling And Marketing Expense": 339943000.0,
        "General And Administrative Expense": 208126000.0,
        "Other Gand A": 208126000.0,
        "Gross Profit": 353056000.0,
        "Cost Of Revenue": 742434000.0,
        "Total Revenue": 1095490000.0,
        "Operating Revenue": 1085790000.0
    }
}