{
    "2023-03-31": {
        "Tax Effect Of Unusual Items": NaN,
        "Tax Rate For Calcs": NaN,
        "Normalized EBITDA": NaN,
        "Total Unusual Items": NaN,
        "Total Unusual Items Excluding Goodwill": NaN,
        "Net Income From Continuing Operation Net Minority Interest": NaN,
        "Reconciled Depreciation": NaN,
        "Reconciled Cost Of Revenue": NaN,
        "EBITDA": NaN,
        "EBIT": NaN,
        "Net Interest Income": NaN,
        "Interest Expense": NaN,
        "Interest Income": 6807000.0,
        "Normalized Income": NaN,
        "Net Income From Continuing And Discontinued Operation": NaN,
        "Total Expenses": NaN,
        "Total Operating Income As Reported": NaN,
        "Diluted Average Shares": NaN,
        "Basic Average Shares": NaN,
        "Diluted EPS": NaN,
        "Basic EPS": NaN,
        "Diluted NI Availto Com Stockholders": NaN,
        "Net Income Common Stockholders": NaN,
        "Net Income": NaN,
        "Minority Interests": NaN,
        "Net Income Including Noncontrolling Interests": NaN,
        "Net Income Continuous Operations": NaN,
        "Tax Provision": NaN,
        "Pretax Income": NaN,
        "Other Income Expense": NaN,
        "Other Non Operating Income Expenses": NaN,
        "Special Income Charges": NaN,
        "Restructuring And Mergern Acquisition": NaN,
        "Net Non Operating Interest Income Expense": NaN,
        "Total Other Finance Cost": NaN,
        "Interest Expense Non Operating": NaN,
        "Interest Income Non Operating": 6807000.0,
        "Operating Income": NaN,
        "Operating Expense": NaN,
        "Research And Development": NaN,
        "Selling General And Administration": NaN,
        "Selling And Marketing Expense": NaN,
        "General And Administrative Expense": NaN,
        "Other Gand A": NaN,
        "Gross Profit": NaN,
        "Cost Of Revenue": NaN,
        "Total Revenue": NaN,
        "Operating Revenue": NaN
    },
    "2022-12-31": {
        "Tax Effect Of Unusual Items": NaN,
        "Tax Rate For Calcs": NaN,
        "Normalized EBITDA": NaN,
        "Total Unusual Items": NaN,
        "Total Unusual Items Excluding Goodwill": NaN,
        "Net Income From Continuing Operation Net Minority Interest": NaN,
        "Reconciled Depreciation": NaN,
        "Reconciled Cost Of Revenue": NaN,
        "EBITDA": NaN,
        "EBIT": NaN,
        "Net Interest Income": NaN,
        "Interest Expense": 81000.0,
        "Interest Income": 4878000.0,
        "Normalized Income": NaN,
        "Net Income From Continuing And Discontinued Operation": NaN,
        "Total Expenses": NaN,
        "Total Operating Income As Reported": NaN,
        "Diluted Average Shares": NaN,
        "Basic Average Shares": NaN,
        "Diluted EPS": NaN,
        "Basic EPS": NaN,
        "Diluted NI Availto Com Stockholders": NaN,
        "Net Income Common Stockholders": NaN,
        "Net Income": NaN,
        "Minority Interests": NaN,
        "Net Income Including Noncontrolling Interests": NaN,
        "Net Income Continuous Operations": NaN,
        "Tax Provision": NaN,
        "Pretax Income": NaN,
        "Other Income Expense": NaN,
        "Other Non Operating Income Expenses": NaN,
        "Special Income Charges": NaN,
        "Restructuring And Mergern Acquisition": NaN,
        "Net Non Operating Interest Income Expense": NaN,
        "Total Other Finance Cost": -4797000.0,
        "Interest Expense Non Operating": 81000.0,
        "Interest Income Non Operating": 4878000.0,
        "Operating Income": NaN,
        "Operating Expense": NaN,
        "Research And Development": NaN,
        "Selling General And Administration": NaN,
        "Selling And Marketing Expense": NaN,
        "General And Administrative Expense": NaN,
        "Other Gand A": NaN,
        "Gross Profit": NaN,
        "Cost Of Revenue": NaN,
        "Total Revenue": NaN,
        "Operating Revenue": NaN
    },
    "2022-09-30": {
        "Tax Effect Of Unusual Items": NaN,
        "Tax Rate For Calcs": NaN,
        "Normalized EBITDA": NaN,
        "Total Unusual Items": NaN,
        "Total Unusual Items Excluding Goodwill": NaN,
        "Net Income From Continuing Operation Net Minority Interest": NaN,
        "Reconciled Depreciation": NaN,
        "Reconciled Cost Of Revenue": NaN,
        "EBITDA": NaN,
        "EBIT": NaN,
        "Net Interest Income": NaN,
        "Interest Expense": 139000.0,
        "Interest Income": 3338000.0,
        "Normalized Income": NaN,
        "Net Income From Continuing And Discontinued Operation": NaN,
        "Total Expenses": NaN,
        "Total Operating Income As Reported": NaN,
        "Diluted Average Shares": NaN,
        "Basic Average Shares": NaN,
        "Diluted EPS": NaN,
        "Basic EPS": NaN,
        "Diluted NI Availto Com Stockholders": NaN,
        "Net Income Common Stockholders": NaN,
        "Net Income": NaN,
        "Minority Interests": NaN,
        "Net Income Including Noncontrolling Interests": NaN,
        "Net Income Continuous Operations": NaN,
        "Tax Provision": NaN,
        "Pretax Income": NaN,
        "Other Income Expense": NaN,
        "Other Non Operating Income Expenses": NaN,
        "Special Income Charges": NaN,
        "Gain On Sale Of Ppe": 0.0,
        "Restructuring And Mergern Acquisition": NaN,
        "Net Non Operating Interest Income Expense": NaN,
        "Total Other Finance Cost": NaN,
        "Interest Expense Non Operating": 139000.0,
        "Interest Income Non Operating": 3338000.0,
        "Operating Income": NaN,
        "Operating Expense": NaN,
        "Research And Development": NaN,
        "Selling General And Administration": NaN,
        "Selling And Marketing Expense": NaN,
        "General And Administrative Expense": NaN,
        "Other Gand A": NaN,
        "Gross Profit": NaN,
        "Cost Of Revenue": NaN,
        "Total Revenue": NaN,
        "Operating Revenue": NaN
    },
    "2022-06-30": {
        "Tax Effect Of Unusual Items": -193248.0,
        "Tax Rate For Calcs": 0.198,
        "Normalized EBITDA": 77727000.0,
        "Total Unusual Items": -976000.0,
        "Total Unusual Items Excluding Goodwill": -976000.0,
        "Net Income From Continuing Operation Net Minority Interest": 39597000.0,
        "Reconciled Depreciation": 27255000.0,
        "Reconciled Cost Of Revenue": 35957000.0,
        "EBITDA": 76751000.0,
        "EBIT": 49496000.0,
        "Net Interest Income": 1332000.0,
        "Interest Expense": 84000.0,
        "Interest Income": 1416000.0,
        "Normalized Income": 40379752.0,
        "Net Income From Continuing And Discontinued Operation": 39597000.0,
        "Total Expenses": 243043000.0,
        "Total Operating Income As Reported": 45566000.0,
        "Diluted Average Shares": 101474000.0,
        "Basic Average Shares": 100213000.0,
        "Diluted EPS": 0.39,
        "Basic EPS": 0.4,
        "Diluted NI Availto Com Stockholders": 39597000.0,
        "Net Income Common Stockholders": 39597000.0,
        "Net Income": 39597000.0,
        "Minority Interests": -13000.0,
        "Net Income Including Noncontrolling Interests": 39610000.0,
        "Net Income Continuous Operations": 39610000.0,
        "Tax Provision": 9802000.0,
        "Pretax Income": 49412000.0,
        "Other Income Expense": 1538000.0,
        "Other Non Operating Income Expenses": 2514000.0,
        "Special Income Charges": -976000.0,
        "Gain On Sale Of Ppe": 0.0,
        "Restructuring And Mergern Acquisition": 976000.0,
        "Net Non Operating Interest Income Expense": 1332000.0,
        "Interest Expense Non Operating": 84000.0,
        "Interest Income Non Operating": 1416000.0,
        "Operating Income": 46542000.0,
        "Operating Expense": 207086000.0,
        "Research And Development": 62859000.0,
        "Selling General And Administration": 144227000.0,
        "Selling And Marketing Expense": 87114000.0,
        "General And Administrative Expense": 57113000.0,
        "Other Gand A": 57113000.0,
        "Gross Profit": 253628000.0,
        "Cost Of Revenue": 35957000.0,
        "Total Revenue": 289585000.0,
        "Operating Revenue": 289585000.0
    },
    "2023-06-30": {
        "Tax Effect Of Unusual Items": NaN,
        "Tax Rate For Calcs": NaN,
        "Normalized EBITDA": NaN,
        "Total Unusual Items": NaN,
        "Total Unusual Items Excluding Goodwill": NaN,
        "Net Income From Continuing Operation Net Minority Interest": NaN,
        "Reconciled Depreciation": NaN,
        "Reconciled Cost Of Revenue": NaN,
        "EBITDA": NaN,
        "EBIT": NaN,
        "Net Interest Income": NaN,
        "Interest Expense": 114000.0,
        "Interest Income": 7316000.0,
        "Normalized Income": NaN,
        "Net Income From Continuing And Discontinued Operation": NaN,
        "Total Expenses": NaN,
        "Total Operating Income As Reported": NaN,
        "Diluted Average Shares": NaN,
        "Basic Average Shares": NaN,
        "Diluted EPS": NaN,
        "Basic EPS": NaN,
        "Diluted NI Availto Com Stockholders": NaN,
        "Net Income Common Stockholders": NaN,
        "Net Income": NaN,
        "Minority Interests": NaN,
        "Net Income Including Noncontrolling Interests": NaN,
        "Net Income Continuous Operations": NaN,
        "Tax Provision": NaN,
        "Pretax Income": NaN,
        "Other Income Expense": NaN,
        "Other Non Operating Income Expenses": NaN,
        "Special Income Charges": NaN,
        "Restructuring And Mergern Acquisition": NaN,
        "Net Non Operating Interest Income Expense": NaN,
        "Total Other Finance Cost": -7202000.0,
        "Interest Expense Non Operating": 114000.0,
        "Interest Income Non Operating": 7316000.0,
        "Operating Income": NaN,
        "Operating Expense": NaN,
        "Research And Development": NaN,
        "Selling General And Administration": NaN,
        "Selling And Marketing Expense": NaN,
        "General And Administrative Expense": NaN,
        "Other Gand A": NaN,
        "Gross Profit": NaN,
        "Cost Of Revenue": NaN,
        "Total Revenue": NaN,
        "Operating Revenue": NaN
    },
    "2022-03-31": {
        "Diluted EPS": 0.36,
        "Total Revenue": 334,
        "Gross Profit": 299,
        "Operating Income": 43,
        "EBIT": 70,
        "Net Income": 37
    },
    "2021-12-31": {
        "Diluted EPS": 0.77,
        "Total Revenue": 352,
        "Gross Profit": 319,
        "Operating Income": 91,
        "EBIT": 118,
        "Net Income": 80
    },
    "2021-09-30": {
        "Diluted EPS": 0.42,
        "Total Revenue": 285,
        "Gross Profit": 254,
        "Operating Income": 40,
        "EBIT": 70,
        "Net Income": 44
    },
    "2021-06-30": {
        "Diluted EPS": 0.52,
        "Total Revenue": 287,
        "Gross Profit": 255,
        "Operating Income": 56,
        "EBIT": 84,
        "Net Income": 55
    },
    "2021-03-31": {
        "Diluted EPS": 0.73,
        "Total Revenue": 320,
        "Gross Profit": 287,
        "Operating Income": 83,
        "EBIT": 113,
        "Net Income": 76
    },
    "2020-12-31": {
        "Diluted EPS": 1.3,
        "Total Revenue": 390,
        "Gross Profit": 355,
        "Operating Income": 165,
        "EBIT": 191,
        "Net Income": 135
    },
    "2020-09-30": {
        "Diluted EPS": 0.26,
        "Total Revenue": 271,
        "Gross Profit": 229,
        "Operating Income": 30,
        "EBIT": 78,
        "Net Income": 27
    },
    "2020-06-30": {
        "Diluted EPS": 0.66,
        "Total Revenue": 247,
        "Gross Profit": 217,
        "Operating Income": 34,
        "EBIT": 58,
        "Net Income": 67
    },
    "2020-03-31": {
        "Diluted EPS": 0.86,
        "Total Revenue": 352,
        "Gross Profit": 315,
        "Operating Income": 106,
        "EBIT": 126,
        "Net Income": 88
    },
    "2019-12-31": {
        "Diluted EPS": 0.47,
        "Total Revenue": 292,
        "Gross Profit": 255,
        "Operating Income": 49,
        "EBIT": 69,
        "Net Income": 49
    },
    "2019-09-30": {
        "Diluted EPS": 0.43,
        "Total Revenue": 299,
        "Gross Profit": 253,
        "Operating Income": 51,
        "EBIT": 74,
        "Net Income": 44
    },
    "2019-06-30": {
        "Diluted EPS": 0.38,
        "Total Revenue": 302,
        "Gross Profit": 262,
        "Operating Income": 34,
        "EBIT": 56,
        "Net Income": 40
    },
    "2019-03-31": {
        "Diluted EPS": 0.7,
        "Total Revenue": 338,
        "Gross Profit": 302,
        "Operating Income": 103,
        "EBIT": 124,
        "Net Income": 73
    },
    "2018-12-31": {
        "Diluted EPS": 0.93,
        "Total Revenue": 302,
        "Gross Profit": 264,
        "Operating Income": 69,
        "EBIT": 89,
        "Net Income": 98
    },
    "2018-09-30": {
        "Diluted EPS": 0.27,
        "Total Revenue": 241,
        "Gross Profit": 209,
        "Operating Income": 13,
        "EBIT": 33,
        "Net Income": 27
    },
    "2018-06-30": {
        "Diluted EPS": 0.03,
        "Total Revenue": 215,
        "Gross Profit": 180,
        "Operating Income": -8,
        "EBIT": 14,
        "Net Income": 3
    },
    "2018-03-31": {
        "Diluted EPS": 0.61,
        "Total Revenue": 300,
        "Gross Profit": 269,
        "Operating Income": 85,
        "EBIT": 106,
        "Net Income": 65
    },
    "2017-12-31": {
        "Diluted EPS": -0.52,
        "Total Revenue": 300,
        "Gross Profit": 269,
        "Operating Income": 94,
        "EBIT": 115,
        "Net Income": -53
    },
    "2017-09-30": {
        "Diluted EPS": 0.27,
        "Total Revenue": 241,
        "Gross Profit": 211,
        "Operating Income": 22,
        "EBIT": 42,
        "Net Income": 26
    },
    "2017-06-30": {
        "Diluted EPS": 0.73,
        "Total Revenue": 306,
        "Gross Profit": 274,
        "Operating Income": 96,
        "EBIT": 117,
        "Net Income": 76
    },
    "2017-03-31": {
        "Diluted EPS": 0.49,
        "Total Revenue": 267,
        "Gross Profit": 240,
        "Operating Income": 63,
        "EBIT": 86,
        "Net Income": 51
    },
    "2016-12-31": {
        "Diluted EPS": 0.51,
        "Total Revenue": 266,
        "Gross Profit": 236,
        "Operating Income": 66,
        "EBIT": 89,
        "Net Income": 53
    },
    "2016-09-30": {
        "Diluted EPS": 0.23,
        "Total Revenue": 233,
        "Gross Profit": 203,
        "Operating Income": 29,
        "EBIT": 51,
        "Net Income": 24
    },
    "2016-06-30": {
        "Diluted EPS": 0.62,
        "Total Revenue": 278,
        "Gross Profit": 253,
        "Operating Income": 81,
        "EBIT": 103,
        "Net Income": 64
    },
    "2016-03-31": {
        "Diluted EPS": 0.66,
        "Total Revenue": 274,
        "Gross Profit": 250,
        "Operating Income": 82,
        "EBIT": 104,
        "Net Income": 67
    },
    "2015-12-31": {
        "Diluted EPS": 0.3,
        "Total Revenue": 241,
        "Gross Profit": 211,
        "Operating Income": 39,
        "EBIT": 63,
        "Net Income": 31
    },
    "2015-09-30": {
        "Diluted EPS": 0.45,
        "Total Revenue": 233,
        "Gross Profit": 207,
        "Operating Income": 36,
        "EBIT": 56,
        "Net Income": 47
    },
    "2015-06-30": {
        "Diluted EPS": 0.34,
        "Total Revenue": 232,
        "Gross Profit": 207,
        "Operating Income": 45,
        "EBIT": 65,
        "Net Income": 36
    },
    "2015-03-31": {
        "Diluted EPS": 0.56,
        "Total Revenue": 272,
        "Gross Profit": 247,
        "Operating Income": 79,
        "EBIT": 98,
        "Net Income": 58
    },
    "2014-12-31": {
        "Diluted EPS": 0.4,
        "Total Revenue": 234,
        "Gross Profit": 215,
        "Operating Income": 54,
        "EBIT": 72,
        "Net Income": 41
    },
    "2014-09-30": {
        "Diluted EPS": 0.45,
        "Total Revenue": 227,
        "Gross Profit": 215,
        "Operating Income": 58,
        "EBIT": 75,
        "Net Income": 46
    },
    "2014-06-30": {
        "Diluted EPS": 0.38,
        "Total Revenue": 223,
        "Gross Profit": 204,
        "Operating Income": 51,
        "EBIT": 67,
        "Net Income": 40
    },
    "2014-03-31": {
        "Diluted EPS": 0.73,
        "Total Revenue": 279,
        "Gross Profit": 261,
        "Operating Income": 105,
        "EBIT": 120,
        "Net Income": 76
    },
    "2013-12-31": {
        "Diluted EPS": 0.43,
        "Total Revenue": 231,
        "Gross Profit": 210,
        "Operating Income": 60,
        "EBIT": 75,
        "Net Income": 45
    },
    "2013-09-30": {
        "Diluted EPS": 0.45,
        "Total Revenue": 217,
        "Gross Profit": 193,
        "Operating Income": 57,
        "EBIT": 73,
        "Net Income": 46
    },
    "2013-06-30": {
        "Diluted EPS": 0.29,
        "Total Revenue": 207,
        "Gross Profit": 183,
        "Operating Income": 37,
        "EBIT": 52,
        "Net Income": 30
    },
    "2013-03-31": {
        "Diluted EPS": 0.6,
        "Total Revenue": 249,
        "Gross Profit": 226,
        "Operating Income": 84,
        "EBIT": 100,
        "Net Income": 62
    },
    "2012-12-31": {
        "Diluted EPS": 0.5,
        "Total Revenue": 237,
        "Gross Profit": 211,
        "Operating Income": 67,
        "EBIT": 84,
        "Net Income": 51
    },
    "2012-09-30": {
        "Diluted EPS": 0.5,
        "Total Revenue": 226,
        "Gross Profit": 199,
        "Operating Income": 72,
        "EBIT": 88,
        "Net Income": 51
    },
    "2012-06-30": {
        "Diluted EPS": 0.48,
        "Total Revenue": 210,
        "Gross Profit": 189,
        "Operating Income": 68,
        "EBIT": 83,
        "Net Income": 52
    },
    "2012-03-31": {
        "Diluted EPS": 0.81,
        "Total Revenue": 263,
        "Gross Profit": 239,
        "Operating Income": 121,
        "EBIT": 136,
        "Net Income": 88
    },
    "2011-12-31": {
        "Diluted EPS": 0.67,
        "Total Revenue": 234,
        "Gross Profit": 214,
        "Operating Income": 101,
        "EBIT": 116,
        "Net Income": 73
    },
    "2011-09-30": {
        "Diluted EPS": 0.72,
        "Total Revenue": 249,
        "Gross Profit": 224,
        "Operating Income": 112,
        "EBIT": 127,
        "Net Income": 79
    },
    "2011-06-30": {
        "Diluted EPS": 0.55,
        "Total Revenue": 219,
        "Gross Profit": 191,
        "Operating Income": 88,
        "EBIT": 105,
        "Net Income": 62
    },
    "2011-03-31": {
        "Diluted EPS": 0.72,
        "Total Revenue": 250,
        "Gross Profit": 222,
        "Operating Income": 120,
        "EBIT": 137,
        "Net Income": 82
    },
    "2010-12-31": {
        "Diluted EPS": 0.76,
        "Total Revenue": 243,
        "Gross Profit": 214,
        "Operating Income": 109,
        "EBIT": 122,
        "Net Income": 86
    },
    "2010-09-30": {
        "Diluted EPS": 0.58,
        "Total Revenue": 228,
        "Gross Profit": 201,
        "Operating Income": 97,
        "EBIT": 109,
        "Net Income": 65
    },
    "2010-06-30": {
        "Diluted EPS": 0.55,
        "Total Revenue": 230,
        "Gross Profit": 190,
        "Operating Income": 96,
        "EBIT": 106,
        "Net Income": 63
    },
    "2010-03-31": {
        "Diluted EPS": 0.74,
        "Total Revenue": 243,
        "Gross Profit": 214,
        "Operating Income": 132,
        "EBIT": 144,
        "Net Income": 86
    },
    "2009-12-31": {
        "Diluted EPS": 0.59,
        "Total Revenue": 221,
        "Gross Profit": 185,
        "Operating Income": 104,
        "EBIT": 114,
        "Net Income": 69
    },
    "2009-09-30": {
        "Diluted EPS": 0.39,
        "Total Revenue": 164,
        "Gross Profit": 147,
        "Operating Income": 65,
        "EBIT": 74,
        "Net Income": 44
    },
    "2009-06-30": {
        "Diluted EPS": 0.44,
        "Total Revenue": 171,
        "Gross Profit": 151,
        "Operating Income": 78,
        "EBIT": 87,
        "Net Income": 51
    },
    "2009-03-31": {
        "Diluted EPS": 0.6,
        "Total Revenue": 204,
        "Gross Profit": 172,
        "Operating Income": 106,
        "EBIT": 115,
        "Net Income": 69
    },
    "2023-09-30": {
        "Tax Effect Of Unusual Items": -6425160.0,
        "Tax Rate For Calcs": 0.21,
        "Normalized EBITDA": 76486000.0,
        "Total Unusual Items": -30596000.0,
        "Total Unusual Items Excluding Goodwill": -30596000.0,
        "Net Income From Continuing Operation Net Minority Interest": 9186000.0,
        "Reconciled Depreciation": 24257000.0,
        "Reconciled Cost Of Revenue": 35552000.0,
        "EBITDA": 45890000.0,
        "EBIT": 21633000.0,
        "Net Interest Income": 9280000.0,
        "Interest Expense": NaN,
        "Interest Income": NaN,
        "Normalized Income": 33356840.0,
        "Net Income From Continuing And Discontinued Operation": 9186000.0,
        "Total Expenses": 263460000.0,
        "Total Operating Income As Reported": -3494000.0,
        "Diluted Average Shares": 97678000.0,
        "Basic Average Shares": 95701000.0,
        "Diluted EPS": 0.09,
        "Basic EPS": 0.1,
        "Diluted NI Availto Com Stockholders": 9186000.0,
        "Net Income Common Stockholders": 9186000.0,
        "Net Income": 9186000.0,
        "Minority Interests": -722000.0,
        "Net Income Including Noncontrolling Interests": 9908000.0,
        "Net Income Continuous Operations": 9908000.0,
        "Tax Provision": -875000.0,
        "Pretax Income": 9033000.0,
        "Other Income Expense": -27349000.0,
        "Other Non Operating Income Expenses": 3247000.0,
        "Special Income Charges": -30596000.0,
        "Restructuring And Mergern Acquisition": 30596000.0,
        "Net Non Operating Interest Income Expense": 9280000.0,
        "Total Other Finance Cost": NaN,
        "Interest Expense Non Operating": NaN,
        "Interest Income Non Operating": NaN,
        "Operating Income": 27102000.0,
        "Operating Expense": 227908000.0,
        "Research And Development": 70426000.0,
        "Selling General And Administration": 157482000.0,
        "Selling And Marketing Expense": 90870000.0,
        "General And Administrative Expense": 66612000.0,
        "Other Gand A": 66612000.0,
        "Gross Profit": 255010000.0,
        "Cost Of Revenue": 35552000.0,
        "Total Revenue": 290562000.0,
        "Operating Revenue": 290562000.0
    },
    "2023-12-31": {
        "Tax Effect Of Unusual Items": -998924.0,
        "Tax Rate For Calcs": 0.164,
        "Normalized EBITDA": 99363000.0,
        "Total Unusual Items": -6091000.0,
        "Total Unusual Items Excluding Goodwill": -6091000.0,
        "Net Income From Continuing Operation Net Minority Interest": 66981000.0,
        "Reconciled Depreciation": 20960000.0,
        "Reconciled Cost Of Revenue": 32060000.0,
        "EBITDA": 93272000.0,
        "EBIT": 72312000.0,
        "Net Interest Income": 9187000.0,
        "Interest Expense": NaN,
        "Interest Income": NaN,
        "Normalized Income": 72073076.0,
        "Net Income From Continuing And Discontinued Operation": 66981000.0,
        "Total Expenses": 243262000.0,
        "Total Operating Income As Reported": 66221000.0,
        "Diluted Average Shares": 97439000.0,
        "Basic Average Shares": 95376000.0,
        "Diluted EPS": 0.69,
        "Basic EPS": 0.7,
        "Diluted NI Availto Com Stockholders": 66981000.0,
        "Net Income Common Stockholders": 66981000.0,
        "Net Income": 66981000.0,
        "Minority Interests": -600000.0,
        "Net Income Including Noncontrolling Interests": 67581000.0,
        "Net Income Continuous Operations": 67581000.0,
        "Tax Provision": 13252000.0,
        "Pretax Income": 80833000.0,
        "Other Income Expense": -666000.0,
        "Other Non Operating Income Expenses": 5425000.0,
        "Special Income Charges": -6091000.0,
        "Restructuring And Mergern Acquisition": 6091000.0,
        "Net Non Operating Interest Income Expense": 9187000.0,
        "Total Other Finance Cost": -9187000.0,
        "Interest Expense Non Operating": NaN,
        "Interest Income Non Operating": NaN,
        "Operating Income": 72312000.0,
        "Operating Expense": 211202000.0,
        "Research And Development": 67033000.0,
        "Selling General And Administration": 144169000.0,
        "Selling And Marketing Expense": 79003000.0,
        "General And Administrative Expense": 65166000.0,
        "Other Gand A": 65166000.0,
        "Gross Profit": 283514000.0,
        "Cost Of Revenue": 32060000.0,
        "Total Revenue": 315574000.0,
        "Operating Revenue": 315574000.0
    },
    "2024-03-31": {
        "Tax Effect Of Unusual Items": 481535.0,
        "Tax Rate For Calcs": 0.193,
        "Normalized EBITDA": 124755000.0,
        "Total Unusual Items": 2495000.0,
        "Total Unusual Items Excluding Goodwill": 2495000.0,
        "Net Income From Continuing Operation Net Minority Interest": 97830000.0,
        "Reconciled Depreciation": 20777000.0,
        "Reconciled Cost Of Revenue": 38777000.0,
        "EBITDA": 127250000.0,
        "EBIT": 106473000.0,
        "Net Interest Income": 8597000.0,
        "Interest Expense": NaN,
        "Interest Income": 8597000.0,
        "Normalized Income": 95816535.0,
        "Net Income From Continuing And Discontinued Operation": 97830000.0,
        "Total Expenses": 258050000.0,
        "Total Operating Income As Reported": 108968000.0,
        "Diluted Average Shares": 96856000.0,
        "Basic Average Shares": 95718000.0,
        "Diluted EPS": 1.01,
        "Basic EPS": 1.02,
        "Diluted NI Availto Com Stockholders": 97830000.0,
        "Net Income Common Stockholders": 97830000.0,
        "Net Income": 97830000.0,
        "Minority Interests": -384000.0,
        "Net Income Including Noncontrolling Interests": 98214000.0,
        "Net Income Continuous Operations": 98214000.0,
        "Tax Provision": 23534000.0,
        "Pretax Income": 121748000.0,
        "Other Income Expense": 6678000.0,
        "Other Non Operating Income Expenses": 4183000.0,
        "Special Income Charges": 2495000.0,
        "Restructuring And Mergern Acquisition": -2495000.0,
        "Net Non Operating Interest Income Expense": 8597000.0,
        "Total Other Finance Cost": NaN,
        "Interest Expense Non Operating": NaN,
        "Interest Income Non Operating": 8597000.0,
        "Operating Income": 106473000.0,
        "Operating Expense": 219273000.0,
        "Research And Development": 62493000.0,
        "Selling General And Administration": 156780000.0,
        "Selling And Marketing Expense": 90038000.0,
        "General And Administrative Expense": 66742000.0,
        "Other Gand A": 66742000.0,
        "Gross Profit": 325746000.0,
        "Cost Of Revenue": 38777000.0,
        "Total Revenue": 364523000.0,
        "Operating Revenue": 364523000.0
    },
    "2024-06-30": {
        "Tax Effect Of Unusual Items": -852302.0,
        "Tax Rate For Calcs": 0.209,
        "Normalized EBITDA": 66146000.0,
        "Total Unusual Items": -4078000.0,
        "Total Unusual Items Excluding Goodwill": -4078000.0,
        "Net Income From Continuing Operation Net Minority Interest": 38444000.0,
        "Reconciled Depreciation": 21207000.0,
        "Reconciled Cost Of Revenue": 35663000.0,
        "EBITDA": 62068000.0,
        "EBIT": 40861000.0,
        "Net Interest Income": 9439000.0,
        "Interest Expense": NaN,
        "Interest Income": NaN,
        "Normalized Income": 41669698.0,
        "Net Income From Continuing And Discontinued Operation": 38444000.0,
        "Total Expenses": 247957000.0,
        "Total Operating Income As Reported": 36783000.0,
        "Diluted Average Shares": 96959000.0,
        "Basic Average Shares": 95686000.0,
        "Diluted EPS": 0.4,
        "Basic EPS": 0.4,
        "Diluted NI Availto Com Stockholders": 38444000.0,
        "Net Income Common Stockholders": 38444000.0,
        "Net Income": 38444000.0,
        "Minority Interests": -1211000.0,
        "Net Income Including Noncontrolling Interests": 39655000.0,
        "Net Income Continuous Operations": 39655000.0,
        "Tax Provision": 10509000.0,
        "Pretax Income": 50164000.0,
        "Other Income Expense": -136000.0,
        "Other Non Operating Income Expenses": 3942000.0,
        "Special Income Charges": -4078000.0,
        "Restructuring And Mergern Acquisition": 4078000.0,
        "Net Non Operating Interest Income Expense": 9439000.0,
        "Total Other Finance Cost": -9439000.0,
        "Interest Expense Non Operating": NaN,
        "Interest Income Non Operating": NaN,
        "Operating Income": 40861000.0,
        "Operating Expense": 212294000.0,
        "Research And Development": 65501000.0,
        "Selling General And Administration": 146793000.0,
        "Selling And Marketing Expense": 77518000.0,
        "General And Administrative Expense": 69275000.0,
        "Other Gand A": 69275000.0,
        "Gross Profit": 253155000.0,
        "Cost Of Revenue": 35663000.0,
        "Total Revenue": 288818000.0,
        "Operating Revenue": 288818000.0
    },
    "2024-09-30": {
        "Tax Effect Of Unusual Items": 18745.103291,
        "Tax Rate For Calcs": 0.014531,
        "Normalized EBITDA": 68157000.0,
        "Total Unusual Items": 1290000.0,
        "Total Unusual Items Excluding Goodwill": 1290000.0,
        "Net Income From Continuing Operation Net Minority Interest": 58570000.0,
        "Reconciled Depreciation": 24383000.0,
        "Reconciled Cost Of Revenue": 33996000.0,
        "EBITDA": 69447000.0,
        "EBIT": 45064000.0,
        "Net Interest Income": 6854000.0,
        "Interest Expense": NaN,
        "Interest Income": NaN,
        "Normalized Income": 57298745.103291,
        "Net Income From Continuing And Discontinued Operation": 58570000.0,
        "Total Expenses": 259742000.0,
        "Total Operating Income As Reported": 46354000.0,
        "Diluted Average Shares": 96593000.0,
        "Basic Average Shares": 95395000.0,
        "Diluted EPS": 0.61,
        "Basic EPS": 0.61,
        "Diluted NI Availto Com Stockholders": 58570000.0,
        "Net Income Common Stockholders": 58570000.0,
        "Net Income": 58570000.0,
        "Minority Interests": -296000.0,
        "Net Income Including Noncontrolling Interests": 58866000.0,
        "Net Income Continuous Operations": 58866000.0,
        "Tax Provision": 868000.0,
        "Pretax Income": 59734000.0,
        "Other Income Expense": 7816000.0,
        "Other Non Operating Income Expenses": 6526000.0,
        "Special Income Charges": 1290000.0,
        "Restructuring And Mergern Acquisition": -1290000.0,
        "Net Non Operating Interest Income Expense": 6854000.0,
        "Total Other Finance Cost": -6854000.0,
        "Interest Expense Non Operating": NaN,
        "Interest Income Non Operating": NaN,
        "Operating Income": 45064000.0,
        "Operating Expense": 225746000.0,
        "Research And Development": 68636000.0,
        "Selling General And Administration": 157110000.0,
        "Selling And Marketing Expense": 87901000.0,
        "General And Administrative Expense": 69209000.0,
        "Other Gand A": 69209000.0,
        "Gross Profit": 270810000.0,
        "Cost Of Revenue": 33996000.0,
        "Total Revenue": 304806000.0,
        "Operating Revenue": 304806000.0
    },
    "2024-12-31": {
        "Tax Effect Of Unusual Items": -1090144.0,
        "Tax Rate For Calcs": 0.209,
        "Normalized EBITDA": 115509000.0,
        "Total Unusual Items": -5216000.0,
        "Total Unusual Items Excluding Goodwill": -5216000.0,
        "Net Income From Continuing Operation Net Minority Interest": 67822000.0,
        "Reconciled Depreciation": 25197000.0,
        "Reconciled Cost Of Revenue": 40774000.0,
        "EBITDA": 110293000.0,
        "EBIT": 85096000.0,
        "Net Interest Income": 2646000.0,
        "Interest Expense": NaN,
        "Interest Income": NaN,
        "Normalized Income": 71947856.0,
        "Net Income From Continuing And Discontinued Operation": 67822000.0,
        "Total Expenses": 271903000.0,
        "Total Operating Income As Reported": 79880000.0,
        "Diluted Average Shares": 97147000.0,
        "Basic Average Shares": 95615000.0,
        "Diluted EPS": 0.7,
        "Basic EPS": 0.71,
        "Diluted NI Availto Com Stockholders": 67822000.0,
        "Net Income Common Stockholders": 67822000.0,
        "Net Income": 67822000.0,
        "Minority Interests": -248000.0,
        "Net Income Including Noncontrolling Interests": 68070000.0,
        "Net Income Continuous Operations": 68070000.0,
        "Tax Provision": 17981000.0,
        "Pretax Income": 86051000.0,
        "Other Income Expense": -1691000.0,
        "Other Non Operating Income Expenses": 3525000.0,
        "Special Income Charges": -5216000.0,
        "Restructuring And Mergern Acquisition": 5216000.0,
        "Net Non Operating Interest Income Expense": 2646000.0,
        "Total Other Finance Cost": -2646000.0,
        "Interest Expense Non Operating": NaN,
        "Interest Income Non Operating": NaN,
        "Operating Income": 85096000.0,
        "Operating Expense": 231129000.0,
        "Research And Development": 66638000.0,
        "Selling General And Administration": 164491000.0,
        "Selling And Marketing Expense": 94399000.0,
        "General And Administrative Expense": 70092000.0,
        "Other Gand A": 70092000.0,
        "Gross Profit": 316225000.0,
        "Cost Of Revenue": 40774000.0,
        "Total Revenue": 356999000.0,
        "Operating Revenue": 356999000.0
    }
}