{
    "2023-03-31": {
        "Tax Effect Of Unusual Items": NaN,
        "Tax Rate For Calcs": NaN,
        "Normalized EBITDA": NaN,
        "Net Income From Continuing Operation Net Minority Interest": NaN,
        "Reconciled Depreciation": NaN,
        "Reconciled Cost Of Revenue": NaN,
        "EBITDA": NaN,
        "EBIT": NaN,
        "Net Interest Income": NaN,
        "Interest Expense": NaN,
        "Interest Income": 0.0,
        "Normalized Income": NaN,
        "Net Income From Continuing And Discontinued Operation": NaN,
        "Total Expenses": NaN,
        "Total Operating Income As Reported": NaN,
        "Diluted Average Shares": NaN,
        "Basic Average Shares": NaN,
        "Diluted EPS": NaN,
        "Basic EPS": NaN,
        "Diluted NI Availto Com Stockholders": NaN,
        "Net Income Common Stockholders": NaN,
        "Net Income": NaN,
        "Net Income Including Noncontrolling Interests": NaN,
        "Net Income Continuous Operations": NaN,
        "Tax Provision": NaN,
        "Pretax Income": NaN,
        "Net Non Operating Interest Income Expense": NaN,
        "Total Other Finance Cost": NaN,
        "Interest Expense Non Operating": NaN,
        "Interest Income Non Operating": 0.0,
        "Operating Income": NaN,
        "Operating Expense": NaN,
        "Other Operating Expenses": NaN,
        "Depreciation Amortization Depletion Income Statement": NaN,
        "Depreciation And Amortization In Income Statement": NaN,
        "Selling General And Administration": NaN,
        "General And Administrative Expense": NaN,
        "Other Gand A": NaN,
        "Gross Profit": NaN,
        "Cost Of Revenue": NaN,
        "Total Revenue": NaN,
        "Operating Revenue": NaN
    },
    "2022-12-31": {
        "Tax Effect Of Unusual Items": NaN,
        "Tax Rate For Calcs": NaN,
        "Normalized EBITDA": NaN,
        "Net Income From Continuing Operation Net Minority Interest": NaN,
        "Reconciled Depreciation": NaN,
        "Reconciled Cost Of Revenue": NaN,
        "EBITDA": NaN,
        "EBIT": NaN,
        "Net Interest Income": NaN,
        "Interest Expense": NaN,
        "Interest Income": NaN,
        "Normalized Income": NaN,
        "Net Income From Continuing And Discontinued Operation": NaN,
        "Total Expenses": NaN,
        "Total Operating Income As Reported": NaN,
        "Diluted Average Shares": NaN,
        "Basic Average Shares": NaN,
        "Diluted EPS": NaN,
        "Basic EPS": NaN,
        "Diluted NI Availto Com Stockholders": NaN,
        "Net Income Common Stockholders": NaN,
        "Net Income": NaN,
        "Net Income Including Noncontrolling Interests": NaN,
        "Net Income Continuous Operations": NaN,
        "Tax Provision": NaN,
        "Pretax Income": NaN,
        "Net Non Operating Interest Income Expense": NaN,
        "Total Other Finance Cost": NaN,
        "Interest Expense Non Operating": NaN,
        "Interest Income Non Operating": NaN,
        "Operating Income": NaN,
        "Operating Expense": NaN,
        "Other Operating Expenses": 1735000.0,
        "Depreciation Amortization Depletion Income Statement": NaN,
        "Depreciation And Amortization In Income Statement": NaN,
        "Selling General And Administration": NaN,
        "General And Administrative Expense": NaN,
        "Other Gand A": NaN,
        "Gross Profit": NaN,
        "Cost Of Revenue": NaN,
        "Total Revenue": NaN,
        "Operating Revenue": NaN
    },
    "2022-09-30": {
        "Tax Effect Of Unusual Items": NaN,
        "Tax Rate For Calcs": NaN,
        "Normalized EBITDA": NaN,
        "Net Income From Continuing Operation Net Minority Interest": NaN,
        "Reconciled Depreciation": NaN,
        "Reconciled Cost Of Revenue": NaN,
        "EBITDA": NaN,
        "EBIT": NaN,
        "Net Interest Income": NaN,
        "Interest Expense": NaN,
        "Interest Income": NaN,
        "Normalized Income": NaN,
        "Net Income From Continuing And Discontinued Operation": NaN,
        "Total Expenses": NaN,
        "Total Operating Income As Reported": NaN,
        "Diluted Average Shares": NaN,
        "Basic Average Shares": NaN,
        "Diluted EPS": NaN,
        "Basic EPS": NaN,
        "Diluted NI Availto Com Stockholders": NaN,
        "Net Income Common Stockholders": NaN,
        "Net Income": NaN,
        "Net Income Including Noncontrolling Interests": NaN,
        "Net Income Continuous Operations": NaN,
        "Tax Provision": NaN,
        "Pretax Income": NaN,
        "Net Non Operating Interest Income Expense": NaN,
        "Total Other Finance Cost": NaN,
        "Interest Expense Non Operating": NaN,
        "Interest Income Non Operating": NaN,
        "Operating Income": NaN,
        "Operating Expense": NaN,
        "Other Operating Expenses": 364000.0,
        "Depreciation Amortization Depletion Income Statement": NaN,
        "Depreciation And Amortization In Income Statement": NaN,
        "Selling General And Administration": NaN,
        "General And Administrative Expense": NaN,
        "Other Gand A": NaN,
        "Gross Profit": NaN,
        "Cost Of Revenue": NaN,
        "Total Revenue": NaN,
        "Operating Revenue": NaN
    },
    "2022-06-30": {
        "Tax Effect Of Unusual Items": 0.0,
        "Tax Rate For Calcs": 0.26,
        "Normalized EBITDA": 8810000.0,
        "Net Income From Continuing Operation Net Minority Interest": 4864000.0,
        "Reconciled Depreciation": 1874000.0,
        "Reconciled Cost Of Revenue": 49667000.0,
        "EBITDA": 8810000.0,
        "EBIT": 6936000.0,
        "Net Interest Income": -512000.0,
        "Interest Expense": 334000.0,
        "Normalized Income": 4864000.0,
        "Net Income From Continuing And Discontinued Operation": 4864000.0,
        "Total Expenses": 59326000.0,
        "Total Operating Income As Reported": 7114000.0,
        "Diluted Average Shares": 14235000.0,
        "Basic Average Shares": 12812000.0,
        "Diluted EPS": 0.34,
        "Basic EPS": 0.38,
        "Diluted NI Availto Com Stockholders": 4864000.0,
        "Net Income Common Stockholders": 4864000.0,
        "Net Income": 4864000.0,
        "Net Income Including Noncontrolling Interests": 4864000.0,
        "Net Income Continuous Operations": 4864000.0,
        "Tax Provision": 1738000.0,
        "Pretax Income": 6602000.0,
        "Net Non Operating Interest Income Expense": -512000.0,
        "Total Other Finance Cost": 178000.0,
        "Interest Expense Non Operating": 334000.0,
        "Operating Income": 7114000.0,
        "Operating Expense": 9658000.0,
        "Depreciation Amortization Depletion Income Statement": 1873000.0,
        "Depreciation And Amortization In Income Statement": 1873000.0,
        "Selling General And Administration": 7785000.0,
        "General And Administrative Expense": 7785000.0,
        "Other Gand A": 7785000.0,
        "Gross Profit": 16772000.0,
        "Cost Of Revenue": 49668000.0,
        "Total Revenue": 66440000.0,
        "Operating Revenue": 66440000.0
    },
    "2023-06-30": {
        "Tax Effect Of Unusual Items": NaN,
        "Tax Rate For Calcs": NaN,
        "Normalized EBITDA": NaN,
        "Net Income From Continuing Operation Net Minority Interest": NaN,
        "Reconciled Depreciation": NaN,
        "Reconciled Cost Of Revenue": NaN,
        "EBITDA": NaN,
        "EBIT": NaN,
        "Net Interest Income": NaN,
        "Interest Expense": NaN,
        "Interest Income": NaN,
        "Normalized Income": NaN,
        "Net Income From Continuing And Discontinued Operation": NaN,
        "Total Expenses": NaN,
        "Total Operating Income As Reported": NaN,
        "Diluted Average Shares": 14539000.0,
        "Basic Average Shares": 13854000.0,
        "Diluted EPS": 0.12,
        "Basic EPS": 0.13,
        "Diluted NI Availto Com Stockholders": NaN,
        "Net Income Common Stockholders": NaN,
        "Net Income": NaN,
        "Net Income Including Noncontrolling Interests": NaN,
        "Net Income Continuous Operations": NaN,
        "Tax Provision": NaN,
        "Pretax Income": NaN,
        "Net Non Operating Interest Income Expense": NaN,
        "Total Other Finance Cost": NaN,
        "Interest Expense Non Operating": NaN,
        "Interest Income Non Operating": NaN,
        "Operating Income": NaN,
        "Operating Expense": NaN,
        "Other Operating Expenses": NaN,
        "Depreciation Amortization Depletion Income Statement": NaN,
        "Depreciation And Amortization In Income Statement": NaN,
        "Selling General And Administration": NaN,
        "General And Administrative Expense": NaN,
        "Other Gand A": NaN,
        "Gross Profit": NaN,
        "Cost Of Revenue": NaN,
        "Total Revenue": NaN,
        "Operating Revenue": NaN
    },
    "2022-03-31": {
        "Diluted EPS": 0.5,
        "Total Revenue": 109,
        "Gross Profit": 20,
        "Operating Income": 10,
        "EBIT": 12,
        "Net Income": 7
    },
    "2021-12-31": {
        "Diluted EPS": 0.55,
        "Total Revenue": 153,
        "Gross Profit": 20,
        "Operating Income": 11,
        "EBIT": 13,
        "Net Income": 8
    },
    "2021-09-30": {
        "Diluted EPS": 0.22,
        "Total Revenue": 65,
        "Gross Profit": 14,
        "Operating Income": 4,
        "EBIT": 6,
        "Net Income": 3
    },
    "2021-06-30": {
        "Diluted EPS": 0.21,
        "Total Revenue": 62,
        "Gross Profit": 13,
        "Operating Income": 5,
        "EBIT": 7,
        "Net Income": 3
    },
    "2021-03-31": {
        "Diluted EPS": 0.19,
        "Total Revenue": 62,
        "Gross Profit": 13,
        "Operating Income": 5,
        "EBIT": 7,
        "Net Income": 3
    },
    "2020-12-31": {
        "Diluted EPS": 0.13,
        "Total Revenue": 58,
        "Gross Profit": 12,
        "Operating Income": 4,
        "EBIT": 6,
        "Net Income": 2
    },
    "2020-09-30": {
        "Diluted EPS": 0.1,
        "Total Revenue": 51,
        "Gross Profit": 11,
        "Operating Income": 3,
        "EBIT": 5,
        "Net Income": 1
    },
    "2020-06-30": {
        "Diluted EPS": 0.16,
        "Total Revenue": 51,
        "Gross Profit": 12,
        "Operating Income": 4,
        "EBIT": 6,
        "Net Income": 2
    },
    "2020-03-31": {
        "Diluted EPS": 0.16,
        "Total Revenue": 55,
        "Gross Profit": 12,
        "Operating Income": 4,
        "EBIT": 6,
        "Net Income": 2
    },
    "2019-12-31": {
        "Diluted EPS": 0.12,
        "Total Revenue": 52,
        "Gross Profit": 11,
        "Operating Income": 3,
        "EBIT": 5,
        "Net Income": 2
    },
    "2019-09-30": {
        "Diluted EPS": 0.12,
        "Total Revenue": 54,
        "Gross Profit": 12,
        "Operating Income": 3,
        "EBIT": 5,
        "Net Income": 2
    },
    "2019-06-30": {
        "Diluted EPS": 0.06,
        "Total Revenue": 39,
        "Gross Profit": 9,
        "Operating Income": 2,
        "EBIT": 3,
        "Net Income": 1
    },
    "2019-03-31": {
        "Diluted EPS": 0.1,
        "Total Revenue": 34,
        "Gross Profit": 8,
        "Operating Income": 2,
        "EBIT": 3,
        "Net Income": 1
    },
    "2018-12-31": {
        "Diluted EPS": 0.13,
        "Total Revenue": 34,
        "Gross Profit": 7,
        "Operating Income": 3,
        "EBIT": 3,
        "Net Income": 2
    },
    "2018-09-30": {
        "Diluted EPS": 0.15,
        "Total Revenue": 32,
        "Gross Profit": 6,
        "Operating Income": 3,
        "EBIT": 3,
        "Net Income": 2
    },
    "2018-06-30": {
        "Diluted EPS": 0.13,
        "Total Revenue": 36,
        "Gross Profit": 8,
        "Operating Income": 3,
        "EBIT": 3,
        "Net Income": 2
    },
    "2018-03-31": {
        "Diluted EPS": 0.1,
        "Total Revenue": 34,
        "Gross Profit": 7,
        "Operating Income": 2,
        "EBIT": 3,
        "Net Income": 1
    },
    "2017-12-31": {
        "Diluted EPS": -0.24,
        "Total Revenue": 30,
        "Gross Profit": 7,
        "Operating Income": 1,
        "EBIT": 2,
        "Net Income": -3
    },
    "2017-09-30": {
        "Diluted EPS": 0.08,
        "Total Revenue": 30,
        "Gross Profit": 7,
        "Operating Income": 2,
        "EBIT": 3,
        "Net Income": 1
    },
    "2017-06-30": {
        "Diluted EPS": 0.08,
        "Total Revenue": 29,
        "Gross Profit": 6,
        "Operating Income": 2,
        "EBIT": 2,
        "Net Income": 1
    },
    "2017-03-31": {
        "Diluted EPS": 0.08,
        "Total Revenue": 30,
        "Gross Profit": 6,
        "Operating Income": 2,
        "EBIT": 2,
        "Net Income": 1
    },
    "2016-12-31": {
        "Diluted EPS": 0.03,
        "Total Revenue": 26,
        "Gross Profit": 6,
        "Operating Income": 1,
        "EBIT": 1,
        "Net Income": 0
    },
    "2016-09-30": {
        "Diluted EPS": 0.21,
        "Total Revenue": 27,
        "Gross Profit": 6,
        "Operating Income": 1,
        "EBIT": 2,
        "Net Income": 2
    },
    "2016-06-30": {
        "Diluted EPS": 0.07,
        "Total Revenue": 25,
        "Gross Profit": 5,
        "Operating Income": 2,
        "EBIT": 2,
        "Net Income": 1
    },
    "2016-03-31": {
        "Diluted EPS": 0.03,
        "Total Revenue": 17,
        "Gross Profit": 3,
        "Operating Income": 1,
        "EBIT": 1,
        "Net Income": 0
    },
    "2015-12-31": {
        "Diluted EPS": -0.01,
        "Total Revenue": 17,
        "Gross Profit": 3,
        "Operating Income": 0,
        "EBIT": 0,
        "Net Income": 0
    },
    "2015-09-30": {
        "Diluted EPS": 0.83,
        "Total Revenue": 17,
        "Gross Profit": 3,
        "Operating Income": 1,
        "EBIT": 1,
        "Net Income": 8
    },
    "2015-06-30": {
        "Diluted EPS": 0.04,
        "Total Revenue": 17,
        "Gross Profit": 3,
        "Operating Income": 1,
        "EBIT": 1,
        "Net Income": 0
    },
    "2015-03-31": {
        "Diluted EPS": -0.01,
        "Total Revenue": 16,
        "Gross Profit": 3,
        "Operating Income": 1,
        "EBIT": 1,
        "Net Income": 0
    },
    "2014-12-31": {
        "Diluted EPS": 0.01,
        "Total Revenue": 16,
        "Gross Profit": 3,
        "Operating Income": 0,
        "EBIT": 0,
        "Net Income": 0
    },
    "2014-09-30": {
        "Diluted EPS": 0.48,
        "Total Revenue": 16,
        "Gross Profit": 2,
        "Operating Income": 0,
        "EBIT": 0,
        "Net Income": 5
    },
    "2014-06-30": {
        "Diluted EPS": 0.03,
        "Total Revenue": 16,
        "Gross Profit": 2,
        "Operating Income": 0,
        "EBIT": 0,
        "Net Income": 0
    },
    "2014-03-31": {
        "Diluted EPS": 0.02,
        "Total Revenue": 15,
        "Gross Profit": 2,
        "Operating Income": 0,
        "EBIT": 0,
        "Net Income": 0
    },
    "2013-12-31": {
        "Diluted EPS": 0.01,
        "Total Revenue": 14,
        "Gross Profit": 2,
        "Operating Income": 0,
        "EBIT": 0,
        "Net Income": 0
    },
    "2013-09-30": {
        "Diluted EPS": -0.01,
        "Total Revenue": 14,
        "Gross Profit": 2,
        "Operating Income": 0,
        "EBIT": 0,
        "Net Income": 0
    },
    "2013-06-30": {
        "Diluted EPS": 0.01,
        "Total Revenue": 13,
        "Gross Profit": 2,
        "Operating Income": 0,
        "EBIT": 0,
        "Net Income": 0
    },
    "2013-03-31": {
        "Diluted EPS": -0.01,
        "Total Revenue": 13,
        "Gross Profit": 2,
        "Operating Income": 0,
        "EBIT": 0,
        "Net Income": 0
    },
    "2012-12-31": {
        "Diluted EPS": -0.01,
        "Total Revenue": 13,
        "Gross Profit": 2,
        "Operating Income": 0,
        "EBIT": 0,
        "Net Income": 0
    },
    "2012-09-30": {
        "Diluted EPS": -0.02,
        "Total Revenue": 12,
        "Gross Profit": 1,
        "Operating Income": -1,
        "EBIT": -1,
        "Net Income": 0
    },
    "2012-06-30": {
        "Diluted EPS": -0.09,
        "Total Revenue": 13,
        "Gross Profit": 2,
        "Operating Income": -1,
        "EBIT": -1,
        "Net Income": -1
    },
    "2012-03-31": {
        "Diluted EPS": -0.12,
        "Total Revenue": 13,
        "Gross Profit": 1,
        "Operating Income": -1,
        "EBIT": -1,
        "Net Income": -1
    },
    "2011-12-31": {
        "Diluted EPS": -0.06,
        "Total Revenue": 11,
        "Gross Profit": 2,
        "Operating Income": 0,
        "EBIT": 0,
        "Net Income": 0
    },
    "2011-09-30": {
        "Diluted EPS": -0.66,
        "Total Revenue": 10,
        "Gross Profit": 2,
        "Operating Income": -4,
        "EBIT": -4,
        "Net Income": -4
    },
    "2011-06-30": {
        "Diluted EPS": -0.02,
        "Total Revenue": 11,
        "Gross Profit": 2,
        "Operating Income": 0,
        "EBIT": 0,
        "Net Income": 0
    },
    "2011-03-31": {
        "Diluted EPS": -0.04,
        "Total Revenue": 10,
        "Gross Profit": 2,
        "Operating Income": 0,
        "EBIT": 0,
        "Net Income": 0
    },
    "2010-12-31": {
        "Diluted EPS": -0.07,
        "Total Revenue": 11,
        "Gross Profit": 1,
        "Operating Income": 0,
        "EBIT": 0,
        "Net Income": 0
    },
    "2010-09-30": {
        "Diluted EPS": -0.48,
        "Total Revenue": 10,
        "Gross Profit": 1,
        "Operating Income": -2,
        "EBIT": -2,
        "Net Income": -2
    },
    "2010-06-30": {
        "Diluted EPS": -0.11,
        "Total Revenue": 10,
        "Gross Profit": 1,
        "Operating Income": 0,
        "EBIT": 0,
        "Net Income": -1
    },
    "2010-03-31": {
        "Diluted EPS": -0.2,
        "Total Revenue": 10,
        "Gross Profit": 1,
        "Operating Income": -1,
        "EBIT": -1,
        "Net Income": -1
    },
    "2009-12-31": {
        "Diluted EPS": -0.36,
        "Total Revenue": 11,
        "Gross Profit": 1,
        "Operating Income": -1,
        "EBIT": -1,
        "Net Income": -2
    },
    "2009-09-30": {
        "Diluted EPS": -0.68,
        "Total Revenue": 11,
        "Gross Profit": 7,
        "Operating Income": 8,
        "EBIT": 8,
        "Net Income": -3
    },
    "2009-06-30": {
        "Diluted EPS": -0.11,
        "Total Revenue": 13,
        "Gross Profit": 2,
        "Operating Income": -1,
        "EBIT": -1,
        "Net Income": -1
    },
    "2009-03-31": {
        "Diluted EPS": -0.11,
        "Total Revenue": 14,
        "Gross Profit": 2,
        "Operating Income": -1,
        "EBIT": 0,
        "Net Income": -1
    },
    "2023-09-30": {
        "Tax Effect Of Unusual Items": 0.0,
        "Tax Rate For Calcs": 0.21,
        "Normalized EBITDA": 3874000.0,
        "Net Income From Continuing Operation Net Minority Interest": -2629000.0,
        "Reconciled Depreciation": 4281000.0,
        "Reconciled Cost Of Revenue": 79237000.0,
        "EBITDA": 3874000.0,
        "EBIT": -407000.0,
        "Net Interest Income": -4759000.0,
        "Interest Expense": 4181000.0,
        "Interest Income": NaN,
        "Normalized Income": -2629000.0,
        "Net Income From Continuing And Discontinued Operation": -2629000.0,
        "Total Expenses": 93643000.0,
        "Total Operating Income As Reported": 171000.0,
        "Diluted Average Shares": 14579000.0,
        "Basic Average Shares": 13901000.0,
        "Diluted EPS": -0.19,
        "Basic EPS": -0.19,
        "Diluted NI Availto Com Stockholders": -2629000.0,
        "Net Income Common Stockholders": -2629000.0,
        "Net Income": -2629000.0,
        "Net Income Including Noncontrolling Interests": -2629000.0,
        "Net Income Continuous Operations": -2629000.0,
        "Tax Provision": -1959000.0,
        "Pretax Income": -4588000.0,
        "Net Non Operating Interest Income Expense": -4759000.0,
        "Total Other Finance Cost": 642000.0,
        "Interest Expense Non Operating": 4181000.0,
        "Interest Income Non Operating": NaN,
        "Operating Income": 7844000.0,
        "Operating Expense": 14406000.0,
        "Other Operating Expenses": 0.0,
        "Depreciation Amortization Depletion Income Statement": 4281000.0,
        "Depreciation And Amortization In Income Statement": 4281000.0,
        "Selling General And Administration": 10125000.0,
        "General And Administrative Expense": 10125000.0,
        "Other Gand A": 10125000.0,
        "Gross Profit": 22250000.0,
        "Cost Of Revenue": 79237000.0,
        "Total Revenue": 101487000.0,
        "Operating Revenue": 101487000.0
    },
    "2023-12-31": {
        "Tax Effect Of Unusual Items": 0.0,
        "Tax Rate For Calcs": 0.004,
        "Normalized EBITDA": 10430000.0,
        "Net Income From Continuing Operation Net Minority Interest": 2151000.0,
        "Reconciled Depreciation": 4253000.0,
        "Reconciled Cost Of Revenue": 79081000.0,
        "EBITDA": 10430000.0,
        "EBIT": 6177000.0,
        "Net Interest Income": -4658000.0,
        "Interest Expense": 4016000.0,
        "Interest Income": NaN,
        "Normalized Income": 2151000.0,
        "Net Income From Continuing And Discontinued Operation": 2151000.0,
        "Total Expenses": 91031000.0,
        "Total Operating Income As Reported": 6819000.0,
        "Diluted Average Shares": 14796000.0,
        "Basic Average Shares": 14032000.0,
        "Diluted EPS": 0.15,
        "Basic EPS": 0.15,
        "Diluted NI Availto Com Stockholders": 2151000.0,
        "Net Income Common Stockholders": 2151000.0,
        "Net Income": 2151000.0,
        "Net Income Including Noncontrolling Interests": 2151000.0,
        "Net Income Continuous Operations": 2151000.0,
        "Tax Provision": 10000.0,
        "Pretax Income": 2161000.0,
        "Net Non Operating Interest Income Expense": -4658000.0,
        "Total Other Finance Cost": 642000.0,
        "Interest Expense Non Operating": 4016000.0,
        "Interest Income Non Operating": NaN,
        "Operating Income": 6819000.0,
        "Operating Expense": 11950000.0,
        "Other Operating Expenses": NaN,
        "Depreciation Amortization Depletion Income Statement": 4253000.0,
        "Depreciation And Amortization In Income Statement": 4253000.0,
        "Selling General And Administration": 7697000.0,
        "General And Administrative Expense": 7697000.0,
        "Other Gand A": 7697000.0,
        "Gross Profit": 18769000.0,
        "Cost Of Revenue": 79081000.0,
        "Total Revenue": 97850000.0,
        "Operating Revenue": 97850000.0
    },
    "2024-03-31": {
        "Tax Effect Of Unusual Items": 0.0,
        "Tax Rate For Calcs": 0.21,
        "Normalized EBITDA": 9816000.0,
        "Net Income From Continuing Operation Net Minority Interest": 1812000.0,
        "Reconciled Depreciation": 4243000.0,
        "Reconciled Cost Of Revenue": 79112000.0,
        "EBITDA": 9816000.0,
        "EBIT": 5573000.0,
        "Net Interest Income": -4190000.0,
        "Interest Expense": 3821000.0,
        "Interest Income": 28000.0,
        "Normalized Income": 1812000.0,
        "Net Income From Continuing And Discontinued Operation": 1812000.0,
        "Total Expenses": 95065000.0,
        "Total Operating Income As Reported": 5942000.0,
        "Diluted Average Shares": 14946000.0,
        "Basic Average Shares": 14205000.0,
        "Diluted EPS": 0.12,
        "Basic EPS": 0.13,
        "Diluted NI Availto Com Stockholders": 1812000.0,
        "Net Income Common Stockholders": 1812000.0,
        "Net Income": 1812000.0,
        "Net Income Including Noncontrolling Interests": 1812000.0,
        "Net Income Continuous Operations": 1812000.0,
        "Tax Provision": -60000.0,
        "Pretax Income": 1752000.0,
        "Net Non Operating Interest Income Expense": -4190000.0,
        "Total Other Finance Cost": 397000.0,
        "Interest Expense Non Operating": 3821000.0,
        "Interest Income Non Operating": 28000.0,
        "Operating Income": 5942000.0,
        "Operating Expense": 15953000.0,
        "Other Operating Expenses": NaN,
        "Depreciation Amortization Depletion Income Statement": 4243000.0,
        "Depreciation And Amortization In Income Statement": 4243000.0,
        "Selling General And Administration": 11710000.0,
        "General And Administrative Expense": 11710000.0,
        "Other Gand A": 11710000.0,
        "Gross Profit": 21895000.0,
        "Cost Of Revenue": 79112000.0,
        "Total Revenue": 101007000.0,
        "Operating Revenue": 101007000.0
    },
    "2024-06-30": {
        "Tax Effect Of Unusual Items": 0.0,
        "Tax Rate For Calcs": 0.297,
        "Normalized EBITDA": 9649000.0,
        "Net Income From Continuing Operation Net Minority Interest": 1139000.0,
        "Reconciled Depreciation": 4273000.0,
        "Reconciled Cost Of Revenue": 81645000.0,
        "EBITDA": 9649000.0,
        "EBIT": 5376000.0,
        "Net Interest Income": -4143000.0,
        "Interest Expense": 3756000.0,
        "Interest Income": 10000.0,
        "Normalized Income": 1139000.0,
        "Net Income From Continuing And Discontinued Operation": 1139000.0,
        "Total Expenses": 94931000.0,
        "Total Operating Income As Reported": 5763000.0,
        "Diluted Average Shares": 14704000.0,
        "Basic Average Shares": 14232000.0,
        "Diluted EPS": 0.08,
        "Basic EPS": 0.08,
        "Diluted NI Availto Com Stockholders": 1139000.0,
        "Net Income Common Stockholders": 1139000.0,
        "Net Income": 1139000.0,
        "Net Income Including Noncontrolling Interests": 1139000.0,
        "Net Income Continuous Operations": 1139000.0,
        "Tax Provision": 481000.0,
        "Pretax Income": 1620000.0,
        "Net Non Operating Interest Income Expense": -4143000.0,
        "Total Other Finance Cost": 397000.0,
        "Interest Expense Non Operating": 3756000.0,
        "Interest Income Non Operating": 10000.0,
        "Operating Income": 5763000.0,
        "Operating Expense": 13285000.0,
        "Other Operating Expenses": NaN,
        "Depreciation Amortization Depletion Income Statement": 4272000.0,
        "Depreciation And Amortization In Income Statement": 4272000.0,
        "Selling General And Administration": 9013000.0,
        "General And Administrative Expense": 9013000.0,
        "Other Gand A": 9013000.0,
        "Gross Profit": 19048000.0,
        "Cost Of Revenue": 81646000.0,
        "Total Revenue": 100694000.0,
        "Operating Revenue": 100694000.0
    },
    "2024-09-30": {
        "Tax Effect Of Unusual Items": 0.0,
        "Tax Rate For Calcs": 0.21,
        "Normalized EBITDA": 10262000.0,
        "Net Income From Continuing Operation Net Minority Interest": 2295000.0,
        "Reconciled Depreciation": 4283000.0,
        "Reconciled Cost Of Revenue": 77187000.0,
        "EBITDA": 10262000.0,
        "EBIT": 5979000.0,
        "Net Interest Income": -4162000.0,
        "Interest Expense": 3764000.0,
        "Interest Income": 4000.0,
        "Normalized Income": 2295000.0,
        "Net Income From Continuing And Discontinued Operation": 2295000.0,
        "Total Expenses": 90009000.0,
        "Total Operating Income As Reported": 6377000.0,
        "Diluted Average Shares": NaN,
        "Basic Average Shares": NaN,
        "Diluted EPS": NaN,
        "Basic EPS": NaN,
        "Diluted NI Availto Com Stockholders": 2295000.0,
        "Net Income Common Stockholders": 2295000.0,
        "Net Income": 2295000.0,
        "Net Income Including Noncontrolling Interests": 2295000.0,
        "Net Income Continuous Operations": 2295000.0,
        "Tax Provision": -80000.0,
        "Pretax Income": 2215000.0,
        "Net Non Operating Interest Income Expense": -4162000.0,
        "Total Other Finance Cost": 402000.0,
        "Interest Expense Non Operating": 3764000.0,
        "Interest Income Non Operating": 4000.0,
        "Operating Income": 6377000.0,
        "Operating Expense": 12822000.0,
        "Other Operating Expenses": NaN,
        "Depreciation Amortization Depletion Income Statement": 4283000.0,
        "Depreciation And Amortization In Income Statement": 4283000.0,
        "Selling General And Administration": 8539000.0,
        "General And Administrative Expense": 8539000.0,
        "Other Gand A": 8539000.0,
        "Gross Profit": 19199000.0,
        "Cost Of Revenue": 77187000.0,
        "Total Revenue": 96386000.0,
        "Operating Revenue": 96386000.0
    }
}