{
    "2023-04-30": {
        "Tax Effect Of Unusual Items": 0.0,
        "Tax Rate For Calcs": 0.27,
        "Normalized EBITDA": 3012000.0,
        "Net Income From Continuing Operation Net Minority Interest": -3869000.0,
        "Reconciled Depreciation": 7413000.0,
        "Reconciled Cost Of Revenue": 58108000.0,
        "EBIT": -4401000.0,
        "Net Interest Income": -934000.0,
        "Interest Expense": 934000.0,
        "Normalized Income": -3869000.0,
        "Net Income From Continuing And Discontinued Operation": -3869000.0,
        "Total Expenses": 128308000.0,
        "Total Operating Income As Reported": -4549000.0,
        "Diluted Average Shares": 32865000.0,
        "Basic Average Shares": 32865000.0,
        "Diluted EPS": -0.12,
        "Basic EPS": -0.12,
        "Diluted NI Availto Com Stockholders": -3869000.0,
        "Net Income Common Stockholders": -3869000.0,
        "Net Income": -3869000.0,
        "Minority Interests": 8000.0,
        "Net Income Including Noncontrolling Interests": -3877000.0,
        "Net Income Continuous Operations": -3877000.0,
        "Tax Provision": -1458000.0,
        "Pretax Income": -5335000.0,
        "Other Income Expense": 148000.0,
        "Other Non Operating Income Expenses": 148000.0,
        "Net Non Operating Interest Income Expense": -934000.0,
        "Interest Expense Non Operating": 934000.0,
        "Operating Income": -4549000.0,
        "Operating Expense": 70200000.0,
        "Selling General And Administration": 70200000.0,
        "Gross Profit": 65651000.0,
        "Cost Of Revenue": 58108000.0,
        "Total Revenue": 123759000.0,
        "Operating Revenue": 123759000.0
    },
    "2023-01-31": {
        "Tax Effect Of Unusual Items": 0.0,
        "Tax Rate For Calcs": 0.25,
        "Normalized EBITDA": 18743000.0,
        "Net Income From Continuing Operation Net Minority Interest": 7447000.0,
        "Reconciled Depreciation": 7864000.0,
        "Reconciled Cost Of Revenue": 117923000.0,
        "EBIT": 10879000.0,
        "Net Interest Income": -930000.0,
        "Interest Expense": 930000.0,
        "Normalized Income": 7447000.0,
        "Net Income From Continuing And Discontinued Operation": 7447000.0,
        "Total Expenses": 231083000.0,
        "Total Operating Income As Reported": 10683000.0,
        "Diluted Average Shares": 32811000.0,
        "Basic Average Shares": 32811000.0,
        "Diluted EPS": 0.23,
        "Basic EPS": 0.23,
        "Diluted NI Availto Com Stockholders": 7447000.0,
        "Net Income Common Stockholders": 7447000.0,
        "Net Income": 7447000.0,
        "Minority Interests": -24000.0,
        "Net Income Including Noncontrolling Interests": 7471000.0,
        "Net Income Continuous Operations": 7471000.0,
        "Tax Provision": 2478000.0,
        "Pretax Income": 9949000.0,
        "Other Income Expense": 196000.0,
        "Other Non Operating Income Expenses": 196000.0,
        "Net Non Operating Interest Income Expense": -930000.0,
        "Interest Expense Non Operating": 930000.0,
        "Operating Income": 10683000.0,
        "Operating Expense": 113160000.0,
        "Selling General And Administration": 113160000.0,
        "Gross Profit": 123843000.0,
        "Cost Of Revenue": 117923000.0,
        "Total Revenue": 241766000.0,
        "Operating Revenue": 241766000.0
    },
    "2022-10-31": {
        "Tax Effect Of Unusual Items": 0.0,
        "Tax Rate For Calcs": 0.248013,
        "Normalized EBITDA": 238000.0,
        "Net Income From Continuing Operation Net Minority Interest": -6217000.0,
        "Reconciled Depreciation": 7572000.0,
        "Reconciled Cost Of Revenue": 70205000.0,
        "EBIT": -7334000.0,
        "Net Interest Income": -968000.0,
        "Interest Expense": 968000.0,
        "Normalized Income": -6217000.0,
        "Net Income From Continuing And Discontinued Operation": -6217000.0,
        "Total Expenses": 154516000.0,
        "Total Operating Income As Reported": -7390000.0,
        "Diluted Average Shares": 32792000.0,
        "Basic Average Shares": 32792000.0,
        "Diluted EPS": -0.19,
        "Basic EPS": -0.19,
        "Diluted NI Availto Com Stockholders": -6217000.0,
        "Net Income Common Stockholders": -6217000.0,
        "Net Income": -6217000.0,
        "Minority Interests": 26000.0,
        "Net Income Including Noncontrolling Interests": -6243000.0,
        "Net Income Continuous Operations": -6243000.0,
        "Tax Provision": -2059000.0,
        "Pretax Income": -8302000.0,
        "Other Income Expense": 56000.0,
        "Other Non Operating Income Expenses": 56000.0,
        "Net Non Operating Interest Income Expense": -968000.0,
        "Interest Expense Non Operating": 968000.0,
        "Operating Income": -7390000.0,
        "Operating Expense": 84311000.0,
        "Selling General And Administration": 84311000.0,
        "Gross Profit": 76921000.0,
        "Cost Of Revenue": 70205000.0,
        "Total Revenue": 147126000.0,
        "Operating Revenue": 147126000.0
    },
    "2022-07-31": {
        "Tax Effect Of Unusual Items": 0.0,
        "Tax Rate For Calcs": 0.236962,
        "Normalized EBITDA": 11801000.0,
        "Net Income From Continuing Operation Net Minority Interest": 2368000.0,
        "Reconciled Depreciation": 7854000.0,
        "Reconciled Cost Of Revenue": 65903000.0,
        "EBIT": 3947000.0,
        "Net Interest Income": -879000.0,
        "Interest Expense": 879000.0,
        "Normalized Income": 2368000.0,
        "Net Income From Continuing And Discontinued Operation": 2368000.0,
        "Total Expenses": 137642000.0,
        "Total Operating Income As Reported": 3869000.0,
        "Diluted Average Shares": 32766000.0,
        "Basic Average Shares": 32766000.0,
        "Diluted EPS": 0.07,
        "Basic EPS": 0.07,
        "Diluted NI Availto Com Stockholders": 2368000.0,
        "Net Income Common Stockholders": 2368000.0,
        "Net Income": 2368000.0,
        "Minority Interests": 27000.0,
        "Net Income Including Noncontrolling Interests": 2341000.0,
        "Net Income Continuous Operations": 2341000.0,
        "Tax Provision": 727000.0,
        "Pretax Income": 3068000.0,
        "Other Income Expense": 78000.0,
        "Other Non Operating Income Expenses": 78000.0,
        "Net Non Operating Interest Income Expense": -879000.0,
        "Interest Expense Non Operating": 879000.0,
        "Operating Income": 3869000.0,
        "Operating Expense": 71739000.0,
        "Selling General And Administration": 71739000.0,
        "Gross Profit": 75608000.0,
        "Cost Of Revenue": 65903000.0,
        "Total Revenue": 141511000.0,
        "Operating Revenue": 141511000.0
    },
    "2022-04-30": {
        "Diluted EPS": -0.04,
        "Total Revenue": 123,
        "Gross Profit": 67,
        "Operating Income": -1,
        "EBIT": 7,
        "Net Income": -1
    },
    "2022-01-31": {
        "Diluted EPS": 0.52,
        "Total Revenue": 271,
        "Gross Profit": 146,
        "Operating Income": 24,
        "EBIT": 32,
        "Net Income": 17
    },
    "2021-10-31": {
        "Diluted EPS": 0.09,
        "Total Revenue": 145,
        "Gross Profit": 84,
        "Operating Income": 5,
        "EBIT": 12,
        "Net Income": 3
    },
    "2021-07-31": {
        "Diluted EPS": 0.27,
        "Total Revenue": 149,
        "Gross Profit": 81,
        "Operating Income": 13,
        "EBIT": 20,
        "Net Income": 9
    },
    "2021-04-30": {
        "Diluted EPS": 0.02,
        "Total Revenue": 133,
        "Gross Profit": 67,
        "Operating Income": 2,
        "EBIT": 9,
        "Net Income": 1
    },
    "2021-01-31": {
        "Diluted EPS": 0.68,
        "Total Revenue": 256,
        "Gross Profit": 136,
        "Operating Income": 31,
        "EBIT": 38,
        "Net Income": 22
    },
    "2020-10-31": {
        "Diluted EPS": 0.03,
        "Total Revenue": 136,
        "Gross Profit": 71,
        "Operating Income": 3,
        "EBIT": 11,
        "Net Income": 1
    },
    "2020-07-31": {
        "Diluted EPS": 0.18,
        "Total Revenue": 137,
        "Gross Profit": 72,
        "Operating Income": 10,
        "EBIT": 16,
        "Net Income": 6
    },
    "2020-04-30": {
        "Diluted EPS": -0.47,
        "Total Revenue": 110,
        "Gross Profit": 52,
        "Operating Income": -19,
        "EBIT": -12,
        "Net Income": -15
    },
    "2020-01-31": {
        "Diluted EPS": 0.74,
        "Total Revenue": 260,
        "Gross Profit": 137,
        "Operating Income": 33,
        "EBIT": 39,
        "Net Income": 24
    },
    "2019-10-31": {
        "Diluted EPS": 0.01,
        "Total Revenue": 120,
        "Gross Profit": 65,
        "Operating Income": 1,
        "EBIT": 8,
        "Net Income": 0
    },
    "2019-07-31": {
        "Diluted EPS": 0.06,
        "Total Revenue": 122,
        "Gross Profit": 65,
        "Operating Income": 4,
        "EBIT": 9,
        "Net Income": 2
    },
    "2019-04-30": {
        "Diluted EPS": -0.23,
        "Total Revenue": 114,
        "Gross Profit": 61,
        "Operating Income": -10,
        "EBIT": -5,
        "Net Income": -8
    },
    "2019-01-31": {
        "Diluted EPS": 0.64,
        "Total Revenue": 251,
        "Gross Profit": 131,
        "Operating Income": 30,
        "EBIT": 35,
        "Net Income": 21
    },
    "2018-10-31": {
        "Diluted EPS": -0.1,
        "Total Revenue": 107,
        "Gross Profit": 61,
        "Operating Income": -3,
        "EBIT": 1,
        "Net Income": -3
    },
    "2018-07-31": {
        "Diluted EPS": 0.2,
        "Total Revenue": 111,
        "Gross Profit": 62,
        "Operating Income": 10,
        "EBIT": 13,
        "Net Income": 6
    },
    "2018-04-30": {
        "Diluted EPS": -0.02,
        "Total Revenue": 100,
        "Gross Profit": 56,
        "Operating Income": 0,
        "EBIT": 2,
        "Net Income": -1
    },
    "2018-01-31": {
        "Diluted EPS": 0.61,
        "Total Revenue": 218,
        "Gross Profit": 116,
        "Operating Income": 30,
        "EBIT": 31,
        "Net Income": 20
    },
    "2017-10-31": {
        "Diluted EPS": -0.03,
        "Total Revenue": 84,
        "Gross Profit": 47,
        "Operating Income": -1,
        "EBIT": 2,
        "Net Income": -1
    },
    "2017-07-31": {
        "Diluted EPS": 0.13,
        "Total Revenue": 86,
        "Gross Profit": 49,
        "Operating Income": 7,
        "EBIT": 9,
        "Net Income": 4
    },
    "2017-04-30": {
        "Diluted EPS": 0.01,
        "Total Revenue": 84,
        "Gross Profit": 49,
        "Operating Income": 1,
        "EBIT": 3,
        "Net Income": 0
    },
    "2017-01-31": {
        "Diluted EPS": 0.44,
        "Total Revenue": 175,
        "Gross Profit": 97,
        "Operating Income": 23,
        "EBIT": 23,
        "Net Income": 14
    },
    "2016-10-31": {
        "Diluted EPS": 0.01,
        "Total Revenue": 67,
        "Gross Profit": 39,
        "Operating Income": 1,
        "EBIT": 2,
        "Net Income": 0
    },
    "2016-07-31": {
        "Diluted EPS": 0.11,
        "Total Revenue": 66,
        "Gross Profit": 39,
        "Operating Income": 6,
        "EBIT": 7,
        "Net Income": 4
    },
    "2016-04-30": {
        "Diluted EPS": 0.1,
        "Total Revenue": 69,
        "Gross Profit": 40,
        "Operating Income": 5,
        "EBIT": 6,
        "Net Income": 3
    },
    "2016-01-31": {
        "Diluted EPS": 0.65,
        "Total Revenue": 140,
        "Gross Profit": 79,
        "Operating Income": 19,
        "EBIT": 20,
        "Net Income": 18
    },
    "2015-10-31": {
        "Diluted EPS": 0.06,
        "Total Revenue": 55,
        "Gross Profit": 32,
        "Operating Income": 2,
        "EBIT": 3,
        "Net Income": 2
    },
    "2015-07-31": {
        "Diluted EPS": 0.24,
        "Total Revenue": 52,
        "Gross Profit": 30,
        "Operating Income": 6,
        "EBIT": 7,
        "Net Income": 6
    },
    "2015-04-30": {
        "Diluted EPS": 0.11,
        "Total Revenue": 57,
        "Gross Profit": 33,
        "Operating Income": 3,
        "EBIT": 3,
        "Net Income": 3
    },
    "2015-01-31": {
        "Diluted EPS": 0.0,
        "Total Revenue": NaN,
        "Gross Profit": NaN,
        "Operating Income": NaN,
        "EBIT": NaN,
        "Net Income": NaN
    },
    "2014-10-31": {
        "Diluted EPS": 0.13,
        "Total Revenue": 43,
        "Gross Profit": 24,
        "Operating Income": 3,
        "EBIT": 3,
        "Net Income": 3
    },
    "2014-07-31": {
        "Diluted EPS": 0.0,
        "Total Revenue": NaN,
        "Gross Profit": NaN,
        "Operating Income": NaN,
        "EBIT": NaN,
        "Net Income": NaN
    },
    "2014-01-31": {
        "Diluted EPS": 0.0,
        "Total Revenue": NaN,
        "Gross Profit": NaN,
        "Operating Income": NaN,
        "EBIT": NaN,
        "Net Income": NaN
    },
    "2023-07-31": {
        "Tax Effect Of Unusual Items": 0.0,
        "Tax Rate For Calcs": 0.091238,
        "Normalized EBITDA": 6121000.0,
        "Net Income From Continuing Operation Net Minority Interest": -2004000.0,
        "Reconciled Depreciation": 7455000.0,
        "Reconciled Cost Of Revenue": 67616000.0,
        "EBIT": -1334000.0,
        "Net Interest Income": -880000.0,
        "Interest Expense": 880000.0,
        "Normalized Income": -2004000.0,
        "Net Income From Continuing And Discontinued Operation": -2004000.0,
        "Total Expenses": 140542000.0,
        "Total Operating Income As Reported": -1443000.0,
        "Diluted Average Shares": 32952000.0,
        "Basic Average Shares": 32952000.0,
        "Diluted EPS": -0.06,
        "Basic EPS": -0.06,
        "Diluted NI Availto Com Stockholders": -2004000.0,
        "Net Income Common Stockholders": -2004000.0,
        "Net Income": -2004000.0,
        "Minority Interests": 8000.0,
        "Net Income Including Noncontrolling Interests": -2012000.0,
        "Net Income Continuous Operations": -2012000.0,
        "Tax Provision": -202000.0,
        "Pretax Income": -2214000.0,
        "Other Income Expense": 109000.0,
        "Other Non Operating Income Expenses": 109000.0,
        "Net Non Operating Interest Income Expense": -880000.0,
        "Interest Expense Non Operating": 880000.0,
        "Operating Income": -1443000.0,
        "Operating Expense": 72926000.0,
        "Selling General And Administration": 72926000.0,
        "Gross Profit": 71483000.0,
        "Cost Of Revenue": 67616000.0,
        "Total Revenue": 139099000.0,
        "Operating Revenue": 139099000.0
    }
}