{
    "2023-03-31": {
        "Tax Effect Of Unusual Items": -2717610.0,
        "Tax Rate For Calcs": 0.21,
        "Normalized EBITDA": 93016000.0,
        "Total Unusual Items": -12941000.0,
        "Total Unusual Items Excluding Goodwill": -12941000.0,
        "Net Income From Continuing Operation Net Minority Interest": 2752000.0,
        "Reconciled Depreciation": 43520000.0,
        "Reconciled Cost Of Revenue": 250663000.0,
        "EBITDA": 80075000.0,
        "EBIT": 36555000.0,
        "Net Interest Income": -30016000.0,
        "Interest Expense": 30016000.0,
        "Normalized Income": 12975390.0,
        "Net Income From Continuing And Discontinued Operation": 2752000.0,
        "Total Expenses": 498293000.0,
        "Total Operating Income As Reported": 34131000.0,
        "Diluted Average Shares": 43661000.0,
        "Basic Average Shares": 43317000.0,
        "Diluted EPS": 0.06,
        "Basic EPS": 0.06,
        "Diluted NI Availto Com Stockholders": 2723000.0,
        "Average Dilution Earnings": -19000.0,
        "Net Income Common Stockholders": 2742000.0,
        "Otherunder Preferred Stock Dividend": 10000.0,
        "Net Income": 2752000.0,
        "Minority Interests": -28000.0,
        "Net Income Including Noncontrolling Interests": 2780000.0,
        "Net Income Continuous Operations": 2780000.0,
        "Tax Provision": 3759000.0,
        "Pretax Income": 6539000.0,
        "Other Income Expense": -10517000.0,
        "Other Non Operating Income Expenses": 2424000.0,
        "Special Income Charges": -12941000.0,
        "Gain On Sale Of Business": 0.0,
        "Restructuring And Mergern Acquisition": 12941000.0,
        "Net Non Operating Interest Income Expense": -30016000.0,
        "Interest Expense Non Operating": 30016000.0,
        "Operating Income": 47072000.0,
        "Operating Expense": 247630000.0,
        "Selling General And Administration": 247630000.0,
        "Gross Profit": 294702000.0,
        "Cost Of Revenue": 250663000.0,
        "Total Revenue": 545365000.0,
        "Operating Revenue": 545365000.0
    },
    "2022-12-31": {
        "Tax Effect Of Unusual Items": -3342150.0,
        "Tax Rate For Calcs": 0.21,
        "Normalized EBITDA": 106808000.0,
        "Total Unusual Items": -15915000.0,
        "Total Unusual Items Excluding Goodwill": -15915000.0,
        "Net Income From Continuing Operation Net Minority Interest": 18965000.0,
        "Reconciled Depreciation": 43604000.0,
        "Reconciled Cost Of Revenue": 262584000.0,
        "EBITDA": 90893000.0,
        "EBIT": 47289000.0,
        "Net Interest Income": -28983000.0,
        "Interest Expense": 28983000.0,
        "Normalized Income": 31537850.0,
        "Net Income From Continuing And Discontinued Operation": 18965000.0,
        "Total Expenses": 502694000.0,
        "Total Operating Income As Reported": 45395000.0,
        "Diluted Average Shares": 43400000.0,
        "Basic Average Shares": 43204000.0,
        "Diluted EPS": 0.439774,
        "Basic EPS": 0.439774,
        "Diluted NI Availto Com Stockholders": 18962000.0,
        "Average Dilution Earnings": 22000.0,
        "Net Income Common Stockholders": 18951000.0,
        "Otherunder Preferred Stock Dividend": 14000.0,
        "Net Income": 18965000.0,
        "Minority Interests": -29000.0,
        "Net Income Including Noncontrolling Interests": 18994000.0,
        "Net Income Continuous Operations": 18994000.0,
        "Tax Provision": -688000.0,
        "Pretax Income": 18306000.0,
        "Other Income Expense": -14021000.0,
        "Other Non Operating Income Expenses": 1894000.0,
        "Special Income Charges": -15915000.0,
        "Gain On Sale Of Business": 0.0,
        "Restructuring And Mergern Acquisition": 15915000.0,
        "Net Non Operating Interest Income Expense": -28983000.0,
        "Interest Expense Non Operating": 28983000.0,
        "Operating Income": 61310000.0,
        "Operating Expense": 240110000.0,
        "Selling General And Administration": 240110000.0,
        "Gross Profit": 301420000.0,
        "Cost Of Revenue": 262584000.0,
        "Total Revenue": 564004000.0,
        "Operating Revenue": 564004000.0
    },
    "2022-09-30": {
        "Tax Effect Of Unusual Items": -3921512.0,
        "Tax Rate For Calcs": 0.293,
        "Normalized EBITDA": 100376000.0,
        "Total Unusual Items": -13384000.0,
        "Total Unusual Items Excluding Goodwill": -13384000.0,
        "Net Income From Continuing Operation Net Minority Interest": 14725000.0,
        "Reconciled Depreciation": 42304000.0,
        "Reconciled Cost Of Revenue": 256225000.0,
        "EBITDA": 86992000.0,
        "EBIT": 44688000.0,
        "Net Interest Income": -23799000.0,
        "Interest Expense": 23799000.0,
        "Normalized Income": 24187488.0,
        "Net Income From Continuing And Discontinued Operation": 14725000.0,
        "Total Expenses": 500041000.0,
        "Total Operating Income As Reported": 41613000.0,
        "Diluted Average Shares": 43350000.0,
        "Basic Average Shares": 43116000.0,
        "Diluted EPS": 0.34,
        "Basic EPS": 0.34,
        "Diluted NI Availto Com Stockholders": 14563000.0,
        "Average Dilution Earnings": -162000.0,
        "Net Income Common Stockholders": 14715000.0,
        "Otherunder Preferred Stock Dividend": 10000.0,
        "Net Income": 14725000.0,
        "Minority Interests": -35000.0,
        "Net Income Including Noncontrolling Interests": 14760000.0,
        "Net Income Continuous Operations": 14760000.0,
        "Tax Provision": 6129000.0,
        "Pretax Income": 20889000.0,
        "Other Income Expense": -10309000.0,
        "Other Non Operating Income Expenses": 3075000.0,
        "Special Income Charges": -13384000.0,
        "Gain On Sale Of Ppe": NaN,
        "Gain On Sale Of Business": 1804000.0,
        "Restructuring And Mergern Acquisition": 15188000.0,
        "Net Non Operating Interest Income Expense": -23799000.0,
        "Interest Expense Non Operating": 23799000.0,
        "Operating Income": 54997000.0,
        "Operating Expense": 243816000.0,
        "Selling General And Administration": 243816000.0,
        "Gross Profit": 298813000.0,
        "Cost Of Revenue": 256225000.0,
        "Total Revenue": 555038000.0,
        "Operating Revenue": 555038000.0
    },
    "2022-06-30": {
        "Tax Effect Of Unusual Items": 740797.546012,
        "Tax Rate For Calcs": 0.322086,
        "Normalized EBITDA": 51700000.0,
        "Total Unusual Items": 2300000.0,
        "Total Unusual Items Excluding Goodwill": 2300000.0,
        "Net Income From Continuing Operation Net Minority Interest": 22100000.0,
        "Reconciled Depreciation": 45047000.0,
        "Reconciled Cost Of Revenue": 264200000.0,
        "EBITDA": 54000000.0,
        "EBIT": 54000000.0,
        "Net Interest Income": -21400000.0,
        "Interest Expense": 21400000.0,
        "Normalized Income": 20540797.546012,
        "Net Income From Continuing And Discontinued Operation": 22100000.0,
        "Total Expenses": 513700000.0,
        "Total Operating Income As Reported": 51600000.0,
        "Diluted Average Shares": 43285000.0,
        "Basic Average Shares": 43016000.0,
        "Diluted EPS": 0.5,
        "Basic EPS": 0.51,
        "Diluted NI Availto Com Stockholders": 22100000.0,
        "Average Dilution Earnings": -307000.0,
        "Net Income Common Stockholders": 22100000.0,
        "Otherunder Preferred Stock Dividend": 16000.0,
        "Net Income": 22100000.0,
        "Minority Interests": 0.0,
        "Net Income Including Noncontrolling Interests": 22100000.0,
        "Net Income Continuous Operations": 22100000.0,
        "Tax Provision": 10500000.0,
        "Pretax Income": 32600000.0,
        "Other Income Expense": 4700000.0,
        "Other Non Operating Income Expenses": 2400000.0,
        "Special Income Charges": 2300000.0,
        "Gain On Sale Of Business": 17500000.0,
        "Restructuring And Mergern Acquisition": 15200000.0,
        "Net Non Operating Interest Income Expense": -21400000.0,
        "Interest Expense Non Operating": 21400000.0,
        "Operating Income": 49300000.0,
        "Operating Expense": 249500000.0,
        "Selling General And Administration": 249500000.0,
        "Gross Profit": 298800000.0,
        "Cost Of Revenue": 264200000.0,
        "Total Revenue": 563000000.0,
        "Operating Revenue": 563000000.0
    },
    "2023-06-30": {
        "Tax Effect Of Unusual Items": -646869.565217,
        "Tax Rate For Calcs": 0.287625,
        "Normalized EBITDA": 99812000.0,
        "Total Unusual Items": -2249000.0,
        "Total Unusual Items Excluding Goodwill": -2249000.0,
        "Net Income From Continuing Operation Net Minority Interest": 16375000.0,
        "Reconciled Depreciation": 42608000.0,
        "Reconciled Cost Of Revenue": 269947000.0,
        "EBITDA": 97563000.0,
        "EBIT": 54955000.0,
        "Net Interest Income": -31932000.0,
        "Interest Expense": 31932000.0,
        "Normalized Income": 17977130.434783,
        "Net Income From Continuing And Discontinued Operation": 16375000.0,
        "Total Expenses": 515306000.0,
        "Total Operating Income As Reported": 54131000.0,
        "Diluted Average Shares": 43700000.0,
        "Basic Average Shares": 43613000.0,
        "Diluted EPS": 0.37,
        "Basic EPS": 0.376035,
        "Diluted NI Availto Com Stockholders": 16375000.0,
        "Average Dilution Earnings": 12000.0,
        "Net Income Common Stockholders": 16363000.0,
        "Otherunder Preferred Stock Dividend": 12000.0,
        "Net Income": 16375000.0,
        "Minority Interests": -26000.0,
        "Net Income Including Noncontrolling Interests": 16401000.0,
        "Net Income Continuous Operations": 16401000.0,
        "Tax Provision": 6622000.0,
        "Pretax Income": 23023000.0,
        "Other Income Expense": -1425000.0,
        "Other Non Operating Income Expenses": 824000.0,
        "Special Income Charges": -2249000.0,
        "Gain On Sale Of Business": 21942000.0,
        "Restructuring And Mergern Acquisition": 24191000.0,
        "Net Non Operating Interest Income Expense": -31932000.0,
        "Interest Expense Non Operating": 31932000.0,
        "Operating Income": 56380000.0,
        "Operating Expense": 245359000.0,
        "Selling General And Administration": 245359000.0,
        "Gross Profit": 301739000.0,
        "Cost Of Revenue": 269947000.0,
        "Total Revenue": 571686000.0,
        "Operating Revenue": 571686000.0
    },
    "2022-03-31": {
        "Diluted EPS": 0.22,
        "Total Revenue": 556,
        "Gross Profit": 307,
        "Operating Income": 31,
        "EBIT": 81,
        "Net Income": 10
    },
    "2021-12-31": {
        "Diluted EPS": 0.32,
        "Total Revenue": 571,
        "Gross Profit": 316,
        "Operating Income": 43,
        "EBIT": 98,
        "Net Income": 14
    },
    "2021-09-30": {
        "Diluted EPS": 0.28,
        "Total Revenue": 532,
        "Gross Profit": 288,
        "Operating Income": 36,
        "EBIT": 87,
        "Net Income": 12
    },
    "2021-06-30": {
        "Diluted EPS": 0.28,
        "Total Revenue": 478,
        "Gross Profit": 272,
        "Operating Income": 26,
        "EBIT": 67,
        "Net Income": 12
    },
    "2021-03-31": {
        "Diluted EPS": 0.57,
        "Total Revenue": 441,
        "Gross Profit": 263,
        "Operating Income": 36,
        "EBIT": 71,
        "Net Income": 24
    },
    "2020-12-31": {
        "Diluted EPS": 0.51,
        "Total Revenue": 454,
        "Gross Profit": 263,
        "Operating Income": 33,
        "EBIT": 68,
        "Net Income": 21
    },
    "2020-09-30": {
        "Diluted EPS": 0.7,
        "Total Revenue": 439,
        "Gross Profit": 265,
        "Operating Income": 44,
        "EBIT": 80,
        "Net Income": 29
    },
    "2020-06-30": {
        "Diluted EPS": 0.35,
        "Total Revenue": 410,
        "Gross Profit": 248,
        "Operating Income": 24,
        "EBIT": 58,
        "Net Income": 15
    },
    "2020-03-31": {
        "Diluted EPS": -1.45,
        "Total Revenue": 486,
        "Gross Profit": 284,
        "Operating Income": -61,
        "EBIT": -25,
        "Net Income": -60
    },
    "2019-12-31": {
        "Diluted EPS": 0.61,
        "Total Revenue": 522,
        "Gross Profit": 315,
        "Operating Income": 37,
        "EBIT": 74,
        "Net Income": 21
    },
    "2019-09-30": {
        "Diluted EPS": -7.49,
        "Total Revenue": 494,
        "Gross Profit": 290,
        "Operating Income": -341,
        "EBIT": -304,
        "Net Income": -318
    },
    "2019-06-30": {
        "Diluted EPS": 0.75,
        "Total Revenue": 494,
        "Gross Profit": 291,
        "Operating Income": 52,
        "EBIT": 90,
        "Net Income": 33
    },
    "2019-03-31": {
        "Diluted EPS": 0.93,
        "Total Revenue": 499,
        "Gross Profit": 299,
        "Operating Income": 64,
        "EBIT": 102,
        "Net Income": 41
    },
    "2018-12-31": {
        "Diluted EPS": 1.27,
        "Total Revenue": 525,
        "Gross Profit": 310,
        "Operating Income": 78,
        "EBIT": 118,
        "Net Income": 57
    },
    "2018-09-30": {
        "Diluted EPS": -0.67,
        "Total Revenue": 493,
        "Gross Profit": 296,
        "Operating Income": -17,
        "EBIT": 22,
        "Net Income": -31
    },
    "2018-06-30": {
        "Diluted EPS": 1.25,
        "Total Revenue": 488,
        "Gross Profit": 298,
        "Operating Income": 83,
        "EBIT": 121,
        "Net Income": 60
    },
    "2018-03-31": {
        "Diluted EPS": 1.31,
        "Total Revenue": 492,
        "Gross Profit": 303,
        "Operating Income": 88,
        "EBIT": 124,
        "Net Income": 63
    },
    "2017-12-31": {
        "Diluted EPS": 1.22,
        "Total Revenue": 485,
        "Gross Profit": 306,
        "Operating Income": 93,
        "EBIT": 129,
        "Net Income": 59
    },
    "2017-09-30": {
        "Diluted EPS": 0.59,
        "Total Revenue": 498,
        "Gross Profit": 305,
        "Operating Income": 53,
        "EBIT": 90,
        "Net Income": 29
    },
    "2017-06-30": {
        "Diluted EPS": 1.22,
        "Total Revenue": 485,
        "Gross Profit": 306,
        "Operating Income": 93,
        "EBIT": 128,
        "Net Income": 59
    },
    "2017-03-31": {
        "Diluted EPS": 1.16,
        "Total Revenue": 488,
        "Gross Profit": 308,
        "Operating Income": 85,
        "EBIT": 120,
        "Net Income": 57
    },
    "2016-12-31": {
        "Diluted EPS": 1.1,
        "Total Revenue": 480,
        "Gross Profit": 303,
        "Operating Income": 91,
        "EBIT": 120,
        "Net Income": 54
    },
    "2016-09-30": {
        "Diluted EPS": 1.19,
        "Total Revenue": 459,
        "Gross Profit": 293,
        "Operating Income": 92,
        "EBIT": 121,
        "Net Income": 58
    },
    "2016-06-30": {
        "Diluted EPS": 1.18,
        "Total Revenue": 451,
        "Gross Profit": 291,
        "Operating Income": 91,
        "EBIT": 119,
        "Net Income": 58
    },
    "2016-03-31": {
        "Diluted EPS": 1.18,
        "Total Revenue": 459,
        "Gross Profit": 295,
        "Operating Income": 93,
        "EBIT": 119,
        "Net Income": 58
    },
    "2015-12-31": {
        "Diluted EPS": 1.21,
        "Total Revenue": 464,
        "Gross Profit": 292,
        "Operating Income": 91,
        "EBIT": 118,
        "Net Income": 59
    },
    "2015-09-30": {
        "Diluted EPS": 1.13,
        "Total Revenue": 440,
        "Gross Profit": 281,
        "Operating Income": 89,
        "EBIT": 112,
        "Net Income": 57
    },
    "2015-06-30": {
        "Diluted EPS": 1.11,
        "Total Revenue": 436,
        "Gross Profit": 280,
        "Operating Income": 89,
        "EBIT": 112,
        "Net Income": 56
    },
    "2015-03-31": {
        "Diluted EPS": 0.91,
        "Total Revenue": 434,
        "Gross Profit": 281,
        "Operating Income": 85,
        "EBIT": 108,
        "Net Income": 46
    },
    "2014-12-31": {
        "Diluted EPS": 1.16,
        "Total Revenue": 449,
        "Gross Profit": 283,
        "Operating Income": 90,
        "EBIT": 112,
        "Net Income": 57
    },
    "2014-09-30": {
        "Diluted EPS": 0.88,
        "Total Revenue": 413,
        "Gross Profit": 263,
        "Operating Income": 77,
        "EBIT": 97,
        "Net Income": 44
    },
    "2014-06-30": {
        "Diluted EPS": 0.99,
        "Total Revenue": 405,
        "Gross Profit": 260,
        "Operating Income": 85,
        "EBIT": 106,
        "Net Income": 50
    },
    "2014-03-31": {
        "Diluted EPS": 0.93,
        "Total Revenue": 407,
        "Gross Profit": 262,
        "Operating Income": 81,
        "EBIT": 101,
        "Net Income": 47
    },
    "2013-12-31": {
        "Diluted EPS": 0.9,
        "Total Revenue": 418,
        "Gross Profit": 266,
        "Operating Income": 78,
        "EBIT": 99,
        "Net Income": 45
    },
    "2013-09-30": {
        "Diluted EPS": 0.92,
        "Total Revenue": 398,
        "Gross Profit": 256,
        "Operating Income": 80,
        "EBIT": 100,
        "Net Income": 47
    },
    "2013-06-30": {
        "Diluted EPS": 0.94,
        "Total Revenue": 381,
        "Gross Profit": 248,
        "Operating Income": 82,
        "EBIT": 103,
        "Net Income": 48
    },
    "2013-03-31": {
        "Diluted EPS": 0.89,
        "Total Revenue": 388,
        "Gross Profit": 254,
        "Operating Income": 78,
        "EBIT": 98,
        "Net Income": 46
    },
    "2012-12-31": {
        "Diluted EPS": 0.83,
        "Total Revenue": 388,
        "Gross Profit": 250,
        "Operating Income": 78,
        "EBIT": 98,
        "Net Income": 42
    },
    "2012-09-30": {
        "Diluted EPS": 0.81,
        "Total Revenue": 378,
        "Gross Profit": 247,
        "Operating Income": 73,
        "EBIT": 93,
        "Net Income": 41
    },
    "2012-06-30": {
        "Diluted EPS": 0.82,
        "Total Revenue": 371,
        "Gross Profit": 243,
        "Operating Income": 74,
        "EBIT": 94,
        "Net Income": 42
    },
    "2012-03-31": {
        "Diluted EPS": 0.86,
        "Total Revenue": 378,
        "Gross Profit": 250,
        "Operating Income": 78,
        "EBIT": 100,
        "Net Income": 44
    },
    "2011-12-31": {
        "Diluted EPS": 0.78,
        "Total Revenue": 366,
        "Gross Profit": 237,
        "Operating Income": 74,
        "EBIT": 95,
        "Net Income": 39
    },
    "2011-09-30": {
        "Diluted EPS": 0.71,
        "Total Revenue": 355,
        "Gross Profit": 233,
        "Operating Income": 66,
        "EBIT": 87,
        "Net Income": 36
    },
    "2011-06-30": {
        "Diluted EPS": 0.68,
        "Total Revenue": 346,
        "Gross Profit": 226,
        "Operating Income": 64,
        "EBIT": 87,
        "Net Income": 35
    },
    "2011-03-31": {
        "Diluted EPS": 0.63,
        "Total Revenue": 350,
        "Gross Profit": 230,
        "Operating Income": 67,
        "EBIT": 92,
        "Net Income": 33
    },
    "2010-12-31": {
        "Diluted EPS": 0.68,
        "Total Revenue": 351,
        "Gross Profit": 225,
        "Operating Income": 61,
        "EBIT": 85,
        "Net Income": 34
    },
    "2010-09-30": {
        "Diluted EPS": 0.98,
        "Total Revenue": 368,
        "Gross Profit": 246,
        "Operating Income": 89,
        "EBIT": 113,
        "Net Income": 51
    },
    "2010-06-30": {
        "Diluted EPS": 0.65,
        "Total Revenue": 348,
        "Gross Profit": 226,
        "Operating Income": 63,
        "EBIT": 88,
        "Net Income": 34
    },
    "2010-03-31": {
        "Diluted EPS": 0.65,
        "Total Revenue": 335,
        "Gross Profit": 217,
        "Operating Income": 69,
        "EBIT": 89,
        "Net Income": 33
    },
    "2009-12-31": {
        "Diluted EPS": 0.6,
        "Total Revenue": 340,
        "Gross Profit": 214,
        "Operating Income": 56,
        "EBIT": 79,
        "Net Income": 31
    },
    "2009-09-30": {
        "Diluted EPS": 0.56,
        "Total Revenue": 332,
        "Gross Profit": 210,
        "Operating Income": 55,
        "EBIT": 77,
        "Net Income": 29
    },
    "2009-06-30": {
        "Diluted EPS": 0.54,
        "Total Revenue": 332,
        "Gross Profit": 205,
        "Operating Income": 53,
        "EBIT": 77,
        "Net Income": 28
    },
    "2009-03-31": {
        "Diluted EPS": 0.24,
        "Total Revenue": 340,
        "Gross Profit": 210,
        "Operating Income": 27,
        "EBIT": 50,
        "Net Income": 13
    },
    "2023-09-30": {
        "Tax Effect Of Unusual Items": -3543670.0,
        "Tax Rate For Calcs": 0.13,
        "Normalized EBITDA": 88999000.0,
        "Total Unusual Items": -27259000.0,
        "Total Unusual Items Excluding Goodwill": -27259000.0,
        "Net Income From Continuing Operation Net Minority Interest": -7983000.0,
        "Reconciled Depreciation": 38857000.0,
        "Reconciled Cost Of Revenue": 255127000.0,
        "EBITDA": 61740000.0,
        "EBIT": 22883000.0,
        "Net Interest Income": -32034000.0,
        "Interest Expense": 32034000.0,
        "Normalized Income": 15732330.0,
        "Net Income From Continuing And Discontinued Operation": -7983000.0,
        "Total Expenses": 489018000.0,
        "Total Operating Income As Reported": 21567000.0,
        "Diluted Average Shares": 43700000.0,
        "Basic Average Shares": 43691000.0,
        "Diluted EPS": -0.183104,
        "Basic EPS": -0.183104,
        "Diluted NI Availto Com Stockholders": -7992000.0,
        "Average Dilution Earnings": 0.0,
        "Net Income Common Stockholders": -7992000.0,
        "Otherunder Preferred Stock Dividend": 9000.0,
        "Net Income": -7983000.0,
        "Minority Interests": -26000.0,
        "Net Income Including Noncontrolling Interests": -7957000.0,
        "Net Income Continuous Operations": -7957000.0,
        "Tax Provision": -1194000.0,
        "Pretax Income": -9151000.0,
        "Other Income Expense": -25943000.0,
        "Other Non Operating Income Expenses": 1316000.0,
        "Special Income Charges": -27259000.0,
        "Gain On Sale Of Business": -4324000.0,
        "Restructuring And Mergern Acquisition": 22935000.0,
        "Net Non Operating Interest Income Expense": -32034000.0,
        "Interest Expense Non Operating": 32034000.0,
        "Operating Income": 48826000.0,
        "Operating Expense": 233891000.0,
        "Selling General And Administration": 233891000.0,
        "Gross Profit": 282717000.0,
        "Cost Of Revenue": 255127000.0,
        "Total Revenue": 537844000.0,
        "Operating Revenue": 537844000.0
    },
    "2023-12-31": {
        "Tax Effect Of Unusual Items": -763461.24091,
        "Tax Rate For Calcs": 0.226211,
        "Normalized EBITDA": 99143000.0,
        "Total Unusual Items": -3375000.0,
        "Total Unusual Items Excluding Goodwill": -3375000.0,
        "Net Income From Continuing Operation Net Minority Interest": 14976000.0,
        "Reconciled Depreciation": 44718000.0,
        "Reconciled Cost Of Revenue": 253840000.0,
        "EBITDA": 95768000.0,
        "EBIT": 51050000.0,
        "Net Interest Income": -31661000.0,
        "Interest Expense": 31661000.0,
        "Normalized Income": 17587538.75909,
        "Net Income From Continuing And Discontinued Operation": 14976000.0,
        "Total Expenses": 483028000.0,
        "Total Operating Income As Reported": 50961000.0,
        "Diluted Average Shares": 44100000.0,
        "Basic Average Shares": 43743000.0,
        "Diluted EPS": 0.34,
        "Basic EPS": 0.342912,
        "Diluted NI Availto Com Stockholders": 14967000.0,
        "Average Dilution Earnings": 0.0,
        "Net Income Common Stockholders": 14967000.0,
        "Otherunder Preferred Stock Dividend": 9000.0,
        "Net Income": 14976000.0,
        "Minority Interests": -27000.0,
        "Net Income Including Noncontrolling Interests": 15003000.0,
        "Net Income Continuous Operations": 15003000.0,
        "Tax Provision": 4386000.0,
        "Pretax Income": 19389000.0,
        "Other Income Expense": -3286000.0,
        "Other Non Operating Income Expenses": 89000.0,
        "Special Income Charges": -3375000.0,
        "Gain On Sale Of Business": 14803000.0,
        "Restructuring And Mergern Acquisition": 18178000.0,
        "Net Non Operating Interest Income Expense": -31661000.0,
        "Interest Expense Non Operating": 31661000.0,
        "Operating Income": 54336000.0,
        "Operating Expense": 229188000.0,
        "Selling General And Administration": 229188000.0,
        "Gross Profit": 283524000.0,
        "Cost Of Revenue": 253840000.0,
        "Total Revenue": 537364000.0,
        "Operating Revenue": 537364000.0
    },
    "2024-03-31": {
        "Tax Effect Of Unusual Items": -1765374.0,
        "Tax Rate For Calcs": 0.338,
        "Normalized EBITDA": 94131000.0,
        "Total Unusual Items": -5223000.0,
        "Total Unusual Items Excluding Goodwill": -5223000.0,
        "Net Income From Continuing Operation Net Minority Interest": 10803000.0,
        "Reconciled Depreciation": 41747000.0,
        "Reconciled Cost Of Revenue": 251418000.0,
        "EBITDA": 88908000.0,
        "EBIT": 47161000.0,
        "Net Interest Income": -30809000.0,
        "Interest Expense": 30809000.0,
        "Normalized Income": 14260626.0,
        "Net Income From Continuing And Discontinued Operation": 10803000.0,
        "Total Expenses": 485511000.0,
        "Total Operating Income As Reported": 44221000.0,
        "Diluted Average Shares": 44500000.0,
        "Basic Average Shares": 44045836.0,
        "Diluted EPS": 0.24,
        "Basic EPS": 0.245199,
        "Diluted NI Availto Com Stockholders": 10757000.0,
        "Average Dilution Earnings": -37000.0,
        "Net Income Common Stockholders": 10794000.0,
        "Otherunder Preferred Stock Dividend": 9000.0,
        "Net Income": 10803000.0,
        "Minority Interests": -27000.0,
        "Net Income Including Noncontrolling Interests": 10830000.0,
        "Net Income Continuous Operations": 10830000.0,
        "Tax Provision": 5522000.0,
        "Pretax Income": 16352000.0,
        "Other Income Expense": -2283000.0,
        "Other Non Operating Income Expenses": 2940000.0,
        "Special Income Charges": -5223000.0,
        "Gain On Sale Of Business": 8581000.0,
        "Restructuring And Mergern Acquisition": 13804000.0,
        "Net Non Operating Interest Income Expense": -30809000.0,
        "Interest Expense Non Operating": 30809000.0,
        "Operating Income": 49444000.0,
        "Operating Expense": 234093000.0,
        "Selling General And Administration": 234093000.0,
        "Gross Profit": 283537000.0,
        "Cost Of Revenue": 251418000.0,
        "Total Revenue": 534955000.0,
        "Operating Revenue": 534955000.0
    },
    "2024-06-30": {
        "Tax Effect Of Unusual Items": 1459937.115671,
        "Tax Rate For Calcs": 0.336624,
        "Normalized EBITDA": 98450000.0,
        "Total Unusual Items": 4337000.0,
        "Total Unusual Items Excluding Goodwill": 4337000.0,
        "Net Income From Continuing Operation Net Minority Interest": 20459000.0,
        "Reconciled Depreciation": 41692000.0,
        "Reconciled Cost Of Revenue": 249026000.0,
        "EBITDA": 102787000.0,
        "EBIT": 61095000.0,
        "Net Interest Income": -30197000.0,
        "Interest Expense": 30197000.0,
        "Normalized Income": 17581937.115671,
        "Net Income From Continuing And Discontinued Operation": 20459000.0,
        "Total Expenses": 482844000.0,
        "Total Operating Income As Reported": 59309000.0,
        "Diluted Average Shares": 44700000.0,
        "Basic Average Shares": 44200000.0,
        "Diluted EPS": 0.46,
        "Basic EPS": 0.463801,
        "Diluted NI Availto Com Stockholders": 20459000.0,
        "Average Dilution Earnings": 5000.0,
        "Net Income Common Stockholders": 20454000.0,
        "Otherunder Preferred Stock Dividend": 5000.0,
        "Net Income": 20459000.0,
        "Minority Interests": -38000.0,
        "Net Income Including Noncontrolling Interests": 20497000.0,
        "Net Income Continuous Operations": 20497000.0,
        "Tax Provision": 10401000.0,
        "Pretax Income": 30898000.0,
        "Other Income Expense": 6123000.0,
        "Other Non Operating Income Expenses": 1786000.0,
        "Special Income Charges": 4337000.0,
        "Gain On Sale Of Business": 15401000.0,
        "Restructuring And Mergern Acquisition": 11064000.0,
        "Net Non Operating Interest Income Expense": -30197000.0,
        "Interest Expense Non Operating": 30197000.0,
        "Operating Income": 54972000.0,
        "Operating Expense": 233818000.0,
        "Selling General And Administration": 233818000.0,
        "Gross Profit": 288790000.0,
        "Cost Of Revenue": 249026000.0,
        "Total Revenue": 537816000.0,
        "Operating Revenue": 537816000.0
    }
}