{
    "2023-03-31": {
        "Tax Effect Of Unusual Items": -6122.0,
        "Tax Rate For Calcs": 0.001,
        "Normalized EBITDA": -2569000.0,
        "Total Unusual Items": -6122000.0,
        "Total Unusual Items Excluding Goodwill": -6122000.0,
        "Net Income From Continuing Operation Net Minority Interest": -12598000.0,
        "Reconciled Depreciation": 5324000.0,
        "Reconciled Cost Of Revenue": 67800000.0,
        "EBIT": -14015000.0,
        "Net Interest Income": -6699000.0,
        "Interest Expense": 6699000.0,
        "Normalized Income": -6482122.0,
        "Net Income From Continuing And Discontinued Operation": -12598000.0,
        "Total Expenses": 98206000.0,
        "Total Operating Income As Reported": -10251000.0,
        "Diluted Average Shares": 39957000.0,
        "Basic Average Shares": 39957000.0,
        "Diluted EPS": -0.32,
        "Basic EPS": -0.32,
        "Diluted NI Availto Com Stockholders": -12598000.0,
        "Average Dilution Earnings": NaN,
        "Net Income Common Stockholders": -12598000.0,
        "Net Income": -12598000.0,
        "Minority Interests": 8103000.0,
        "Net Income Including Noncontrolling Interests": -20701000.0,
        "Net Income Continuous Operations": -20701000.0,
        "Tax Provision": -13000.0,
        "Pretax Income": -20714000.0,
        "Other Income Expense": -6122000.0,
        "Other Non Operating Income Expenses": NaN,
        "Special Income Charges": -2358000.0,
        "Gain On Sale Of Ppe": NaN,
        "Impairment Of Capital Assets": NaN,
        "Restructuring And Mergern Acquisition": 2358000.0,
        "Gain On Sale Of Security": -3764000.0,
        "Net Non Operating Interest Income Expense": -6699000.0,
        "Interest Expense Non Operating": 6699000.0,
        "Operating Income": -7893000.0,
        "Operating Expense": 30164000.0,
        "Depreciation Amortization Depletion Income Statement": 5082000.0,
        "Depreciation And Amortization In Income Statement": 5082000.0,
        "Selling General And Administration": 25082000.0,
        "General And Administrative Expense": 25082000.0,
        "Other Gand A": 12856000.0,
        "Salaries And Wages": 12226000.0,
        "Gross Profit": 22271000.0,
        "Cost Of Revenue": 68042000.0,
        "Total Revenue": 90313000.0,
        "Operating Revenue": 90313000.0
    },
    "2022-12-31": {
        "Tax Effect Of Unusual Items": -3618752.58658,
        "Tax Rate For Calcs": 0.163811,
        "Normalized EBITDA": 5128000.0,
        "Total Unusual Items": -22091000.0,
        "Total Unusual Items Excluding Goodwill": -22091000.0,
        "Net Income From Continuing Operation Net Minority Interest": -15352000.0,
        "Reconciled Depreciation": 7802000.0,
        "Reconciled Cost Of Revenue": 74886000.0,
        "EBIT": -24765000.0,
        "Net Interest Income": -5294000.0,
        "Interest Expense": 5294000.0,
        "Normalized Income": 3120247.41342,
        "Net Income From Continuing And Discontinued Operation": -15352000.0,
        "Total Expenses": 103204000.0,
        "Total Operating Income As Reported": -25392000.0,
        "Diluted Average Shares": NaN,
        "Basic Average Shares": NaN,
        "Diluted EPS": NaN,
        "Basic EPS": NaN,
        "Diluted NI Availto Com Stockholders": -15352000.0,
        "Average Dilution Earnings": NaN,
        "Net Income Common Stockholders": -15352000.0,
        "Net Income": -15352000.0,
        "Minority Interests": 9783000.0,
        "Net Income Including Noncontrolling Interests": -25135000.0,
        "Net Income Continuous Operations": -25135000.0,
        "Tax Provision": -4924000.0,
        "Pretax Income": -30059000.0,
        "Other Income Expense": -22337000.0,
        "Other Non Operating Income Expenses": -246000.0,
        "Special Income Charges": -22971000.0,
        "Gain On Sale Of Ppe": NaN,
        "Impairment Of Capital Assets": NaN,
        "Restructuring And Mergern Acquisition": 1394000.0,
        "Gain On Sale Of Security": 880000.0,
        "Net Non Operating Interest Income Expense": -5294000.0,
        "Interest Expense Non Operating": 5294000.0,
        "Operating Income": -2428000.0,
        "Operating Expense": 27381000.0,
        "Depreciation Amortization Depletion Income Statement": 6865000.0,
        "Depreciation And Amortization In Income Statement": 6865000.0,
        "Selling General And Administration": 20516000.0,
        "General And Administrative Expense": 20516000.0,
        "Other Gand A": 9256000.0,
        "Salaries And Wages": 11260000.0,
        "Gross Profit": 24953000.0,
        "Cost Of Revenue": 75823000.0,
        "Total Revenue": 100776000.0,
        "Operating Revenue": 100776000.0
    },
    "2022-09-30": {
        "Tax Effect Of Unusual Items": -48528.0,
        "Tax Rate For Calcs": 0.048,
        "Normalized EBITDA": 3067000.0,
        "Total Unusual Items": -1011000.0,
        "Total Unusual Items Excluding Goodwill": -1011000.0,
        "Net Income From Continuing Operation Net Minority Interest": -6111000.0,
        "Reconciled Depreciation": 7144000.0,
        "Reconciled Cost Of Revenue": 66376000.0,
        "EBIT": -5088000.0,
        "Net Interest Income": -4570000.0,
        "Interest Expense": 4570000.0,
        "Normalized Income": -5148528.0,
        "Net Income From Continuing And Discontinued Operation": -6111000.0,
        "Total Expenses": 94264000.0,
        "Total Operating Income As Reported": -4209000.0,
        "Diluted Average Shares": 65660000.0,
        "Basic Average Shares": 39961000.0,
        "Diluted EPS": -0.15,
        "Basic EPS": -0.15,
        "Diluted NI Availto Com Stockholders": -10121000.0,
        "Average Dilution Earnings": -4010000.0,
        "Net Income Common Stockholders": -6111000.0,
        "Net Income": -6111000.0,
        "Minority Interests": 4010000.0,
        "Net Income Including Noncontrolling Interests": -10121000.0,
        "Net Income Continuous Operations": -10121000.0,
        "Tax Provision": 463000.0,
        "Pretax Income": -9658000.0,
        "Other Income Expense": -890000.0,
        "Other Non Operating Income Expenses": 121000.0,
        "Special Income Charges": -11000.0,
        "Gain On Sale Of Ppe": NaN,
        "Impairment Of Capital Assets": NaN,
        "Restructuring And Mergern Acquisition": 11000.0,
        "Gain On Sale Of Security": -1000000.0,
        "Net Non Operating Interest Income Expense": -4570000.0,
        "Interest Expense Non Operating": 4570000.0,
        "Operating Income": -4198000.0,
        "Operating Expense": 27886000.0,
        "Depreciation Amortization Depletion Income Statement": 7142000.0,
        "Depreciation And Amortization In Income Statement": 7142000.0,
        "Selling General And Administration": 20744000.0,
        "General And Administrative Expense": 20744000.0,
        "Other Gand A": 9076000.0,
        "Salaries And Wages": 11668000.0,
        "Gross Profit": 23688000.0,
        "Cost Of Revenue": 66378000.0,
        "Total Revenue": 90066000.0,
        "Operating Revenue": 90066000.0
    },
    "2022-06-30": {
        "Tax Effect Of Unusual Items": 566400.0,
        "Tax Rate For Calcs": 0.4,
        "Normalized EBITDA": -2268000.0,
        "Total Unusual Items": 1416000.0,
        "Total Unusual Items Excluding Goodwill": 1416000.0,
        "Net Income From Continuing Operation Net Minority Interest": -6982000.0,
        "Reconciled Depreciation": 7173000.0,
        "Reconciled Cost Of Revenue": 67784000.0,
        "EBIT": -8025000.0,
        "Net Interest Income": -3817000.0,
        "Interest Expense": 3817000.0,
        "Normalized Income": -7831600.0,
        "Net Income From Continuing And Discontinued Operation": -6982000.0,
        "Total Expenses": 100638000.0,
        "Total Operating Income As Reported": -9665000.0,
        "Diluted Average Shares": 65252000.0,
        "Basic Average Shares": 39553000.0,
        "Diluted EPS": -0.18,
        "Basic EPS": -0.18,
        "Diluted NI Availto Com Stockholders": -11885000.0,
        "Average Dilution Earnings": -4903000.0,
        "Net Income Common Stockholders": -6982000.0,
        "Net Income": -6982000.0,
        "Minority Interests": 4905000.0,
        "Net Income Including Noncontrolling Interests": -11887000.0,
        "Net Income Continuous Operations": -11887000.0,
        "Tax Provision": 45000.0,
        "Pretax Income": -11842000.0,
        "Other Income Expense": 1416000.0,
        "Other Non Operating Income Expenses": NaN,
        "Special Income Charges": -224000.0,
        "Gain On Sale Of Ppe": NaN,
        "Impairment Of Capital Assets": NaN,
        "Restructuring And Mergern Acquisition": 224000.0,
        "Gain On Sale Of Security": 1640000.0,
        "Net Non Operating Interest Income Expense": -3817000.0,
        "Interest Expense Non Operating": 3817000.0,
        "Operating Income": -9441000.0,
        "Operating Expense": 32854000.0,
        "Depreciation Amortization Depletion Income Statement": 7173000.0,
        "Depreciation And Amortization In Income Statement": 7173000.0,
        "Selling General And Administration": 25681000.0,
        "General And Administrative Expense": 25681000.0,
        "Other Gand A": 12444000.0,
        "Salaries And Wages": 13237000.0,
        "Gross Profit": 23413000.0,
        "Cost Of Revenue": 67784000.0,
        "Total Revenue": 91197000.0,
        "Operating Revenue": 91197000.0
    },
    "2022-03-31": {
        "Diluted EPS": -0.09,
        "Total Revenue": 109,
        "Gross Profit": 31,
        "Operating Income": -3,
        "EBIT": 4,
        "Net Income": -3
    },
    "2021-12-31": {
        "Diluted EPS": -0.1,
        "Total Revenue": 119,
        "Gross Profit": 33,
        "Operating Income": -2,
        "EBIT": 4,
        "Net Income": -4
    },
    "2021-09-30": {
        "Diluted EPS": 0.09,
        "Total Revenue": 107,
        "Gross Profit": 30,
        "Operating Income": 3,
        "EBIT": 11,
        "Net Income": 4
    },
    "2021-06-30": {
        "Diluted EPS": 0.07,
        "Total Revenue": 105,
        "Gross Profit": 34,
        "Operating Income": 4,
        "EBIT": 11,
        "Net Income": 3
    },
    "2021-03-31": {
        "Diluted EPS": 0.0,
        "Total Revenue": 97,
        "Gross Profit": 28,
        "Operating Income": 3,
        "EBIT": 9,
        "Net Income": 0
    },
    "2020-12-31": {
        "Diluted EPS": -0.32,
        "Total Revenue": 102,
        "Gross Profit": 28,
        "Operating Income": -1,
        "EBIT": 4,
        "Net Income": -10
    },
    "2020-09-30": {
        "Diluted EPS": 0.09,
        "Total Revenue": 83,
        "Gross Profit": 25,
        "Operating Income": 2,
        "EBIT": 7,
        "Net Income": -1
    },
    "2020-06-30": {
        "Diluted EPS": 0.0,
        "Total Revenue": 75,
        "Gross Profit": 23,
        "Operating Income": 6,
        "EBIT": 10,
        "Net Income": 2
    },
    "2020-03-31": {
        "Diluted EPS": 0.0,
        "Total Revenue": 73,
        "Gross Profit": 23,
        "Operating Income": 5,
        "EBIT": 9,
        "Net Income": 1
    },
    "2019-12-31": {
        "Diluted EPS": 0.0,
        "Total Revenue": 181,
        "Gross Profit": 58,
        "Operating Income": 10,
        "EBIT": 14,
        "Net Income": 0
    },
    "2019-09-30": {
        "Diluted EPS": 0.0,
        "Total Revenue": 58,
        "Gross Profit": 18,
        "Operating Income": -7,
        "EBIT": -7,
        "Net Income": -9
    },
    "2019-06-30": {
        "Diluted EPS": -0.27,
        "Total Revenue": NaN,
        "Gross Profit": NaN,
        "Operating Income": -2,
        "EBIT": -2,
        "Net Income": -1
    },
    "2019-03-31": {
        "Diluted EPS": -0.09,
        "Total Revenue": NaN,
        "Gross Profit": NaN,
        "Operating Income": -2,
        "EBIT": -2,
        "Net Income": 0
    },
    "2018-12-31": {
        "Diluted EPS": 0.19,
        "Total Revenue": NaN,
        "Gross Profit": NaN,
        "Operating Income": 0,
        "EBIT": 0,
        "Net Income": 1
    },
    "2018-09-30": {
        "Diluted EPS": 0.16,
        "Total Revenue": NaN,
        "Gross Profit": NaN,
        "Operating Income": 0,
        "EBIT": 0,
        "Net Income": 1
    },
    "2018-06-30": {
        "Diluted EPS": 0.11,
        "Total Revenue": NaN,
        "Gross Profit": NaN,
        "Operating Income": 0,
        "EBIT": 0,
        "Net Income": 1
    },
    "2018-03-31": {
        "Diluted EPS": 0.06,
        "Total Revenue": NaN,
        "Gross Profit": NaN,
        "Operating Income": 0,
        "EBIT": 0,
        "Net Income": 0
    },
    "2017-12-31": {
        "Diluted EPS": 0.0,
        "Total Revenue": NaN,
        "Gross Profit": NaN,
        "Operating Income": NaN,
        "EBIT": NaN,
        "Net Income": NaN
    },
    "2023-06-30": {
        "Tax Effect Of Unusual Items": -1400463.741842,
        "Tax Rate For Calcs": 0.043328,
        "Normalized EBITDA": -4351000.0,
        "Total Unusual Items": -32322000.0,
        "Total Unusual Items Excluding Goodwill": -32322000.0,
        "Net Income From Continuing Operation Net Minority Interest": -28940000.0,
        "Reconciled Depreciation": 5926000.0,
        "Reconciled Cost Of Revenue": 63289000.0,
        "EBIT": -42599000.0,
        "Net Interest Income": -7045000.0,
        "Interest Expense": 7045000.0,
        "Normalized Income": 1981536.258158,
        "Net Income From Continuing And Discontinued Operation": -28940000.0,
        "Total Expenses": 92828000.0,
        "Total Operating Income As Reported": -52431000.0,
        "Diluted Average Shares": 40094000.0,
        "Basic Average Shares": 40094000.0,
        "Diluted EPS": -1.0,
        "Basic EPS": -1.0,
        "Diluted NI Availto Com Stockholders": -40281000.0,
        "Average Dilution Earnings": -11341000.0,
        "Net Income Common Stockholders": -28940000.0,
        "Net Income": -28940000.0,
        "Minority Interests": 18553000.0,
        "Net Income Including Noncontrolling Interests": -47493000.0,
        "Net Income Continuous Operations": -47493000.0,
        "Tax Provision": -2151000.0,
        "Pretax Income": -49644000.0,
        "Other Income Expense": -32322000.0,
        "Other Non Operating Income Expenses": NaN,
        "Special Income Charges": -42151000.0,
        "Gain On Sale Of Ppe": 3000.0,
        "Impairment Of Capital Assets": 41586000.0,
        "Restructuring And Mergern Acquisition": 568000.0,
        "Gain On Sale Of Security": 9829000.0,
        "Net Non Operating Interest Income Expense": -7045000.0,
        "Interest Expense Non Operating": 7045000.0,
        "Operating Income": -10277000.0,
        "Operating Expense": 29485000.0,
        "Depreciation Amortization Depletion Income Statement": 5872000.0,
        "Depreciation And Amortization In Income Statement": 5872000.0,
        "Selling General And Administration": 23613000.0,
        "General And Administrative Expense": 23613000.0,
        "Other Gand A": 12124000.0,
        "Salaries And Wages": 11489000.0,
        "Gross Profit": 19208000.0,
        "Cost Of Revenue": 63343000.0,
        "Total Revenue": 82551000.0,
        "Operating Revenue": 82551000.0
    }
}