{
    "2023-03-31": {
        "Tax Effect Of Unusual Items": -1084860.0,
        "Tax Rate For Calcs": 0.21,
        "Normalized EBITDA": -191621000.0,
        "Total Unusual Items": -5166000.0,
        "Total Unusual Items Excluding Goodwill": -5166000.0,
        "Net Income From Continuing Operation Net Minority Interest": -204969000.0,
        "Reconciled Depreciation": 18958000.0,
        "Reconciled Cost Of Revenue": 22375000.0,
        "EBITDA": -196787000.0,
        "EBIT": -215745000.0,
        "Net Interest Income": 14545000.0,
        "Interest Income": 14545000.0,
        "Normalized Income": -200887860.0,
        "Net Income From Continuing And Discontinued Operation": -204969000.0,
        "Total Expenses": 296447000.0,
        "Total Operating Income As Reported": -215745000.0,
        "Diluted Average Shares": 1916637000.0,
        "Basic Average Shares": 1914963000.0,
        "Diluted EPS": -0.11,
        "Basic EPS": -0.11,
        "Diluted NI Availto Com Stockholders": -205580000.0,
        "Net Income Common Stockholders": -205580000.0,
        "Otherunder Preferred Stock Dividend": 611000.0,
        "Net Income": -204969000.0,
        "Minority Interests": 0.0,
        "Net Income Including Noncontrolling Interests": -204969000.0,
        "Net Income Continuous Operations": -204969000.0,
        "Tax Provision": 82000.0,
        "Pretax Income": -204887000.0,
        "Other Income Expense": -3687000.0,
        "Other Non Operating Income Expenses": 2928000.0,
        "Special Income Charges": 0.0,
        "Gain On Sale Of Business": 0.0,
        "Impairment Of Capital Assets": NaN,
        "Earnings From Equity Interest": -1449000.0,
        "Gain On Sale Of Security": -5166000.0,
        "Net Non Operating Interest Income Expense": 14545000.0,
        "Total Other Finance Cost": NaN,
        "Interest Income Non Operating": 14545000.0,
        "Operating Income": -215745000.0,
        "Operating Expense": 274072000.0,
        "Research And Development": 162639000.0,
        "Selling General And Administration": 111433000.0,
        "General And Administrative Expense": 111433000.0,
        "Other Gand A": 111433000.0,
        "Gross Profit": 58327000.0,
        "Cost Of Revenue": 22375000.0,
        "Total Revenue": 80702000.0,
        "Operating Revenue": 80702000.0
    },
    "2022-12-31": {
        "Tax Effect Of Unusual Items": 1213112.6273,
        "Tax Rate For Calcs": 0.07818,
        "Normalized EBITDA": -146545000.0,
        "Total Unusual Items": 15517000.0,
        "Total Unusual Items Excluding Goodwill": 15517000.0,
        "Net Income From Continuing Operation Net Minority Interest": -176544000.0,
        "Reconciled Depreciation": 15821000.0,
        "Reconciled Cost Of Revenue": 30218000.0,
        "EBITDA": -131028000.0,
        "EBIT": -146849000.0,
        "Net Interest Income": 13059000.0,
        "Interest Income": NaN,
        "Normalized Income": -190847887.3727,
        "Net Income From Continuing And Discontinued Operation": -176544000.0,
        "Total Expenses": 332793000.0,
        "Total Operating Income As Reported": -234508000.0,
        "Diluted Average Shares": 1856609515.0,
        "Basic Average Shares": 1854951611.0,
        "Diluted EPS": -0.1,
        "Basic EPS": -0.09,
        "Diluted NI Availto Com Stockholders": -179687000.0,
        "Net Income Common Stockholders": -179687000.0,
        "Net Income": -176544000.0,
        "Minority Interests": -2390000.0,
        "Net Income Including Noncontrolling Interests": -174154000.0,
        "Net Income Continuous Operations": -174154000.0,
        "Tax Provision": -14770000.0,
        "Pretax Income": -188924000.0,
        "Other Income Expense": 32525000.0,
        "Other Non Operating Income Expenses": 7005000.0,
        "Special Income Charges": 0.0,
        "Gain On Sale Of Business": 0.0,
        "Impairment Of Capital Assets": NaN,
        "Earnings From Equity Interest": 10003000.0,
        "Gain On Sale Of Security": 15517000.0,
        "Net Non Operating Interest Income Expense": 13059000.0,
        "Total Other Finance Cost": NaN,
        "Interest Income Non Operating": NaN,
        "Operating Income": -234508000.0,
        "Operating Expense": 302575000.0,
        "Research And Development": 181155000.0,
        "Selling General And Administration": 121420000.0,
        "General And Administrative Expense": 121420000.0,
        "Other Gand A": 121420000.0,
        "Gross Profit": 68067000.0,
        "Cost Of Revenue": 30218000.0,
        "Total Revenue": 98285000.0,
        "Operating Revenue": 98285000.0
    },
    "2022-09-30": {
        "Tax Effect Of Unusual Items": 74.741101,
        "Tax Rate For Calcs": 4.2e-05,
        "Normalized EBITDA": -654807000.0,
        "Total Unusual Items": 1786000.0,
        "Total Unusual Items Excluding Goodwill": 1786000.0,
        "Net Income From Continuing Operation Net Minority Interest": -669055000.0,
        "Reconciled Depreciation": 9506000.0,
        "Reconciled Cost Of Revenue": 24655000.0,
        "EBITDA": -653021000.0,
        "EBIT": -653021000.0,
        "Net Interest Income": 5820000.0,
        "Interest Income": NaN,
        "Normalized Income": -670840925.258899,
        "Net Income From Continuing And Discontinued Operation": -669055000.0,
        "Total Expenses": 719419000.0,
        "Total Operating Income As Reported": -653021000.0,
        "Diluted Average Shares": 1630911000.0,
        "Basic Average Shares": 1630911000.0,
        "Diluted EPS": -0.41,
        "Basic EPS": -0.41,
        "Diluted NI Availto Com Stockholders": -669055000.0,
        "Net Income Common Stockholders": -669055000.0,
        "Net Income": -669055000.0,
        "Minority Interests": 0.0,
        "Net Income Including Noncontrolling Interests": -669055000.0,
        "Net Income Continuous Operations": -669055000.0,
        "Tax Provision": -28000.0,
        "Pretax Income": -669083000.0,
        "Other Income Expense": -21882000.0,
        "Other Non Operating Income Expenses": -957000.0,
        "Special Income Charges": 15989000.0,
        "Gain On Sale Of Business": 15989000.0,
        "Impairment Of Capital Assets": NaN,
        "Earnings From Equity Interest": -22711000.0,
        "Gain On Sale Of Security": -14203000.0,
        "Net Non Operating Interest Income Expense": 5820000.0,
        "Total Other Finance Cost": -5820000.0,
        "Interest Income Non Operating": NaN,
        "Operating Income": -653021000.0,
        "Operating Expense": 694764000.0,
        "Research And Development": 259580000.0,
        "Selling General And Administration": 435184000.0,
        "General And Administrative Expense": 435184000.0,
        "Other Gand A": 435184000.0,
        "Gross Profit": 41743000.0,
        "Cost Of Revenue": 24655000.0,
        "Total Revenue": 66398000.0,
        "Operating Revenue": 66398000.0
    },
    "2022-06-30": {
        "Tax Effect Of Unusual Items": -1017.543598,
        "Tax Rate For Calcs": 6.7e-05,
        "Normalized EBITDA": -622136000.0,
        "Total Unusual Items": -15164000.0,
        "Total Unusual Items Excluding Goodwill": -15164000.0,
        "Net Income From Continuing Operation Net Minority Interest": -668825000.0,
        "Reconciled Depreciation": 9608000.0,
        "Reconciled Cost Of Revenue": 63911000.0,
        "EBITDA": -637300000.0,
        "EBIT": -646908000.0,
        "Net Interest Income": 1674000.0,
        "Interest Income": NaN,
        "Normalized Income": -653662017.543598,
        "Net Income From Continuing And Discontinued Operation": -668825000.0,
        "Total Expenses": 791526000.0,
        "Total Operating Income As Reported": -646908000.0,
        "Diluted Average Shares": 1620704000.0,
        "Basic Average Shares": 1620704000.0,
        "Diluted EPS": -0.41,
        "Basic EPS": -0.41,
        "Diluted NI Availto Com Stockholders": -668825000.0,
        "Net Income Common Stockholders": -668825000.0,
        "Net Income": -668825000.0,
        "Minority Interests": 1745000.0,
        "Net Income Including Noncontrolling Interests": -670570000.0,
        "Net Income Continuous Operations": -670570000.0,
        "Tax Provision": -45000.0,
        "Pretax Income": -670615000.0,
        "Other Income Expense": -25381000.0,
        "Other Non Operating Income Expenses": -51000.0,
        "Special Income Charges": 0.0,
        "Gain On Sale Of Business": 0.0,
        "Earnings From Equity Interest": -10166000.0,
        "Gain On Sale Of Security": -15164000.0,
        "Net Non Operating Interest Income Expense": 1674000.0,
        "Total Other Finance Cost": -1674000.0,
        "Interest Income Non Operating": NaN,
        "Operating Income": -646908000.0,
        "Operating Expense": 727615000.0,
        "Research And Development": 289188000.0,
        "Selling General And Administration": 438427000.0,
        "General And Administrative Expense": 438427000.0,
        "Other Gand A": 438427000.0,
        "Gross Profit": 80707000.0,
        "Cost Of Revenue": 63911000.0,
        "Total Revenue": 144618000.0,
        "Operating Revenue": 144618000.0
    },
    "2022-03-31": {
        "Diluted EPS": -0.37,
        "Total Revenue": 168,
        "Gross Profit": 83,
        "Operating Income": -675,
        "EBIT": -666,
        "Net Income": -591
    },
    "2021-12-31": {
        "Diluted EPS": -1.21,
        "Total Revenue": 148,
        "Gross Profit": 82,
        "Operating Income": NaN,
        "EBIT": NaN,
        "Net Income": NaN
    },
    "2021-09-30": {
        "Diluted EPS": -0.08,
        "Total Revenue": 78,
        "Gross Profit": 55,
        "Operating Income": -27,
        "EBIT": -18,
        "Net Income": -102
    },
    "2021-06-30": {
        "Diluted EPS": -0.04,
        "Total Revenue": 44,
        "Gross Profit": 27,
        "Operating Income": -60,
        "EBIT": -53,
        "Net Income": -54
    },
    "2021-03-31": {
        "Diluted EPS": -0.06,
        "Total Revenue": 44,
        "Gross Profit": 20,
        "Operating Income": -57,
        "EBIT": -51,
        "Net Income": -74
    },
    "2020-12-31": {
        "Diluted EPS": 0.0,
        "Total Revenue": NaN,
        "Gross Profit": NaN,
        "Operating Income": NaN,
        "EBIT": NaN,
        "Net Income": NaN
    },
    "2020-09-30": {
        "Diluted EPS": -0.02,
        "Total Revenue": 13,
        "Gross Profit": 12,
        "Operating Income": -34,
        "EBIT": -34,
        "Net Income": -26
    },
    "2019-12-31": {
        "Diluted EPS": 0.0,
        "Total Revenue": NaN,
        "Gross Profit": NaN,
        "Operating Income": NaN,
        "EBIT": NaN,
        "Net Income": NaN
    },
    "2023-06-30": {
        "Tax Effect Of Unusual Items": -1386630.0,
        "Tax Rate For Calcs": 0.21,
        "Normalized EBITDA": -159327000.0,
        "Total Unusual Items": -6603000.0,
        "Total Unusual Items Excluding Goodwill": -6603000.0,
        "Net Income From Continuing Operation Net Minority Interest": -173315000.0,
        "Reconciled Depreciation": 18221000.0,
        "Reconciled Cost Of Revenue": 18096000.0,
        "EBITDA": -165930000.0,
        "EBIT": -184151000.0,
        "Net Interest Income": 14349000.0,
        "Interest Income": 14349000.0,
        "Normalized Income": -168098630.0,
        "Net Income From Continuing And Discontinued Operation": -173315000.0,
        "Total Expenses": 264719000.0,
        "Total Operating Income As Reported": -184151000.0,
        "Diluted Average Shares": 1933437000.0,
        "Basic Average Shares": 1933437000.0,
        "Diluted EPS": -0.09,
        "Basic EPS": -0.09,
        "Diluted NI Availto Com Stockholders": -173315000.0,
        "Net Income Common Stockholders": -173315000.0,
        "Otherunder Preferred Stock Dividend": NaN,
        "Net Income": -173315000.0,
        "Minority Interests": 0.0,
        "Net Income Including Noncontrolling Interests": -173315000.0,
        "Net Income Continuous Operations": -173315000.0,
        "Tax Provision": 67000.0,
        "Pretax Income": -173248000.0,
        "Other Income Expense": -3446000.0,
        "Other Non Operating Income Expenses": 3224000.0,
        "Special Income Charges": 0.0,
        "Gain On Sale Of Business": 0.0,
        "Impairment Of Capital Assets": NaN,
        "Earnings From Equity Interest": -67000.0,
        "Gain On Sale Of Security": -6603000.0,
        "Net Non Operating Interest Income Expense": 14349000.0,
        "Total Other Finance Cost": NaN,
        "Interest Income Non Operating": 14349000.0,
        "Operating Income": -184151000.0,
        "Operating Expense": 246623000.0,
        "Research And Development": 144282000.0,
        "Selling General And Administration": 102341000.0,
        "General And Administrative Expense": 102341000.0,
        "Other Gand A": 102341000.0,
        "Gross Profit": 62472000.0,
        "Cost Of Revenue": 18096000.0,
        "Total Revenue": 80568000.0,
        "Operating Revenue": 80568000.0
    },
    "2023-09-30": {
        "Tax Effect Of Unusual Items": -9488.354742,
        "Tax Rate For Calcs": 7.3e-05,
        "Normalized EBITDA": -39049000.0,
        "Total Unusual Items": -130643000.0,
        "Total Unusual Items Excluding Goodwill": -130643000.0,
        "Net Income From Continuing Operation Net Minority Interest": -302891000.0,
        "Reconciled Depreciation": 20491000.0,
        "Reconciled Cost Of Revenue": 6923000.0,
        "EBITDA": -169692000.0,
        "EBIT": -190183000.0,
        "Net Interest Income": 15020000.0,
        "Interest Income": NaN,
        "Normalized Income": -172257488.354742,
        "Net Income From Continuing And Discontinued Operation": -302891000.0,
        "Total Expenses": 245613000.0,
        "Total Operating Income As Reported": -286393000.0,
        "Diluted Average Shares": 1950814000.0,
        "Basic Average Shares": 1950814000.0,
        "Diluted EPS": -0.16,
        "Basic EPS": -0.16,
        "Diluted NI Availto Com Stockholders": -302891000.0,
        "Net Income Common Stockholders": -302891000.0,
        "Otherunder Preferred Stock Dividend": NaN,
        "Net Income": -302891000.0,
        "Minority Interests": 0.0,
        "Net Income Including Noncontrolling Interests": -302891000.0,
        "Net Income Continuous Operations": -302891000.0,
        "Tax Provision": -22000.0,
        "Pretax Income": -302913000.0,
        "Other Income Expense": -127750000.0,
        "Other Non Operating Income Expenses": 2893000.0,
        "Special Income Charges": -96210000.0,
        "Gain On Sale Of Business": 0.0,
        "Impairment Of Capital Assets": 96210000.0,
        "Earnings From Equity Interest": 0.0,
        "Gain On Sale Of Security": -34433000.0,
        "Net Non Operating Interest Income Expense": 15020000.0,
        "Total Other Finance Cost": -15020000.0,
        "Interest Income Non Operating": NaN,
        "Operating Income": -190183000.0,
        "Operating Expense": 238690000.0,
        "Research And Development": 156662000.0,
        "Selling General And Administration": 82028000.0,
        "General And Administrative Expense": 82028000.0,
        "Other Gand A": 82028000.0,
        "Gross Profit": 48507000.0,
        "Cost Of Revenue": 6923000.0,
        "Total Revenue": 55430000.0,
        "Operating Revenue": 55430000.0
    },
    "2023-12-31": {
        "Tax Effect Of Unusual Items": -42945.849773,
        "Tax Rate For Calcs": 0.000934,
        "Normalized EBITDA": -242925000.0,
        "Total Unusual Items": -45959000.0,
        "Total Unusual Items Excluding Goodwill": -45959000.0,
        "Net Income From Continuing Operation Net Minority Interest": -211694000.0,
        "Reconciled Depreciation": 13884000.0,
        "Reconciled Cost Of Revenue": 6611000.0,
        "EBITDA": -288884000.0,
        "EBIT": -302768000.0,
        "Net Interest Income": 13210000.0,
        "Interest Income": NaN,
        "Normalized Income": -165777945.849773,
        "Net Income From Continuing And Discontinued Operation": -211694000.0,
        "Total Expenses": 212872000.0,
        "Total Operating Income As Reported": -178117000.0,
        "Diluted Average Shares": NaN,
        "Basic Average Shares": NaN,
        "Diluted EPS": NaN,
        "Basic EPS": NaN,
        "Diluted NI Availto Com Stockholders": -211694000.0,
        "Net Income Common Stockholders": -211694000.0,
        "Otherunder Preferred Stock Dividend": NaN,
        "Net Income": -211694000.0,
        "Minority Interests": 0.0,
        "Net Income Including Noncontrolling Interests": -211694000.0,
        "Net Income Continuous Operations": -211694000.0,
        "Tax Provision": -198000.0,
        "Pretax Income": -211892000.0,
        "Other Income Expense": -46985000.0,
        "Other Non Operating Income Expenses": 93000.0,
        "Special Income Charges": -42502000.0,
        "Gain On Sale Of Business": -42502000.0,
        "Impairment Of Capital Assets": 0.0,
        "Earnings From Equity Interest": -1119000.0,
        "Gain On Sale Of Security": -3457000.0,
        "Net Non Operating Interest Income Expense": 13210000.0,
        "Total Other Finance Cost": NaN,
        "Interest Income Non Operating": NaN,
        "Operating Income": -178117000.0,
        "Operating Expense": 206261000.0,
        "Research And Development": 117038000.0,
        "Selling General And Administration": 89223000.0,
        "General And Administrative Expense": 89223000.0,
        "Other Gand A": 89223000.0,
        "Gross Profit": 28144000.0,
        "Cost Of Revenue": 6611000.0,
        "Total Revenue": 34755000.0,
        "Operating Revenue": 34755000.0
    },
    "2024-03-31": {
        "Tax Effect Of Unusual Items": -641600.0,
        "Tax Rate For Calcs": 0.4,
        "Normalized EBITDA": -163529000.0,
        "Total Unusual Items": -1604000.0,
        "Total Unusual Items Excluding Goodwill": -1604000.0,
        "Net Income From Continuing Operation Net Minority Interest": -165911000.0,
        "Reconciled Depreciation": 12869000.0,
        "Reconciled Cost Of Revenue": 9202000.0,
        "EBITDA": -165133000.0,
        "EBIT": -178002000.0,
        "Net Interest Income": 11711000.0,
        "Interest Income": 11711000.0,
        "Normalized Income": -164948600.0,
        "Net Income From Continuing And Discontinued Operation": -165911000.0,
        "Total Expenses": 215946000.0,
        "Total Operating Income As Reported": -178002000.0,
        "Diluted Average Shares": 2005336000.0,
        "Basic Average Shares": 2004460000.0,
        "Diluted EPS": -0.08,
        "Basic EPS": -0.08,
        "Diluted NI Availto Com Stockholders": -166375000.0,
        "Net Income Common Stockholders": -166375000.0,
        "Otherunder Preferred Stock Dividend": 464000.0,
        "Net Income": -165911000.0,
        "Minority Interests": NaN,
        "Net Income Including Noncontrolling Interests": -165911000.0,
        "Net Income Continuous Operations": -165911000.0,
        "Tax Provision": 31000.0,
        "Pretax Income": -165880000.0,
        "Other Income Expense": 411000.0,
        "Other Non Operating Income Expenses": 2015000.0,
        "Special Income Charges": NaN,
        "Gain On Sale Of Business": NaN,
        "Impairment Of Capital Assets": NaN,
        "Earnings From Equity Interest": 0.0,
        "Gain On Sale Of Security": -1604000.0,
        "Net Non Operating Interest Income Expense": 11711000.0,
        "Total Other Finance Cost": NaN,
        "Interest Income Non Operating": 11711000.0,
        "Operating Income": -178002000.0,
        "Operating Expense": 206744000.0,
        "Research And Development": 136457000.0,
        "Selling General And Administration": 70287000.0,
        "General And Administrative Expense": 70287000.0,
        "Other Gand A": 70287000.0,
        "Gross Profit": 28742000.0,
        "Cost Of Revenue": 9202000.0,
        "Total Revenue": 37944000.0,
        "Operating Revenue": 37944000.0
    }
}