{
    "2023-03-31": {
        "Tax Effect Of Unusual Items": NaN,
        "Tax Rate For Calcs": NaN,
        "Normalized EBITDA": NaN,
        "Total Unusual Items": NaN,
        "Total Unusual Items Excluding Goodwill": NaN,
        "Net Income From Continuing Operation Net Minority Interest": NaN,
        "Reconciled Depreciation": NaN,
        "Reconciled Cost Of Revenue": NaN,
        "EBITDA": NaN,
        "EBIT": NaN,
        "Net Interest Income": NaN,
        "Interest Expense": NaN,
        "Normalized Income": NaN,
        "Net Income From Continuing And Discontinued Operation": NaN,
        "Total Expenses": NaN,
        "Total Operating Income As Reported": NaN,
        "Diluted Average Shares": NaN,
        "Basic Average Shares": NaN,
        "Diluted EPS": NaN,
        "Basic EPS": NaN,
        "Diluted NI Availto Com Stockholders": NaN,
        "Net Income Common Stockholders": NaN,
        "Net Income": NaN,
        "Net Income Including Noncontrolling Interests": NaN,
        "Net Income Continuous Operations": NaN,
        "Tax Provision": NaN,
        "Pretax Income": NaN,
        "Other Income Expense": NaN,
        "Special Income Charges": NaN,
        "Gain On Sale Of Ppe": NaN,
        "Other Special Charges": NaN,
        "Impairment Of Capital Assets": NaN,
        "Gain On Sale Of Security": NaN,
        "Net Non Operating Interest Income Expense": NaN,
        "Total Other Finance Cost": 3386000.0,
        "Interest Expense Non Operating": NaN,
        "Operating Income": NaN,
        "Operating Expense": NaN,
        "Research And Development": NaN,
        "Selling General And Administration": NaN,
        "Gross Profit": NaN,
        "Cost Of Revenue": NaN,
        "Total Revenue": NaN,
        "Operating Revenue": NaN
    },
    "2022-12-31": {
        "Tax Effect Of Unusual Items": NaN,
        "Tax Rate For Calcs": NaN,
        "Normalized EBITDA": NaN,
        "Total Unusual Items": NaN,
        "Total Unusual Items Excluding Goodwill": NaN,
        "Net Income From Continuing Operation Net Minority Interest": NaN,
        "Reconciled Depreciation": NaN,
        "Reconciled Cost Of Revenue": NaN,
        "EBITDA": NaN,
        "EBIT": NaN,
        "Net Interest Income": NaN,
        "Interest Expense": NaN,
        "Normalized Income": NaN,
        "Net Income From Continuing And Discontinued Operation": NaN,
        "Total Expenses": NaN,
        "Total Operating Income As Reported": NaN,
        "Diluted Average Shares": NaN,
        "Basic Average Shares": NaN,
        "Diluted EPS": NaN,
        "Basic EPS": NaN,
        "Diluted NI Availto Com Stockholders": NaN,
        "Net Income Common Stockholders": NaN,
        "Net Income": NaN,
        "Net Income Including Noncontrolling Interests": NaN,
        "Net Income Continuous Operations": NaN,
        "Tax Provision": NaN,
        "Pretax Income": NaN,
        "Other Income Expense": NaN,
        "Other Non Operating Income Expenses": 399000.0,
        "Special Income Charges": NaN,
        "Gain On Sale Of Ppe": NaN,
        "Other Special Charges": 0.0,
        "Impairment Of Capital Assets": 0.0,
        "Gain On Sale Of Security": NaN,
        "Net Non Operating Interest Income Expense": NaN,
        "Total Other Finance Cost": NaN,
        "Interest Expense Non Operating": NaN,
        "Operating Income": NaN,
        "Operating Expense": NaN,
        "Research And Development": NaN,
        "Selling General And Administration": NaN,
        "Gross Profit": NaN,
        "Cost Of Revenue": NaN,
        "Total Revenue": NaN,
        "Operating Revenue": NaN
    },
    "2022-09-30": {
        "Tax Effect Of Unusual Items": -126768.0,
        "Tax Rate For Calcs": 0.002,
        "Normalized EBITDA": 31969000.0,
        "Total Unusual Items": -63384000.0,
        "Total Unusual Items Excluding Goodwill": -63384000.0,
        "Net Income From Continuing Operation Net Minority Interest": -94876000.0,
        "Reconciled Depreciation": -3098000.0,
        "Reconciled Cost Of Revenue": 14503000.0,
        "EBITDA": -31415000.0,
        "EBIT": -31415000.0,
        "Net Interest Income": -553000.0,
        "Normalized Income": -31618768.0,
        "Net Income From Continuing And Discontinued Operation": -94876000.0,
        "Total Expenses": 41863000.0,
        "Total Operating Income As Reported": -94906000.0,
        "Diluted Average Shares": 101199195.0,
        "Basic Average Shares": 101199195.0,
        "Diluted EPS": -0.94,
        "Basic EPS": -0.94,
        "Diluted NI Availto Com Stockholders": -94876000.0,
        "Net Income Common Stockholders": -94876000.0,
        "Net Income": -94876000.0,
        "Net Income Including Noncontrolling Interests": -94876000.0,
        "Net Income Continuous Operations": -94876000.0,
        "Tax Provision": -236000.0,
        "Pretax Income": -95112000.0,
        "Other Income Expense": -63144000.0,
        "Other Non Operating Income Expenses": 240000.0,
        "Special Income Charges": -64991000.0,
        "Gain On Sale Of Ppe": 0.0,
        "Other Special Charges": 1500000.0,
        "Impairment Of Capital Assets": 63491000.0,
        "Gain On Sale Of Security": 1607000.0,
        "Net Non Operating Interest Income Expense": -553000.0,
        "Total Other Finance Cost": 553000.0,
        "Operating Income": -31415000.0,
        "Operating Expense": 27360000.0,
        "Research And Development": 7947000.0,
        "Selling General And Administration": 19413000.0,
        "Gross Profit": -4055000.0,
        "Cost Of Revenue": 14503000.0,
        "Total Revenue": 10448000.0,
        "Operating Revenue": 10448000.0
    },
    "2022-06-30": {
        "Tax Effect Of Unusual Items": 15685.8,
        "Tax Rate For Calcs": 0.0078,
        "Normalized EBITDA": -29897000.0,
        "Total Unusual Items": 2011000.0,
        "Total Unusual Items Excluding Goodwill": 2011000.0,
        "Net Income From Continuing Operation Net Minority Interest": -30445000.0,
        "Reconciled Depreciation": 4233000.0,
        "Reconciled Cost Of Revenue": 14934000.0,
        "EBITDA": -27886000.0,
        "EBIT": -32119000.0,
        "Net Interest Income": -652000.0,
        "Normalized Income": -32440314.2,
        "Net Income From Continuing And Discontinued Operation": -30445000.0,
        "Total Expenses": 44822000.0,
        "Total Operating Income As Reported": -32120000.0,
        "Diluted Average Shares": 101047650.0,
        "Basic Average Shares": 101047650.0,
        "Diluted EPS": -0.3,
        "Basic EPS": -0.3,
        "Diluted NI Availto Com Stockholders": -30445000.0,
        "Net Income Common Stockholders": -30445000.0,
        "Net Income": -30445000.0,
        "Net Income Including Noncontrolling Interests": -30445000.0,
        "Net Income Continuous Operations": -30445000.0,
        "Tax Provision": -240000.0,
        "Pretax Income": -30685000.0,
        "Other Income Expense": 2086000.0,
        "Other Non Operating Income Expenses": 75000.0,
        "Special Income Charges": -1000.0,
        "Gain On Sale Of Ppe": -1000.0,
        "Other Special Charges": NaN,
        "Impairment Of Capital Assets": NaN,
        "Gain On Sale Of Security": 2012000.0,
        "Net Non Operating Interest Income Expense": -652000.0,
        "Total Other Finance Cost": 652000.0,
        "Operating Income": -32119000.0,
        "Operating Expense": 29888000.0,
        "Research And Development": 8913000.0,
        "Selling General And Administration": 20975000.0,
        "Gross Profit": -2231000.0,
        "Cost Of Revenue": 14934000.0,
        "Total Revenue": 12703000.0,
        "Operating Revenue": 12703000.0
    },
    "2022-03-31": {
        "Diluted EPS": -0.26,
        "Total Revenue": 15,
        "Gross Profit": -1,
        "Operating Income": -31,
        "EBIT": -26,
        "Net Income": -26
    },
    "2021-12-31": {
        "Diluted EPS": 0.0,
        "Total Revenue": 18,
        "Gross Profit": -2,
        "Operating Income": -35,
        "EBIT": -31,
        "Net Income": -12
    },
    "2021-09-30": {
        "Diluted EPS": 0.08,
        "Total Revenue": 13,
        "Gross Profit": 0,
        "Operating Income": -32,
        "EBIT": -29,
        "Net Income": 8
    },
    "2021-06-30": {
        "Diluted EPS": 0.39,
        "Total Revenue": 14,
        "Gross Profit": 2,
        "Operating Income": -21,
        "EBIT": -20,
        "Net Income": 39
    },
    "2021-03-31": {
        "Diluted EPS": -1.12,
        "Total Revenue": 13,
        "Gross Profit": 1,
        "Operating Income": -11,
        "EBIT": -9,
        "Net Income": -95
    },
    "2020-12-31": {
        "Diluted EPS": -0.11,
        "Total Revenue": 12,
        "Gross Profit": 1,
        "Operating Income": -11,
        "EBIT": -9,
        "Net Income": -3
    },
    "2020-09-30": {
        "Diluted EPS": -0.07,
        "Total Revenue": 13,
        "Gross Profit": 4,
        "Operating Income": -2,
        "EBIT": 0,
        "Net Income": -2
    },
    "2020-06-30": {
        "Diluted EPS": -0.06,
        "Total Revenue": 12,
        "Gross Profit": 3,
        "Operating Income": -2,
        "EBIT": 0,
        "Net Income": -2
    },
    "2020-03-31": {
        "Diluted EPS": -0.06,
        "Total Revenue": 11,
        "Gross Profit": 3,
        "Operating Income": -1,
        "EBIT": 0,
        "Net Income": -2
    },
    "2019-12-31": {
        "Diluted EPS": 0.0,
        "Total Revenue": NaN,
        "Gross Profit": NaN,
        "Operating Income": NaN,
        "EBIT": NaN,
        "Net Income": NaN
    },
    "2019-09-30": {
        "Diluted EPS": 0.0,
        "Total Revenue": NaN,
        "Gross Profit": NaN,
        "Operating Income": NaN,
        "EBIT": NaN,
        "Net Income": NaN
    },
    "2019-06-30": {
        "Diluted EPS": 0.0,
        "Total Revenue": NaN,
        "Gross Profit": NaN,
        "Operating Income": 0,
        "EBIT": 0,
        "Net Income": 0
    },
    "2023-06-30": {
        "Tax Effect Of Unusual Items": 1569.6,
        "Tax Rate For Calcs": 0.0016,
        "Normalized EBITDA": -18492000.0,
        "Total Unusual Items": 981000.0,
        "Total Unusual Items Excluding Goodwill": 981000.0,
        "Net Income From Continuing Operation Net Minority Interest": -39241000.0,
        "Reconciled Depreciation": 12629000.0,
        "Reconciled Cost Of Revenue": 19433000.0,
        "EBITDA": -17511000.0,
        "EBIT": -30140000.0,
        "Net Interest Income": -9162000.0,
        "Interest Expense": 9162000.0,
        "Normalized Income": -40220430.4,
        "Net Income From Continuing And Discontinued Operation": -39241000.0,
        "Total Expenses": 43986000.0,
        "Total Operating Income As Reported": -31121000.0,
        "Diluted Average Shares": 101938376.0,
        "Basic Average Shares": 101938376.0,
        "Diluted EPS": -0.38,
        "Basic EPS": -0.38,
        "Diluted NI Availto Com Stockholders": -39241000.0,
        "Net Income Common Stockholders": -39241000.0,
        "Net Income": -39241000.0,
        "Net Income Including Noncontrolling Interests": -39241000.0,
        "Net Income Continuous Operations": -39241000.0,
        "Tax Provision": -61000.0,
        "Pretax Income": -39302000.0,
        "Other Income Expense": 981000.0,
        "Special Income Charges": -102000.0,
        "Gain On Sale Of Ppe": 0.0,
        "Other Special Charges": 102000.0,
        "Impairment Of Capital Assets": NaN,
        "Gain On Sale Of Security": 1083000.0,
        "Net Non Operating Interest Income Expense": -9162000.0,
        "Total Other Finance Cost": 9162000.0,
        "Interest Expense Non Operating": 9162000.0,
        "Operating Income": -31121000.0,
        "Operating Expense": 24553000.0,
        "Research And Development": 7709000.0,
        "Selling General And Administration": 16844000.0,
        "Gross Profit": -6568000.0,
        "Cost Of Revenue": 19433000.0,
        "Total Revenue": 12865000.0,
        "Operating Revenue": 12865000.0
    },
    "2023-09-30": {
        "Tax Effect Of Unusual Items": 14280.0,
        "Tax Rate For Calcs": 0.21,
        "Normalized EBITDA": -24031000.0,
        "Total Unusual Items": 68000.0,
        "Total Unusual Items Excluding Goodwill": 68000.0,
        "Net Income From Continuing Operation Net Minority Interest": -40159000.0,
        "Reconciled Depreciation": 7212000.0,
        "Reconciled Cost Of Revenue": 18685000.0,
        "EBITDA": -23963000.0,
        "EBIT": -31175000.0,
        "Net Interest Income": -8584000.0,
        "Interest Expense": NaN,
        "Normalized Income": -40212720.0,
        "Net Income From Continuing And Discontinued Operation": -40159000.0,
        "Total Expenses": 42123000.0,
        "Total Operating Income As Reported": -31239000.0,
        "Diluted Average Shares": 102025684.0,
        "Basic Average Shares": 102025684.0,
        "Diluted EPS": -0.39,
        "Basic EPS": -0.39,
        "Diluted NI Availto Com Stockholders": -40159000.0,
        "Net Income Common Stockholders": -40159000.0,
        "Net Income": -40159000.0,
        "Net Income Including Noncontrolling Interests": -40159000.0,
        "Net Income Continuous Operations": -40159000.0,
        "Tax Provision": 468000.0,
        "Pretax Income": -39691000.0,
        "Other Income Expense": 68000.0,
        "Special Income Charges": -64000.0,
        "Gain On Sale Of Ppe": -64000.0,
        "Other Special Charges": NaN,
        "Impairment Of Capital Assets": 0.0,
        "Gain On Sale Of Security": 132000.0,
        "Net Non Operating Interest Income Expense": -8584000.0,
        "Total Other Finance Cost": 8584000.0,
        "Interest Expense Non Operating": NaN,
        "Operating Income": -31175000.0,
        "Operating Expense": 23438000.0,
        "Research And Development": 6883000.0,
        "Selling General And Administration": 16555000.0,
        "Gross Profit": -7737000.0,
        "Cost Of Revenue": 18685000.0,
        "Total Revenue": 10948000.0,
        "Operating Revenue": 10948000.0
    },
    "2023-12-31": {
        "Tax Effect Of Unusual Items": -19320.0,
        "Tax Rate For Calcs": 0.21,
        "Normalized EBITDA": -23409000.0,
        "Total Unusual Items": -92000.0,
        "Total Unusual Items Excluding Goodwill": -92000.0,
        "Net Income From Continuing Operation Net Minority Interest": -39434000.0,
        "Reconciled Depreciation": 7331000.0,
        "Reconciled Cost Of Revenue": 17317000.0,
        "EBITDA": -23501000.0,
        "EBIT": -30832000.0,
        "Net Interest Income": -8509000.0,
        "Interest Expense": NaN,
        "Normalized Income": -39361320.0,
        "Net Income From Continuing And Discontinued Operation": -39434000.0,
        "Total Expenses": 41777000.0,
        "Total Operating Income As Reported": -31032000.0,
        "Diluted Average Shares": 102144873.0,
        "Basic Average Shares": 102144873.0,
        "Diluted EPS": -0.39,
        "Basic EPS": -0.39,
        "Diluted NI Availto Com Stockholders": -39434000.0,
        "Net Income Common Stockholders": -39434000.0,
        "Net Income": -39434000.0,
        "Net Income Including Noncontrolling Interests": -39434000.0,
        "Net Income Continuous Operations": -39434000.0,
        "Tax Provision": 2000.0,
        "Pretax Income": -39432000.0,
        "Other Income Expense": -91000.0,
        "Special Income Charges": -200000.0,
        "Gain On Sale Of Ppe": -12000.0,
        "Other Special Charges": 0.0,
        "Impairment Of Capital Assets": 188000.0,
        "Gain On Sale Of Security": 108000.0,
        "Net Non Operating Interest Income Expense": -8509000.0,
        "Total Other Finance Cost": 8509000.0,
        "Interest Expense Non Operating": NaN,
        "Operating Income": -30832000.0,
        "Operating Expense": 24460000.0,
        "Research And Development": 7575000.0,
        "Selling General And Administration": 16885000.0,
        "Gross Profit": -6372000.0,
        "Cost Of Revenue": 17317000.0,
        "Total Revenue": 10945000.0,
        "Operating Revenue": 10945000.0
    },
    "2024-06-30": {
        "Tax Effect Of Unusual Items": 0.0,
        "Tax Rate For Calcs": 0.0,
        "Normalized EBITDA": -5868000.0,
        "Total Unusual Items": 5177000.0,
        "Total Unusual Items Excluding Goodwill": 5177000.0,
        "Net Income From Continuing Operation Net Minority Interest": -22661000.0,
        "Reconciled Depreciation": 12896000.0,
        "Reconciled Cost Of Revenue": 14531000.0,
        "EBITDA": -691000.0,
        "EBIT": -13587000.0,
        "Net Interest Income": -9072000.0,
        "Interest Expense": 9072000.0,
        "Normalized Income": -27838000.0,
        "Net Income From Continuing And Discontinued Operation": -22661000.0,
        "Total Expenses": 26392000.0,
        "Total Operating Income As Reported": -19329000.0,
        "Diluted Average Shares": 116465086.0,
        "Basic Average Shares": 116465086.0,
        "Diluted EPS": -0.19,
        "Basic EPS": -0.19,
        "Diluted NI Availto Com Stockholders": -22661000.0,
        "Net Income Common Stockholders": -22661000.0,
        "Net Income": -22661000.0,
        "Net Income Including Noncontrolling Interests": -22661000.0,
        "Net Income Continuous Operations": -22661000.0,
        "Tax Provision": 2000.0,
        "Pretax Income": -22659000.0,
        "Other Income Expense": 5177000.0,
        "Special Income Charges": -565000.0,
        "Gain On Sale Of Ppe": -565000.0,
        "Other Special Charges": NaN,
        "Impairment Of Capital Assets": NaN,
        "Gain On Sale Of Security": 5742000.0,
        "Net Non Operating Interest Income Expense": -9072000.0,
        "Total Other Finance Cost": NaN,
        "Interest Expense Non Operating": 9072000.0,
        "Operating Income": -18764000.0,
        "Operating Expense": 11861000.0,
        "Research And Development": 5109000.0,
        "Selling General And Administration": 6752000.0,
        "Gross Profit": -6903000.0,
        "Cost Of Revenue": 14531000.0,
        "Total Revenue": 7628000.0,
        "Operating Revenue": 7628000.0
    },
    "2024-03-31": {
        "Tax Effect Of Unusual Items": 0.0,
        "Tax Rate For Calcs": 0.0,
        "Normalized EBITDA": -16631000.0,
        "Total Unusual Items": 99000.0,
        "Total Unusual Items Excluding Goodwill": 99000.0,
        "Net Income From Continuing Operation Net Minority Interest": -27263000.0,
        "Reconciled Depreciation": 1990000.0,
        "Reconciled Cost Of Revenue": 16535000.0,
        "EBITDA": -16532000.0,
        "EBIT": -18522000.0,
        "Net Interest Income": -8838000.0,
        "Interest Expense": NaN,
        "Normalized Income": -27362000.0,
        "Net Income From Continuing And Discontinued Operation": -27263000.0,
        "Total Expenses": 28746000.0,
        "Total Operating Income As Reported": -18522000.0,
        "Diluted Average Shares": 103968384.0,
        "Basic Average Shares": 103968384.0,
        "Diluted EPS": -0.26,
        "Basic EPS": -0.26,
        "Diluted NI Availto Com Stockholders": -27263000.0,
        "Net Income Common Stockholders": -27263000.0,
        "Net Income": -27263000.0,
        "Net Income Including Noncontrolling Interests": -27263000.0,
        "Net Income Continuous Operations": -27263000.0,
        "Tax Provision": 2000.0,
        "Pretax Income": -27261000.0,
        "Other Income Expense": 99000.0,
        "Special Income Charges": 0.0,
        "Gain On Sale Of Ppe": 0.0,
        "Other Special Charges": NaN,
        "Impairment Of Capital Assets": NaN,
        "Gain On Sale Of Security": 99000.0,
        "Net Non Operating Interest Income Expense": -8838000.0,
        "Total Other Finance Cost": 8838000.0,
        "Interest Expense Non Operating": NaN,
        "Operating Income": -18522000.0,
        "Operating Expense": 12211000.0,
        "Research And Development": 5342000.0,
        "Selling General And Administration": 6869000.0,
        "Gross Profit": -6311000.0,
        "Cost Of Revenue": 16535000.0,
        "Total Revenue": 10224000.0,
        "Operating Revenue": 10224000.0
    }
}