{
    "2023-03-31": {
        "Tax Effect Of Unusual Items": 0.0,
        "Tax Rate For Calcs": 0.086,
        "Normalized EBITDA": 41000000.0,
        "Total Unusual Items": NaN,
        "Total Unusual Items Excluding Goodwill": NaN,
        "Net Income From Continuing Operation Net Minority Interest": 31000000.0,
        "Reconciled Depreciation": 6000000.0,
        "Reconciled Cost Of Revenue": 447000000.0,
        "EBITDA": 41000000.0,
        "EBIT": 35000000.0,
        "Normalized Income": 31000000.0,
        "Net Income From Continuing And Discontinued Operation": 31000000.0,
        "Total Expenses": 549000000.0,
        "Total Operating Income As Reported": 35000000.0,
        "Diluted Average Shares": 111000000.0,
        "Basic Average Shares": 110000000.0,
        "Diluted EPS": 0.28,
        "Basic EPS": 0.28,
        "Diluted NI Availto Com Stockholders": 31000000.0,
        "Net Income Common Stockholders": 31000000.0,
        "Otherunder Preferred Stock Dividend": 0.0,
        "Net Income": 31000000.0,
        "Minority Interests": -1000000.0,
        "Net Income Including Noncontrolling Interests": 32000000.0,
        "Net Income Continuous Operations": 32000000.0,
        "Tax Provision": 3000000.0,
        "Pretax Income": 35000000.0,
        "Other Income Expense": NaN,
        "Other Non Operating Income Expenses": NaN,
        "Special Income Charges": NaN,
        "Write Off": NaN,
        "Impairment Of Capital Assets": NaN,
        "Operating Income": 35000000.0,
        "Operating Expense": 102000000.0,
        "Selling General And Administration": 102000000.0,
        "Gross Profit": 137000000.0,
        "Cost Of Revenue": 447000000.0,
        "Total Revenue": 584000000.0,
        "Operating Revenue": 584000000.0
    },
    "2022-12-31": {
        "Tax Effect Of Unusual Items": 0.0,
        "Tax Rate For Calcs": 0.058824,
        "Normalized EBITDA": 40000000.0,
        "Total Unusual Items": 0.0,
        "Total Unusual Items Excluding Goodwill": 0.0,
        "Net Income From Continuing Operation Net Minority Interest": 31000000.0,
        "Reconciled Depreciation": 5000000.0,
        "Reconciled Cost Of Revenue": 415000000.0,
        "EBITDA": 40000000.0,
        "EBIT": 35000000.0,
        "Normalized Income": 31000000.0,
        "Net Income From Continuing And Discontinued Operation": 31000000.0,
        "Total Expenses": 512000000.0,
        "Total Operating Income As Reported": 35000000.0,
        "Diluted Average Shares": 111000000.0,
        "Basic Average Shares": 110000000.0,
        "Diluted EPS": 0.28,
        "Basic EPS": 0.28,
        "Diluted NI Availto Com Stockholders": 32000000.0,
        "Net Income Common Stockholders": 32000000.0,
        "Otherunder Preferred Stock Dividend": NaN,
        "Net Income": 31000000.0,
        "Minority Interests": NaN,
        "Net Income Including Noncontrolling Interests": 32000000.0,
        "Net Income Continuous Operations": 32000000.0,
        "Tax Provision": 2000000.0,
        "Pretax Income": 34000000.0,
        "Other Income Expense": -1000000.0,
        "Other Non Operating Income Expenses": -1000000.0,
        "Special Income Charges": 0.0,
        "Write Off": NaN,
        "Impairment Of Capital Assets": 0.0,
        "Operating Income": 35000000.0,
        "Operating Expense": 97000000.0,
        "Selling General And Administration": 97000000.0,
        "Gross Profit": 132000000.0,
        "Cost Of Revenue": 415000000.0,
        "Total Revenue": 547000000.0,
        "Operating Revenue": 547000000.0
    },
    "2022-09-30": {
        "Tax Effect Of Unusual Items": 0.0,
        "Tax Rate For Calcs": 0.068,
        "Normalized EBITDA": 49000000.0,
        "Total Unusual Items": 0.0,
        "Total Unusual Items Excluding Goodwill": 0.0,
        "Net Income From Continuing Operation Net Minority Interest": 41000000.0,
        "Reconciled Depreciation": 5000000.0,
        "Reconciled Cost Of Revenue": 438000000.0,
        "EBITDA": 49000000.0,
        "EBIT": 44000000.0,
        "Normalized Income": 41000000.0,
        "Net Income From Continuing And Discontinued Operation": 41000000.0,
        "Total Expenses": 533000000.0,
        "Total Operating Income As Reported": 44000000.0,
        "Diluted Average Shares": 111000000.0,
        "Basic Average Shares": 111000000.0,
        "Diluted EPS": 0.35,
        "Basic EPS": 0.35,
        "Diluted NI Availto Com Stockholders": 40000000.0,
        "Net Income Common Stockholders": 40000000.0,
        "Otherunder Preferred Stock Dividend": 1000000.0,
        "Net Income": 41000000.0,
        "Minority Interests": NaN,
        "Net Income Including Noncontrolling Interests": 41000000.0,
        "Net Income Continuous Operations": 41000000.0,
        "Tax Provision": 3000000.0,
        "Pretax Income": 44000000.0,
        "Other Income Expense": NaN,
        "Other Non Operating Income Expenses": NaN,
        "Special Income Charges": 0.0,
        "Write Off": NaN,
        "Impairment Of Capital Assets": 0.0,
        "Operating Income": 44000000.0,
        "Operating Expense": 95000000.0,
        "Selling General And Administration": 95000000.0,
        "Gross Profit": 139000000.0,
        "Cost Of Revenue": 438000000.0,
        "Total Revenue": 577000000.0,
        "Operating Revenue": 577000000.0
    },
    "2022-06-30": {
        "Tax Effect Of Unusual Items": -710000.0,
        "Tax Rate For Calcs": 0.071,
        "Normalized EBITDA": 54000000.0,
        "Total Unusual Items": -10000000.0,
        "Total Unusual Items Excluding Goodwill": -10000000.0,
        "Net Income From Continuing Operation Net Minority Interest": 26000000.0,
        "Reconciled Depreciation": 5000000.0,
        "Reconciled Cost Of Revenue": 411000000.0,
        "EBITDA": 44000000.0,
        "EBIT": 39000000.0,
        "Normalized Income": 35290000.0,
        "Net Income From Continuing And Discontinued Operation": 26000000.0,
        "Total Expenses": 500000000.0,
        "Total Operating Income As Reported": 29000000.0,
        "Diluted Average Shares": 111074333.0,
        "Basic Average Shares": 110772042.0,
        "Diluted EPS": 0.23,
        "Basic EPS": 0.23,
        "Diluted NI Availto Com Stockholders": 25000000.0,
        "Net Income Common Stockholders": 25000000.0,
        "Otherunder Preferred Stock Dividend": 1000000.0,
        "Net Income": 26000000.0,
        "Minority Interests": NaN,
        "Net Income Including Noncontrolling Interests": 26000000.0,
        "Net Income Continuous Operations": 26000000.0,
        "Tax Provision": 2000000.0,
        "Pretax Income": 28000000.0,
        "Other Income Expense": -11000000.0,
        "Other Non Operating Income Expenses": -1000000.0,
        "Special Income Charges": -10000000.0,
        "Write Off": NaN,
        "Impairment Of Capital Assets": 10000000.0,
        "Operating Income": 39000000.0,
        "Operating Expense": 89000000.0,
        "Selling General And Administration": 89000000.0,
        "Gross Profit": 128000000.0,
        "Cost Of Revenue": 411000000.0,
        "Total Revenue": 539000000.0,
        "Operating Revenue": 539000000.0
    },
    "2023-06-30": {
        "Tax Effect Of Unusual Items": 0.0,
        "Tax Rate For Calcs": 0.029,
        "Normalized EBITDA": 42000000.0,
        "Total Unusual Items": 0.0,
        "Total Unusual Items Excluding Goodwill": 0.0,
        "Net Income From Continuing Operation Net Minority Interest": 34000000.0,
        "Reconciled Depreciation": 6000000.0,
        "Reconciled Cost Of Revenue": 460000000.0,
        "EBITDA": 42000000.0,
        "EBIT": 36000000.0,
        "Normalized Income": 34000000.0,
        "Net Income From Continuing And Discontinued Operation": 34000000.0,
        "Total Expenses": 558000000.0,
        "Total Operating Income As Reported": 36000000.0,
        "Diluted Average Shares": 108000000.0,
        "Basic Average Shares": 107000000.0,
        "Diluted EPS": 0.31,
        "Basic EPS": 0.31,
        "Diluted NI Availto Com Stockholders": 33000000.0,
        "Net Income Common Stockholders": 33000000.0,
        "Otherunder Preferred Stock Dividend": 1000000.0,
        "Net Income": 34000000.0,
        "Minority Interests": 0.0,
        "Net Income Including Noncontrolling Interests": 34000000.0,
        "Net Income Continuous Operations": 34000000.0,
        "Tax Provision": 1000000.0,
        "Pretax Income": 35000000.0,
        "Other Income Expense": -1000000.0,
        "Other Non Operating Income Expenses": -1000000.0,
        "Special Income Charges": 0.0,
        "Write Off": 0.0,
        "Impairment Of Capital Assets": NaN,
        "Operating Income": 36000000.0,
        "Operating Expense": 98000000.0,
        "Selling General And Administration": 98000000.0,
        "Gross Profit": 134000000.0,
        "Cost Of Revenue": 460000000.0,
        "Total Revenue": 594000000.0,
        "Operating Revenue": 594000000.0
    },
    "2022-03-31": {
        "Diluted EPS": 0.27,
        "Total Revenue": 473,
        "Gross Profit": 107,
        "Operating Income": 23,
        "EBIT": 27,
        "Net Income": 30
    },
    "2021-12-31": {
        "Diluted EPS": 0.11,
        "Total Revenue": 432,
        "Gross Profit": 101,
        "Operating Income": 7,
        "EBIT": 12,
        "Net Income": 12
    },
    "2021-09-30": {
        "Diluted EPS": 0.05,
        "Total Revenue": 439,
        "Gross Profit": 96,
        "Operating Income": 10,
        "EBIT": 16,
        "Net Income": 5
    },
    "2021-06-30": {
        "Diluted EPS": -0.02,
        "Total Revenue": 400,
        "Gross Profit": 85,
        "Operating Income": NaN,
        "EBIT": 6,
        "Net Income": -2
    },
    "2021-03-31": {
        "Diluted EPS": -0.09,
        "Total Revenue": 361,
        "Gross Profit": 75,
        "Operating Income": -8,
        "EBIT": -2,
        "Net Income": -10
    },
    "2020-12-31": {
        "Diluted EPS": -0.41,
        "Total Revenue": 319,
        "Gross Profit": 45,
        "Operating Income": -37,
        "EBIT": -32,
        "Net Income": -44
    },
    "2020-09-30": {
        "Diluted EPS": -0.2,
        "Total Revenue": 326,
        "Gross Profit": 62,
        "Operating Income": -21,
        "EBIT": -15,
        "Net Income": -22
    },
    "2020-06-30": {
        "Diluted EPS": -0.27,
        "Total Revenue": 370,
        "Gross Profit": 68,
        "Operating Income": -29,
        "EBIT": -22,
        "Net Income": -30
    },
    "2020-03-31": {
        "Diluted EPS": -3.03,
        "Total Revenue": 604,
        "Gross Profit": 117,
        "Operating Income": -333,
        "EBIT": -323,
        "Net Income": -331
    },
    "2019-12-31": {
        "Diluted EPS": -1.26,
        "Total Revenue": 639,
        "Gross Profit": 125,
        "Operating Income": -137,
        "EBIT": -126,
        "Net Income": -139
    },
    "2019-09-30": {
        "Diluted EPS": 0.09,
        "Total Revenue": 751,
        "Gross Profit": 150,
        "Operating Income": 14,
        "EBIT": 24,
        "Net Income": 10
    },
    "2019-06-30": {
        "Diluted EPS": 0.12,
        "Total Revenue": 776,
        "Gross Profit": 153,
        "Operating Income": 17,
        "EBIT": 27,
        "Net Income": 14
    },
    "2019-03-31": {
        "Diluted EPS": 0.16,
        "Total Revenue": 785,
        "Gross Profit": 158,
        "Operating Income": 23,
        "EBIT": 33,
        "Net Income": 18
    },
    "2018-12-31": {
        "Diluted EPS": 0.15,
        "Total Revenue": 764,
        "Gross Profit": 157,
        "Operating Income": 22,
        "EBIT": 32,
        "Net Income": 16
    },
    "2018-09-30": {
        "Diluted EPS": 0.18,
        "Total Revenue": 822,
        "Gross Profit": 168,
        "Operating Income": 26,
        "EBIT": 35,
        "Net Income": 20
    },
    "2018-06-30": {
        "Diluted EPS": 0.12,
        "Total Revenue": 777,
        "Gross Profit": 157,
        "Operating Income": 18,
        "EBIT": 29,
        "Net Income": 14
    },
    "2018-03-31": {
        "Diluted EPS": 0.02,
        "Total Revenue": 764,
        "Gross Profit": 148,
        "Operating Income": 7,
        "EBIT": 18,
        "Net Income": 2
    },
    "2017-12-31": {
        "Diluted EPS": -0.03,
        "Total Revenue": 669,
        "Gross Profit": 128,
        "Operating Income": NaN,
        "EBIT": 12,
        "Net Income": -3
    },
    "2017-09-30": {
        "Diluted EPS": -0.08,
        "Total Revenue": 697,
        "Gross Profit": 135,
        "Operating Income": -6,
        "EBIT": 6,
        "Net Income": -9
    },
    "2017-06-30": {
        "Diluted EPS": -0.16,
        "Total Revenue": 651,
        "Gross Profit": 124,
        "Operating Income": -14,
        "EBIT": -1,
        "Net Income": -17
    },
    "2017-03-31": {
        "Diluted EPS": -0.21,
        "Total Revenue": 631,
        "Gross Profit": 114,
        "Operating Income": -21,
        "EBIT": -8,
        "Net Income": -23
    },
    "2016-12-31": {
        "Diluted EPS": -0.66,
        "Total Revenue": 538,
        "Gross Profit": 88,
        "Operating Income": -47,
        "EBIT": -33,
        "Net Income": -71
    },
    "2016-09-30": {
        "Diluted EPS": -0.53,
        "Total Revenue": 520,
        "Gross Profit": 87,
        "Operating Income": -53,
        "EBIT": -39,
        "Net Income": -56
    },
    "2016-06-30": {
        "Diluted EPS": -0.4,
        "Total Revenue": 501,
        "Gross Profit": 83,
        "Operating Income": -57,
        "EBIT": -44,
        "Net Income": -44
    },
    "2016-03-31": {
        "Diluted EPS": -0.59,
        "Total Revenue": 548,
        "Gross Profit": 87,
        "Operating Income": -65,
        "EBIT": -53,
        "Net Income": -63
    },
    "2015-12-31": {
        "Diluted EPS": -2.32,
        "Total Revenue": 644,
        "Gross Profit": 106,
        "Operating Income": -184,
        "EBIT": -34,
        "Net Income": -249
    },
    "2015-09-30": {
        "Diluted EPS": -2.09,
        "Total Revenue": 753,
        "Gross Profit": 117,
        "Operating Income": -291,
        "EBIT": -26,
        "Net Income": -224
    },
    "2015-06-30": {
        "Diluted EPS": -0.18,
        "Total Revenue": 750,
        "Gross Profit": 124,
        "Operating Income": -27,
        "EBIT": -18,
        "Net Income": -19
    },
    "2015-03-31": {
        "Diluted EPS": -0.09,
        "Total Revenue": 863,
        "Gross Profit": 155,
        "Operating Income": -8,
        "EBIT": -1,
        "Net Income": -10
    },
    "2014-12-31": {
        "Diluted EPS": 0.13,
        "Total Revenue": NaN,
        "Gross Profit": 205,
        "Operating Income": 26,
        "EBIT": 33,
        "Net Income": 15
    },
    "2014-09-30": {
        "Diluted EPS": 0.3,
        "Total Revenue": NaN,
        "Gross Profit": 213,
        "Operating Income": 50,
        "EBIT": 54,
        "Net Income": 32
    },
    "2014-06-30": {
        "Diluted EPS": 0.25,
        "Total Revenue": 952,
        "Gross Profit": 193,
        "Operating Income": 43,
        "EBIT": 49,
        "Net Income": 27
    },
    "2014-03-31": {
        "Diluted EPS": 0.38,
        "Total Revenue": NaN,
        "Gross Profit": 208,
        "Operating Income": 62,
        "EBIT": 66,
        "Net Income": 41
    },
    "2013-12-31": {
        "Diluted EPS": 0.32,
        "Total Revenue": NaN,
        "Gross Profit": 197,
        "Operating Income": 50,
        "EBIT": 55,
        "Net Income": 34
    },
    "2013-09-30": {
        "Diluted EPS": 0.36,
        "Total Revenue": NaN,
        "Gross Profit": 206,
        "Operating Income": 63,
        "EBIT": 68,
        "Net Income": 39
    },
    "2013-06-30": {
        "Diluted EPS": 0.31,
        "Total Revenue": NaN,
        "Gross Profit": 196,
        "Operating Income": 53,
        "EBIT": 56,
        "Net Income": 33
    },
    "2013-03-31": {
        "Diluted EPS": 0.0,
        "Total Revenue": NaN,
        "Gross Profit": 198,
        "Operating Income": 58,
        "EBIT": 62,
        "Net Income": 41
    },
    "2012-12-31": {
        "Diluted EPS": 0.0,
        "Total Revenue": NaN,
        "Gross Profit": NaN,
        "Operating Income": NaN,
        "EBIT": NaN,
        "Net Income": NaN
    },
    "2011-12-31": {
        "Diluted EPS": 0.0,
        "Total Revenue": NaN,
        "Gross Profit": NaN,
        "Operating Income": NaN,
        "EBIT": NaN,
        "Net Income": NaN
    },
    "2023-09-30": {
        "Tax Effect Of Unusual Items": 0.0,
        "Tax Rate For Calcs": 0.054,
        "Normalized EBITDA": 44000000.0,
        "Total Unusual Items": 0.0,
        "Total Unusual Items Excluding Goodwill": 0.0,
        "Net Income From Continuing Operation Net Minority Interest": 35000000.0,
        "Reconciled Depreciation": 7000000.0,
        "Reconciled Cost Of Revenue": 454000000.0,
        "EBITDA": 44000000.0,
        "EBIT": 37000000.0,
        "Normalized Income": 35000000.0,
        "Net Income From Continuing And Discontinued Operation": 35000000.0,
        "Total Expenses": 551000000.0,
        "Total Operating Income As Reported": 37000000.0,
        "Diluted Average Shares": 108000000.0,
        "Basic Average Shares": 107000000.0,
        "Diluted EPS": 0.32,
        "Basic EPS": 0.32,
        "Diluted NI Availto Com Stockholders": 34000000.0,
        "Net Income Common Stockholders": 34000000.0,
        "Otherunder Preferred Stock Dividend": 1000000.0,
        "Net Income": 35000000.0,
        "Minority Interests": 0.0,
        "Net Income Including Noncontrolling Interests": 35000000.0,
        "Net Income Continuous Operations": 35000000.0,
        "Tax Provision": 2000000.0,
        "Pretax Income": 37000000.0,
        "Other Income Expense": NaN,
        "Other Non Operating Income Expenses": NaN,
        "Special Income Charges": 0.0,
        "Write Off": 0.0,
        "Impairment Of Capital Assets": NaN,
        "Operating Income": 37000000.0,
        "Operating Expense": 97000000.0,
        "Selling General And Administration": 97000000.0,
        "Gross Profit": 134000000.0,
        "Cost Of Revenue": 454000000.0,
        "Total Revenue": 588000000.0,
        "Operating Revenue": 588000000.0
    }
}