{
    "2023-03-31": {
        "Tax Effect Of Unusual Items": NaN,
        "Tax Rate For Calcs": NaN,
        "Normalized EBITDA": NaN,
        "Total Unusual Items": NaN,
        "Total Unusual Items Excluding Goodwill": NaN,
        "Net Income From Continuing Operation Net Minority Interest": NaN,
        "Reconciled Depreciation": NaN,
        "Reconciled Cost Of Revenue": NaN,
        "EBITDA": NaN,
        "EBIT": NaN,
        "Net Interest Income": NaN,
        "Interest Expense": NaN,
        "Normalized Income": NaN,
        "Net Income From Continuing And Discontinued Operation": NaN,
        "Total Expenses": NaN,
        "Total Operating Income As Reported": NaN,
        "Diluted Average Shares": NaN,
        "Basic Average Shares": NaN,
        "Diluted EPS": NaN,
        "Basic EPS": NaN,
        "Diluted NI Availto Com Stockholders": NaN,
        "Average Dilution Earnings": -10000.0,
        "Net Income Common Stockholders": NaN,
        "Otherunder Preferred Stock Dividend": 0.0,
        "Net Income": NaN,
        "Minority Interests": NaN,
        "Net Income Including Noncontrolling Interests": NaN,
        "Net Income Continuous Operations": NaN,
        "Tax Provision": NaN,
        "Pretax Income": NaN,
        "Other Income Expense": NaN,
        "Other Non Operating Income Expenses": NaN,
        "Special Income Charges": NaN,
        "Gain On Sale Of Business": NaN,
        "Net Non Operating Interest Income Expense": NaN,
        "Interest Expense Non Operating": NaN,
        "Operating Income": NaN,
        "Operating Expense": NaN,
        "Other Operating Expenses": NaN,
        "Depreciation Amortization Depletion Income Statement": NaN,
        "Depreciation And Amortization In Income Statement": NaN,
        "Selling General And Administration": NaN,
        "Selling And Marketing Expense": NaN,
        "General And Administrative Expense": NaN,
        "Other Gand A": NaN,
        "Gross Profit": NaN,
        "Cost Of Revenue": NaN,
        "Total Revenue": NaN,
        "Operating Revenue": NaN
    },
    "2022-12-31": {
        "Tax Effect Of Unusual Items": NaN,
        "Tax Rate For Calcs": NaN,
        "Normalized EBITDA": NaN,
        "Net Income From Continuing Operation Net Minority Interest": NaN,
        "Reconciled Depreciation": NaN,
        "Reconciled Cost Of Revenue": NaN,
        "EBITDA": NaN,
        "EBIT": NaN,
        "Net Interest Income": NaN,
        "Interest Expense": NaN,
        "Normalized Income": NaN,
        "Net Income From Continuing And Discontinued Operation": NaN,
        "Total Expenses": NaN,
        "Total Operating Income As Reported": NaN,
        "Diluted Average Shares": NaN,
        "Basic Average Shares": NaN,
        "Diluted EPS": NaN,
        "Basic EPS": NaN,
        "Diluted NI Availto Com Stockholders": NaN,
        "Average Dilution Earnings": 31000.0,
        "Net Income Common Stockholders": NaN,
        "Otherunder Preferred Stock Dividend": 0.0,
        "Net Income": NaN,
        "Minority Interests": NaN,
        "Net Income Including Noncontrolling Interests": NaN,
        "Net Income Continuous Operations": NaN,
        "Tax Provision": NaN,
        "Pretax Income": NaN,
        "Other Income Expense": NaN,
        "Other Non Operating Income Expenses": NaN,
        "Net Non Operating Interest Income Expense": NaN,
        "Interest Expense Non Operating": NaN,
        "Operating Income": NaN,
        "Operating Expense": NaN,
        "Other Operating Expenses": NaN,
        "Depreciation Amortization Depletion Income Statement": NaN,
        "Depreciation And Amortization In Income Statement": NaN,
        "Selling General And Administration": NaN,
        "Selling And Marketing Expense": NaN,
        "General And Administrative Expense": NaN,
        "Other Gand A": NaN,
        "Gross Profit": NaN,
        "Cost Of Revenue": NaN,
        "Total Revenue": NaN,
        "Operating Revenue": NaN
    },
    "2022-09-30": {
        "Tax Effect Of Unusual Items": NaN,
        "Tax Rate For Calcs": NaN,
        "Normalized EBITDA": NaN,
        "Net Income From Continuing Operation Net Minority Interest": NaN,
        "Reconciled Depreciation": NaN,
        "Reconciled Cost Of Revenue": NaN,
        "EBITDA": NaN,
        "EBIT": NaN,
        "Net Interest Income": NaN,
        "Interest Expense": NaN,
        "Normalized Income": NaN,
        "Net Income From Continuing And Discontinued Operation": NaN,
        "Total Expenses": NaN,
        "Total Operating Income As Reported": NaN,
        "Diluted Average Shares": NaN,
        "Basic Average Shares": NaN,
        "Diluted EPS": NaN,
        "Basic EPS": NaN,
        "Diluted NI Availto Com Stockholders": NaN,
        "Average Dilution Earnings": -76000.0,
        "Net Income Common Stockholders": NaN,
        "Otherunder Preferred Stock Dividend": 0.0,
        "Net Income": NaN,
        "Minority Interests": NaN,
        "Net Income Including Noncontrolling Interests": NaN,
        "Net Income Continuous Operations": NaN,
        "Tax Provision": NaN,
        "Pretax Income": NaN,
        "Other Income Expense": NaN,
        "Other Non Operating Income Expenses": NaN,
        "Net Non Operating Interest Income Expense": NaN,
        "Interest Expense Non Operating": NaN,
        "Operating Income": NaN,
        "Operating Expense": NaN,
        "Other Operating Expenses": NaN,
        "Depreciation Amortization Depletion Income Statement": NaN,
        "Depreciation And Amortization In Income Statement": NaN,
        "Selling General And Administration": NaN,
        "Selling And Marketing Expense": NaN,
        "General And Administrative Expense": NaN,
        "Other Gand A": NaN,
        "Gross Profit": NaN,
        "Cost Of Revenue": NaN,
        "Total Revenue": NaN,
        "Operating Revenue": NaN
    },
    "2022-06-30": {
        "Tax Effect Of Unusual Items": 0.0,
        "Tax Rate For Calcs": 0.4,
        "Normalized EBITDA": 34566000.0,
        "Net Income From Continuing Operation Net Minority Interest": -3849000.0,
        "Reconciled Depreciation": 27814000.0,
        "Reconciled Cost Of Revenue": 100558000.0,
        "EBITDA": 34566000.0,
        "EBIT": 6752000.0,
        "Net Interest Income": -7586000.0,
        "Interest Expense": 7586000.0,
        "Normalized Income": -3849000.0,
        "Net Income From Continuing And Discontinued Operation": -3849000.0,
        "Total Expenses": 367737000.0,
        "Total Operating Income As Reported": 7508000.0,
        "Diluted Average Shares": 167367000.0,
        "Basic Average Shares": 167367000.0,
        "Diluted EPS": -0.02,
        "Basic EPS": -0.02,
        "Diluted NI Availto Com Stockholders": -3932000.0,
        "Average Dilution Earnings": -83000.0,
        "Net Income Common Stockholders": -3849000.0,
        "Otherunder Preferred Stock Dividend": 0.0,
        "Net Income": -3849000.0,
        "Minority Interests": -1441000.0,
        "Net Income Including Noncontrolling Interests": -2408000.0,
        "Net Income Continuous Operations": -2408000.0,
        "Tax Provision": 1574000.0,
        "Pretax Income": -834000.0,
        "Other Income Expense": -756000.0,
        "Other Non Operating Income Expenses": -756000.0,
        "Net Non Operating Interest Income Expense": -7586000.0,
        "Interest Expense Non Operating": 7586000.0,
        "Operating Income": 7508000.0,
        "Operating Expense": 267179000.0,
        "Other Operating Expenses": 176396000.0,
        "Depreciation Amortization Depletion Income Statement": 27814000.0,
        "Depreciation And Amortization In Income Statement": 27814000.0,
        "Selling General And Administration": 62969000.0,
        "Selling And Marketing Expense": 11215000.0,
        "General And Administrative Expense": 51754000.0,
        "Other Gand A": 51754000.0,
        "Gross Profit": 274687000.0,
        "Cost Of Revenue": 100558000.0,
        "Total Revenue": 375245000.0,
        "Operating Revenue": 375245000.0
    },
    "2022-03-31": {
        "Diluted EPS": 0.02,
        "Total Revenue": 373,
        "Gross Profit": 276,
        "Operating Income": 17,
        "EBIT": 45,
        "Net Income": 4
    },
    "2021-12-31": {
        "Diluted EPS": 0.02,
        "Total Revenue": 371,
        "Gross Profit": 274,
        "Operating Income": 16,
        "EBIT": 44,
        "Net Income": 1
    },
    "2021-09-30": {
        "Diluted EPS": -0.04,
        "Total Revenue": 343,
        "Gross Profit": 251,
        "Operating Income": 2,
        "EBIT": 27,
        "Net Income": -6
    },
    "2021-06-30": {
        "Diluted EPS": -0.13,
        "Total Revenue": 349,
        "Gross Profit": 264,
        "Operating Income": 9,
        "EBIT": 34,
        "Net Income": -17
    },
    "2021-03-31": {
        "Diluted EPS": -0.03,
        "Total Revenue": 322,
        "Gross Profit": 242,
        "Operating Income": 14,
        "EBIT": 37,
        "Net Income": -3
    },
    "2020-12-31": {
        "Diluted EPS": -0.21,
        "Total Revenue": 326,
        "Gross Profit": 237,
        "Operating Income": 0,
        "EBIT": 23,
        "Net Income": -25
    },
    "2020-09-30": {
        "Diluted EPS": -0.12,
        "Total Revenue": 290,
        "Gross Profit": 205,
        "Operating Income": 0,
        "EBIT": 21,
        "Net Income": -15
    },
    "2020-06-30": {
        "Diluted EPS": -0.1,
        "Total Revenue": 245,
        "Gross Profit": 176,
        "Operating Income": -1,
        "EBIT": 18,
        "Net Income": -13
    },
    "2020-03-31": {
        "Diluted EPS": -0.09,
        "Total Revenue": 261,
        "Gross Profit": 193,
        "Operating Income": 4,
        "EBIT": 23,
        "Net Income": -12
    },
    "2019-12-31": {
        "Diluted EPS": 0.0,
        "Total Revenue": NaN,
        "Gross Profit": NaN,
        "Operating Income": NaN,
        "EBIT": NaN,
        "Net Income": NaN
    },
    "2018-12-31": {
        "Diluted EPS": 0.0,
        "Total Revenue": NaN,
        "Gross Profit": NaN,
        "Operating Income": NaN,
        "EBIT": NaN,
        "Net Income": NaN
    },
    "2023-06-30": {
        "Tax Effect Of Unusual Items": NaN,
        "Tax Rate For Calcs": NaN,
        "Normalized EBITDA": NaN,
        "Total Unusual Items": NaN,
        "Total Unusual Items Excluding Goodwill": NaN,
        "Net Income From Continuing Operation Net Minority Interest": NaN,
        "Reconciled Depreciation": NaN,
        "Reconciled Cost Of Revenue": NaN,
        "EBITDA": NaN,
        "EBIT": NaN,
        "Net Interest Income": NaN,
        "Interest Expense": NaN,
        "Normalized Income": NaN,
        "Net Income From Continuing And Discontinued Operation": NaN,
        "Total Expenses": NaN,
        "Total Operating Income As Reported": NaN,
        "Diluted Average Shares": NaN,
        "Basic Average Shares": NaN,
        "Diluted EPS": NaN,
        "Basic EPS": NaN,
        "Diluted NI Availto Com Stockholders": NaN,
        "Average Dilution Earnings": -4000.0,
        "Net Income Common Stockholders": NaN,
        "Otherunder Preferred Stock Dividend": 0.0,
        "Net Income": NaN,
        "Minority Interests": NaN,
        "Net Income Including Noncontrolling Interests": NaN,
        "Net Income Continuous Operations": NaN,
        "Tax Provision": NaN,
        "Pretax Income": NaN,
        "Other Income Expense": NaN,
        "Other Non Operating Income Expenses": NaN,
        "Special Income Charges": NaN,
        "Gain On Sale Of Business": NaN,
        "Net Non Operating Interest Income Expense": NaN,
        "Interest Expense Non Operating": NaN,
        "Operating Income": NaN,
        "Operating Expense": NaN,
        "Other Operating Expenses": NaN,
        "Depreciation Amortization Depletion Income Statement": NaN,
        "Depreciation And Amortization In Income Statement": NaN,
        "Selling General And Administration": NaN,
        "Selling And Marketing Expense": NaN,
        "General And Administrative Expense": NaN,
        "Other Gand A": NaN,
        "Gross Profit": NaN,
        "Cost Of Revenue": NaN,
        "Total Revenue": NaN,
        "Operating Revenue": NaN
    },
    "2023-09-30": {
        "Tax Effect Of Unusual Items": 0.0,
        "Tax Rate For Calcs": 0.21,
        "Normalized EBITDA": 28923000.0,
        "Total Unusual Items": 0.0,
        "Total Unusual Items Excluding Goodwill": 0.0,
        "Net Income From Continuing Operation Net Minority Interest": -40457000.0,
        "Reconciled Depreciation": 32007000.0,
        "Reconciled Cost Of Revenue": 101353000.0,
        "EBITDA": 28923000.0,
        "EBIT": -3084000.0,
        "Net Interest Income": -12807000.0,
        "Interest Expense": 12807000.0,
        "Normalized Income": -40457000.0,
        "Net Income From Continuing And Discontinued Operation": -40457000.0,
        "Total Expenses": 409480000.0,
        "Total Operating Income As Reported": -2113000.0,
        "Diluted Average Shares": 168224000.0,
        "Basic Average Shares": 168224000.0,
        "Diluted EPS": -0.24,
        "Basic EPS": -0.24,
        "Diluted NI Availto Com Stockholders": -40457000.0,
        "Average Dilution Earnings": NaN,
        "Net Income Common Stockholders": -40457000.0,
        "Otherunder Preferred Stock Dividend": NaN,
        "Net Income": -40457000.0,
        "Minority Interests": -199000.0,
        "Net Income Including Noncontrolling Interests": -40258000.0,
        "Net Income Continuous Operations": -40258000.0,
        "Tax Provision": 24367000.0,
        "Pretax Income": -15891000.0,
        "Other Income Expense": -971000.0,
        "Other Non Operating Income Expenses": -971000.0,
        "Special Income Charges": 0.0,
        "Gain On Sale Of Business": 0.0,
        "Net Non Operating Interest Income Expense": -12807000.0,
        "Interest Expense Non Operating": 12807000.0,
        "Operating Income": -2113000.0,
        "Operating Expense": 308127000.0,
        "Other Operating Expenses": 195337000.0,
        "Depreciation Amortization Depletion Income Statement": 32007000.0,
        "Depreciation And Amortization In Income Statement": 32007000.0,
        "Selling General And Administration": 80783000.0,
        "Selling And Marketing Expense": 12478000.0,
        "General And Administrative Expense": 68305000.0,
        "Other Gand A": 68305000.0,
        "Gross Profit": 306014000.0,
        "Cost Of Revenue": 101353000.0,
        "Total Revenue": 407367000.0,
        "Operating Revenue": 407367000.0
    },
    "2023-12-31": {
        "Tax Effect Of Unusual Items": 0.0,
        "Tax Rate For Calcs": 0.21,
        "Normalized EBITDA": 30650000.0,
        "Total Unusual Items": NaN,
        "Total Unusual Items Excluding Goodwill": NaN,
        "Net Income From Continuing Operation Net Minority Interest": 2610000.0,
        "Reconciled Depreciation": 36752000.0,
        "Reconciled Cost Of Revenue": 112951000.0,
        "EBITDA": 30650000.0,
        "EBIT": -6102000.0,
        "Net Interest Income": -13483000.0,
        "Interest Expense": 13483000.0,
        "Normalized Income": 2610000.0,
        "Net Income From Continuing And Discontinued Operation": 2610000.0,
        "Total Expenses": 450189000.0,
        "Total Operating Income As Reported": -5335000.0,
        "Diluted Average Shares": 170678000.0,
        "Basic Average Shares": 168609000.0,
        "Diluted EPS": 0.02,
        "Basic EPS": 0.02,
        "Diluted NI Availto Com Stockholders": 2582000.0,
        "Average Dilution Earnings": NaN,
        "Net Income Common Stockholders": 2610000.0,
        "Otherunder Preferred Stock Dividend": NaN,
        "Net Income": 2610000.0,
        "Minority Interests": 727000.0,
        "Net Income Including Noncontrolling Interests": 1883000.0,
        "Net Income Continuous Operations": 1883000.0,
        "Tax Provision": -21468000.0,
        "Pretax Income": -19585000.0,
        "Other Income Expense": -6818000.0,
        "Other Non Operating Income Expenses": -6818000.0,
        "Special Income Charges": NaN,
        "Gain On Sale Of Business": NaN,
        "Net Non Operating Interest Income Expense": -13483000.0,
        "Interest Expense Non Operating": 13483000.0,
        "Operating Income": 716000.0,
        "Operating Expense": 337238000.0,
        "Other Operating Expenses": 212207000.0,
        "Depreciation Amortization Depletion Income Statement": 36752000.0,
        "Depreciation And Amortization In Income Statement": 36752000.0,
        "Selling General And Administration": 88279000.0,
        "Selling And Marketing Expense": 13771000.0,
        "General And Administrative Expense": 74508000.0,
        "Other Gand A": 74508000.0,
        "Gross Profit": 337954000.0,
        "Cost Of Revenue": 112951000.0,
        "Total Revenue": 450905000.0,
        "Operating Revenue": 450905000.0
    },
    "2024-03-31": {
        "Tax Effect Of Unusual Items": 0.0,
        "Tax Rate For Calcs": 0.21,
        "Normalized EBITDA": 44921000.0,
        "Total Unusual Items": NaN,
        "Total Unusual Items Excluding Goodwill": NaN,
        "Net Income From Continuing Operation Net Minority Interest": -8534000.0,
        "Reconciled Depreciation": 33586000.0,
        "Reconciled Cost Of Revenue": 107015000.0,
        "EBITDA": 44921000.0,
        "EBIT": 11335000.0,
        "Net Interest Income": -13736000.0,
        "Interest Expense": 13736000.0,
        "Normalized Income": -8534000.0,
        "Net Income From Continuing And Discontinued Operation": -8534000.0,
        "Total Expenses": 430790000.0,
        "Total Operating Income As Reported": 11908000.0,
        "Diluted Average Shares": 168685000.0,
        "Basic Average Shares": 168685000.0,
        "Diluted EPS": -0.05,
        "Basic EPS": -0.05,
        "Diluted NI Availto Com Stockholders": -8553000.0,
        "Average Dilution Earnings": -19000.0,
        "Net Income Common Stockholders": -8534000.0,
        "Otherunder Preferred Stock Dividend": NaN,
        "Net Income": -8534000.0,
        "Minority Interests": -1871000.0,
        "Net Income Including Noncontrolling Interests": -6663000.0,
        "Net Income Continuous Operations": -6663000.0,
        "Tax Provision": 4262000.0,
        "Pretax Income": -2401000.0,
        "Other Income Expense": -573000.0,
        "Other Non Operating Income Expenses": -573000.0,
        "Special Income Charges": NaN,
        "Gain On Sale Of Business": NaN,
        "Net Non Operating Interest Income Expense": -13736000.0,
        "Interest Expense Non Operating": 13736000.0,
        "Operating Income": 11908000.0,
        "Operating Expense": 323775000.0,
        "Other Operating Expenses": 206500000.0,
        "Depreciation Amortization Depletion Income Statement": 33586000.0,
        "Depreciation And Amortization In Income Statement": 33586000.0,
        "Selling General And Administration": 83689000.0,
        "Selling And Marketing Expense": 12115000.0,
        "General And Administrative Expense": 71574000.0,
        "Other Gand A": 71574000.0,
        "Gross Profit": 335683000.0,
        "Cost Of Revenue": 107015000.0,
        "Total Revenue": 442698000.0,
        "Operating Revenue": 442698000.0
    },
    "2024-06-30": {
        "Tax Effect Of Unusual Items": 0.0,
        "Tax Rate For Calcs": 0.21,
        "Normalized EBITDA": 40510000.0,
        "Total Unusual Items": NaN,
        "Total Unusual Items Excluding Goodwill": NaN,
        "Net Income From Continuing Operation Net Minority Interest": -5491000.0,
        "Reconciled Depreciation": 34600000.0,
        "Reconciled Cost Of Revenue": 107846000.0,
        "EBITDA": 40510000.0,
        "EBIT": 5910000.0,
        "Net Interest Income": -14452000.0,
        "Interest Expense": 14452000.0,
        "Normalized Income": -5491000.0,
        "Net Income From Continuing And Discontinued Operation": -5491000.0,
        "Total Expenses": 431950000.0,
        "Total Operating Income As Reported": 6859000.0,
        "Diluted Average Shares": 169095000.0,
        "Basic Average Shares": 169095000.0,
        "Diluted EPS": -0.03,
        "Basic EPS": -0.03,
        "Diluted NI Availto Com Stockholders": -5502000.0,
        "Average Dilution Earnings": -11000.0,
        "Net Income Common Stockholders": -5491000.0,
        "Otherunder Preferred Stock Dividend": NaN,
        "Net Income": -5491000.0,
        "Minority Interests": -560000.0,
        "Net Income Including Noncontrolling Interests": -4931000.0,
        "Net Income Continuous Operations": -4931000.0,
        "Tax Provision": -3611000.0,
        "Pretax Income": -8542000.0,
        "Other Income Expense": -949000.0,
        "Other Non Operating Income Expenses": -949000.0,
        "Special Income Charges": NaN,
        "Gain On Sale Of Business": NaN,
        "Net Non Operating Interest Income Expense": -14452000.0,
        "Interest Expense Non Operating": 14452000.0,
        "Operating Income": 6859000.0,
        "Operating Expense": 324104000.0,
        "Other Operating Expenses": 212622000.0,
        "Depreciation Amortization Depletion Income Statement": 34600000.0,
        "Depreciation And Amortization In Income Statement": 34600000.0,
        "Selling General And Administration": 76882000.0,
        "Selling And Marketing Expense": 12416000.0,
        "General And Administrative Expense": 64466000.0,
        "Other Gand A": 64466000.0,
        "Gross Profit": 330963000.0,
        "Cost Of Revenue": 107846000.0,
        "Total Revenue": 438809000.0,
        "Operating Revenue": 438809000.0
    },
    "2024-09-30": {
        "Tax Effect Of Unusual Items": 27878878.42754,
        "Tax Rate For Calcs": 0.319976,
        "Normalized EBITDA": 15779000.0,
        "Total Unusual Items": 87128000.0,
        "Total Unusual Items Excluding Goodwill": 87128000.0,
        "Net Income From Continuing Operation Net Minority Interest": 39563000.0,
        "Reconciled Depreciation": 31376000.0,
        "Reconciled Cost Of Revenue": 95840000.0,
        "EBITDA": 102907000.0,
        "EBIT": 71531000.0,
        "Net Interest Income": -16280000.0,
        "Interest Expense": 16280000.0,
        "Normalized Income": -19686121.57246,
        "Net Income From Continuing And Discontinued Operation": 39563000.0,
        "Total Expenses": 395871000.0,
        "Total Operating Income As Reported": -16004000.0,
        "Diluted Average Shares": 171486000.0,
        "Basic Average Shares": 169596000.0,
        "Diluted EPS": 0.23,
        "Basic EPS": 0.23,
        "Diluted NI Availto Com Stockholders": 39563000.0,
        "Average Dilution Earnings": NaN,
        "Net Income Common Stockholders": 39563000.0,
        "Otherunder Preferred Stock Dividend": NaN,
        "Net Income": 39563000.0,
        "Minority Interests": 1991000.0,
        "Net Income Including Noncontrolling Interests": 37572000.0,
        "Net Income Continuous Operations": 37572000.0,
        "Tax Provision": 17679000.0,
        "Pretax Income": 55251000.0,
        "Other Income Expense": 87535000.0,
        "Other Non Operating Income Expenses": 407000.0,
        "Special Income Charges": 87128000.0,
        "Gain On Sale Of Business": 87128000.0,
        "Net Non Operating Interest Income Expense": -16280000.0,
        "Interest Expense Non Operating": 16280000.0,
        "Operating Income": -16004000.0,
        "Operating Expense": 300031000.0,
        "Other Operating Expenses": 186865000.0,
        "Depreciation Amortization Depletion Income Statement": 31376000.0,
        "Depreciation And Amortization In Income Statement": 31376000.0,
        "Selling General And Administration": 81790000.0,
        "Selling And Marketing Expense": 10680000.0,
        "General And Administrative Expense": 71110000.0,
        "Other Gand A": 71110000.0,
        "Gross Profit": 284027000.0,
        "Cost Of Revenue": 95840000.0,
        "Total Revenue": 379867000.0,
        "Operating Revenue": 379867000.0
    }
}