{
    "2023-03-31": {
        "Tax Effect Of Unusual Items": NaN,
        "Tax Rate For Calcs": NaN,
        "Normalized EBITDA": NaN,
        "Total Unusual Items": NaN,
        "Total Unusual Items Excluding Goodwill": NaN,
        "Net Income From Continuing Operation Net Minority Interest": NaN,
        "Reconciled Depreciation": NaN,
        "Reconciled Cost Of Revenue": NaN,
        "EBITDA": NaN,
        "EBIT": NaN,
        "Net Interest Income": NaN,
        "Interest Expense": NaN,
        "Interest Income": NaN,
        "Normalized Income": NaN,
        "Net Income From Continuing And Discontinued Operation": NaN,
        "Total Expenses": NaN,
        "Total Operating Income As Reported": NaN,
        "Diluted Average Shares": NaN,
        "Basic Average Shares": NaN,
        "Diluted EPS": NaN,
        "Basic EPS": NaN,
        "Diluted NI Availto Com Stockholders": NaN,
        "Net Income Common Stockholders": NaN,
        "Net Income": NaN,
        "Net Income Including Noncontrolling Interests": NaN,
        "Net Income Continuous Operations": NaN,
        "Tax Provision": NaN,
        "Pretax Income": NaN,
        "Other Income Expense": -20869000.0,
        "Other Non Operating Income Expenses": 7394000.0,
        "Special Income Charges": NaN,
        "Restructuring And Mergern Acquisition": NaN,
        "Net Non Operating Interest Income Expense": NaN,
        "Interest Expense Non Operating": NaN,
        "Interest Income Non Operating": NaN,
        "Operating Income": NaN,
        "Operating Expense": NaN,
        "Research And Development": NaN,
        "Selling General And Administration": NaN,
        "Selling And Marketing Expense": NaN,
        "General And Administrative Expense": NaN,
        "Other Gand A": NaN,
        "Salaries And Wages": 17612000.0,
        "Gross Profit": NaN,
        "Cost Of Revenue": NaN,
        "Total Revenue": NaN,
        "Operating Revenue": NaN
    },
    "2022-12-31": {
        "Tax Effect Of Unusual Items": NaN,
        "Tax Rate For Calcs": NaN,
        "Normalized EBITDA": NaN,
        "Total Unusual Items": NaN,
        "Total Unusual Items Excluding Goodwill": NaN,
        "Net Income From Continuing Operation Net Minority Interest": NaN,
        "Reconciled Depreciation": NaN,
        "Reconciled Cost Of Revenue": NaN,
        "EBITDA": NaN,
        "EBIT": NaN,
        "Net Interest Income": NaN,
        "Interest Expense": NaN,
        "Interest Income": NaN,
        "Normalized Income": NaN,
        "Net Income From Continuing And Discontinued Operation": NaN,
        "Total Expenses": NaN,
        "Total Operating Income As Reported": NaN,
        "Diluted Average Shares": NaN,
        "Basic Average Shares": NaN,
        "Diluted EPS": NaN,
        "Basic EPS": NaN,
        "Diluted NI Availto Com Stockholders": NaN,
        "Net Income Common Stockholders": NaN,
        "Net Income": NaN,
        "Net Income Including Noncontrolling Interests": NaN,
        "Net Income Continuous Operations": NaN,
        "Tax Provision": NaN,
        "Pretax Income": NaN,
        "Other Income Expense": 4409000.0,
        "Other Non Operating Income Expenses": 4409000.0,
        "Special Income Charges": NaN,
        "Other Special Charges": 0.0,
        "Restructuring And Mergern Acquisition": NaN,
        "Net Non Operating Interest Income Expense": NaN,
        "Interest Expense Non Operating": NaN,
        "Interest Income Non Operating": NaN,
        "Operating Income": NaN,
        "Operating Expense": NaN,
        "Research And Development": NaN,
        "Selling General And Administration": NaN,
        "Selling And Marketing Expense": NaN,
        "General And Administrative Expense": NaN,
        "Other Gand A": NaN,
        "Salaries And Wages": NaN,
        "Gross Profit": NaN,
        "Cost Of Revenue": NaN,
        "Total Revenue": NaN,
        "Operating Revenue": NaN
    },
    "2022-09-30": {
        "Tax Effect Of Unusual Items": NaN,
        "Tax Rate For Calcs": NaN,
        "Normalized EBITDA": NaN,
        "Total Unusual Items": NaN,
        "Total Unusual Items Excluding Goodwill": NaN,
        "Net Income From Continuing Operation Net Minority Interest": NaN,
        "Reconciled Depreciation": NaN,
        "Reconciled Cost Of Revenue": NaN,
        "EBITDA": NaN,
        "EBIT": NaN,
        "Net Interest Income": NaN,
        "Interest Expense": NaN,
        "Interest Income": NaN,
        "Normalized Income": NaN,
        "Net Income From Continuing And Discontinued Operation": NaN,
        "Total Expenses": NaN,
        "Total Operating Income As Reported": NaN,
        "Diluted Average Shares": NaN,
        "Basic Average Shares": NaN,
        "Diluted EPS": NaN,
        "Basic EPS": NaN,
        "Diluted NI Availto Com Stockholders": NaN,
        "Net Income Common Stockholders": NaN,
        "Net Income": NaN,
        "Net Income Including Noncontrolling Interests": NaN,
        "Net Income Continuous Operations": NaN,
        "Tax Provision": NaN,
        "Pretax Income": NaN,
        "Other Income Expense": NaN,
        "Other Non Operating Income Expenses": 3274000.0,
        "Special Income Charges": NaN,
        "Other Special Charges": NaN,
        "Restructuring And Mergern Acquisition": NaN,
        "Net Non Operating Interest Income Expense": NaN,
        "Interest Expense Non Operating": NaN,
        "Interest Income Non Operating": NaN,
        "Operating Income": NaN,
        "Operating Expense": NaN,
        "Research And Development": NaN,
        "Selling General And Administration": NaN,
        "Selling And Marketing Expense": NaN,
        "General And Administrative Expense": NaN,
        "Other Gand A": NaN,
        "Salaries And Wages": NaN,
        "Gross Profit": NaN,
        "Cost Of Revenue": NaN,
        "Total Revenue": NaN,
        "Operating Revenue": NaN
    },
    "2022-06-30": {
        "Tax Effect Of Unusual Items": 0.0,
        "Tax Rate For Calcs": 0.159,
        "Normalized EBITDA": 19076000.0,
        "Total Unusual Items": 0.0,
        "Total Unusual Items Excluding Goodwill": 0.0,
        "Net Income From Continuing Operation Net Minority Interest": -6191000.0,
        "Reconciled Depreciation": 24341000.0,
        "Reconciled Cost Of Revenue": 47246000.0,
        "EBITDA": 19076000.0,
        "EBIT": -5265000.0,
        "Net Interest Income": -2095000.0,
        "Interest Expense": 2095000.0,
        "Interest Income": NaN,
        "Normalized Income": -6191000.0,
        "Net Income From Continuing And Discontinued Operation": -6191000.0,
        "Total Expenses": 141259000.0,
        "Total Operating Income As Reported": -7377000.0,
        "Diluted Average Shares": 102502000.0,
        "Basic Average Shares": 102502000.0,
        "Diluted EPS": -0.07,
        "Basic EPS": -0.07,
        "Diluted NI Availto Com Stockholders": -6191000.0,
        "Net Income Common Stockholders": -6191000.0,
        "Net Income": -6191000.0,
        "Net Income Including Noncontrolling Interests": -6191000.0,
        "Net Income Continuous Operations": -6191000.0,
        "Tax Provision": -1169000.0,
        "Pretax Income": -7360000.0,
        "Other Income Expense": 2112000.0,
        "Other Non Operating Income Expenses": 2112000.0,
        "Special Income Charges": 0.0,
        "Other Special Charges": NaN,
        "Restructuring And Mergern Acquisition": NaN,
        "Net Non Operating Interest Income Expense": -2095000.0,
        "Interest Expense Non Operating": 2095000.0,
        "Interest Income Non Operating": NaN,
        "Operating Income": -7377000.0,
        "Operating Expense": 94013000.0,
        "Research And Development": 36956000.0,
        "Selling General And Administration": 57057000.0,
        "Selling And Marketing Expense": 18219000.0,
        "General And Administrative Expense": 38838000.0,
        "Other Gand A": 38838000.0,
        "Gross Profit": 86636000.0,
        "Cost Of Revenue": 47246000.0,
        "Total Revenue": 133882000.0,
        "Operating Revenue": 133882000.0
    },
    "2022-03-31": {
        "Diluted EPS": -0.17,
        "Total Revenue": 127,
        "Gross Profit": 80,
        "Operating Income": -14,
        "EBIT": 10,
        "Net Income": -19
    },
    "2021-12-31": {
        "Diluted EPS": -0.1,
        "Total Revenue": 120,
        "Gross Profit": 75,
        "Operating Income": -10,
        "EBIT": 13,
        "Net Income": -12
    },
    "2021-09-30": {
        "Diluted EPS": -0.02,
        "Total Revenue": 111,
        "Gross Profit": 68,
        "Operating Income": -2,
        "EBIT": 21,
        "Net Income": -2
    },
    "2021-06-30": {
        "Diluted EPS": -0.02,
        "Total Revenue": 104,
        "Gross Profit": 61,
        "Operating Income": -3,
        "EBIT": 19,
        "Net Income": -2
    },
    "2021-03-31": {
        "Diluted EPS": -0.07,
        "Total Revenue": 94,
        "Gross Profit": 54,
        "Operating Income": 3,
        "EBIT": 24,
        "Net Income": -3
    },
    "2020-12-31": {
        "Diluted EPS": 0.0,
        "Total Revenue": NaN,
        "Gross Profit": NaN,
        "Operating Income": NaN,
        "EBIT": NaN,
        "Net Income": NaN
    },
    "2020-09-30": {
        "Diluted EPS": -0.24,
        "Total Revenue": 81,
        "Gross Profit": 44,
        "Operating Income": -7,
        "EBIT": 13,
        "Net Income": -10
    },
    "2020-06-30": {
        "Diluted EPS": -0.06,
        "Total Revenue": 77,
        "Gross Profit": 42,
        "Operating Income": 2,
        "EBIT": 2,
        "Net Income": -3
    },
    "2019-12-31": {
        "Diluted EPS": 0.0,
        "Total Revenue": NaN,
        "Gross Profit": NaN,
        "Operating Income": NaN,
        "EBIT": NaN,
        "Net Income": NaN
    },
    "2018-12-31": {
        "Diluted EPS": 0.0,
        "Total Revenue": NaN,
        "Gross Profit": NaN,
        "Operating Income": NaN,
        "EBIT": NaN,
        "Net Income": NaN
    },
    "2023-06-30": {
        "Tax Effect Of Unusual Items": NaN,
        "Tax Rate For Calcs": NaN,
        "Normalized EBITDA": NaN,
        "Total Unusual Items": NaN,
        "Total Unusual Items Excluding Goodwill": NaN,
        "Net Income From Continuing Operation Net Minority Interest": NaN,
        "Reconciled Depreciation": NaN,
        "Reconciled Cost Of Revenue": NaN,
        "EBITDA": NaN,
        "EBIT": NaN,
        "Net Interest Income": NaN,
        "Interest Expense": NaN,
        "Interest Income": NaN,
        "Normalized Income": NaN,
        "Net Income From Continuing And Discontinued Operation": NaN,
        "Total Expenses": NaN,
        "Total Operating Income As Reported": NaN,
        "Diluted Average Shares": NaN,
        "Basic Average Shares": NaN,
        "Diluted EPS": NaN,
        "Basic EPS": NaN,
        "Diluted NI Availto Com Stockholders": NaN,
        "Net Income Common Stockholders": NaN,
        "Net Income": NaN,
        "Net Income Including Noncontrolling Interests": NaN,
        "Net Income Continuous Operations": NaN,
        "Tax Provision": NaN,
        "Pretax Income": NaN,
        "Other Income Expense": -434000.0,
        "Special Income Charges": NaN,
        "Restructuring And Mergern Acquisition": NaN,
        "Net Non Operating Interest Income Expense": NaN,
        "Interest Expense Non Operating": NaN,
        "Interest Income Non Operating": NaN,
        "Operating Income": NaN,
        "Operating Expense": NaN,
        "Research And Development": NaN,
        "Selling General And Administration": NaN,
        "Selling And Marketing Expense": NaN,
        "General And Administrative Expense": NaN,
        "Other Gand A": NaN,
        "Gross Profit": NaN,
        "Cost Of Revenue": NaN,
        "Total Revenue": NaN,
        "Operating Revenue": NaN
    },
    "2023-09-30": {
        "Tax Effect Of Unusual Items": 92610.0,
        "Tax Rate For Calcs": 0.21,
        "Normalized EBITDA": 69560000.0,
        "Total Unusual Items": 441000.0,
        "Total Unusual Items Excluding Goodwill": 441000.0,
        "Net Income From Continuing Operation Net Minority Interest": 19175000.0,
        "Reconciled Depreciation": 30554000.0,
        "Reconciled Cost Of Revenue": 70329000.0,
        "EBITDA": 70001000.0,
        "EBIT": 39447000.0,
        "Net Interest Income": 1646000.0,
        "Interest Expense": 2333000.0,
        "Interest Income": 3979000.0,
        "Normalized Income": 18826610.0,
        "Net Income From Continuing And Discontinued Operation": 19175000.0,
        "Total Expenses": 142035000.0,
        "Total Operating Income As Reported": 35468000.0,
        "Diluted Average Shares": 102674000.0,
        "Basic Average Shares": 87667000.0,
        "Diluted EPS": 0.2,
        "Basic EPS": 0.22,
        "Diluted NI Availto Com Stockholders": 19175000.0,
        "Net Income Common Stockholders": 19175000.0,
        "Net Income": 19175000.0,
        "Net Income Including Noncontrolling Interests": 19175000.0,
        "Net Income Continuous Operations": 19175000.0,
        "Tax Provision": 17939000.0,
        "Pretax Income": 37114000.0,
        "Other Income Expense": 441000.0,
        "Special Income Charges": 441000.0,
        "Restructuring And Mergern Acquisition": -441000.0,
        "Net Non Operating Interest Income Expense": 1646000.0,
        "Interest Expense Non Operating": 2333000.0,
        "Interest Income Non Operating": 3979000.0,
        "Operating Income": 35027000.0,
        "Operating Expense": 71706000.0,
        "Research And Development": 32627000.0,
        "Selling General And Administration": 39079000.0,
        "Selling And Marketing Expense": 19015000.0,
        "General And Administrative Expense": 20064000.0,
        "Other Gand A": 20064000.0,
        "Gross Profit": 106733000.0,
        "Cost Of Revenue": 70329000.0,
        "Total Revenue": 177062000.0,
        "Operating Revenue": 177062000.0
    },
    "2023-12-31": {
        "Tax Effect Of Unusual Items": -5250.0,
        "Tax Rate For Calcs": 0.21,
        "Normalized EBITDA": 46649000.0,
        "Total Unusual Items": -25000.0,
        "Total Unusual Items Excluding Goodwill": -25000.0,
        "Net Income From Continuing Operation Net Minority Interest": 15939000.0,
        "Reconciled Depreciation": 30781000.0,
        "Reconciled Cost Of Revenue": 74405000.0,
        "EBITDA": 46624000.0,
        "EBIT": 15843000.0,
        "Net Interest Income": 2547000.0,
        "Interest Expense": 2311000.0,
        "Interest Income": 4858000.0,
        "Normalized Income": 15958750.0,
        "Net Income From Continuing And Discontinued Operation": 15939000.0,
        "Total Expenses": 169864000.0,
        "Total Operating Income As Reported": 10985000.0,
        "Diluted Average Shares": 92028000.0,
        "Basic Average Shares": 87929000.0,
        "Diluted EPS": 0.17,
        "Basic EPS": 0.18,
        "Diluted NI Availto Com Stockholders": 15939000.0,
        "Net Income Common Stockholders": 15939000.0,
        "Net Income": 15939000.0,
        "Net Income Including Noncontrolling Interests": 15939000.0,
        "Net Income Continuous Operations": 15939000.0,
        "Tax Provision": -2407000.0,
        "Pretax Income": 13532000.0,
        "Other Income Expense": -25000.0,
        "Special Income Charges": -25000.0,
        "Restructuring And Mergern Acquisition": 25000.0,
        "Net Non Operating Interest Income Expense": 2547000.0,
        "Interest Expense Non Operating": 2311000.0,
        "Interest Income Non Operating": 4858000.0,
        "Operating Income": 11010000.0,
        "Operating Expense": 95459000.0,
        "Research And Development": 30897000.0,
        "Selling General And Administration": 64562000.0,
        "Selling And Marketing Expense": 19681000.0,
        "General And Administrative Expense": 44881000.0,
        "Other Gand A": 44881000.0,
        "Gross Profit": 106469000.0,
        "Cost Of Revenue": 74405000.0,
        "Total Revenue": 180874000.0,
        "Operating Revenue": 180874000.0
    },
    "2024-03-31": {
        "Tax Effect Of Unusual Items": 0.0,
        "Tax Rate For Calcs": 0.008,
        "Normalized EBITDA": 48446000.0,
        "Total Unusual Items": 0.0,
        "Total Unusual Items Excluding Goodwill": 0.0,
        "Net Income From Continuing Operation Net Minority Interest": 14139000.0,
        "Reconciled Depreciation": 31887000.0,
        "Reconciled Cost Of Revenue": 72644000.0,
        "EBITDA": 48446000.0,
        "EBIT": 16559000.0,
        "Net Interest Income": 2717000.0,
        "Interest Expense": 2304000.0,
        "Interest Income": 5021000.0,
        "Normalized Income": 14139000.0,
        "Net Income From Continuing And Discontinued Operation": 14139000.0,
        "Total Expenses": 173192000.0,
        "Total Operating Income As Reported": 11538000.0,
        "Diluted Average Shares": 93787000.0,
        "Basic Average Shares": 90794000.0,
        "Diluted EPS": 0.15,
        "Basic EPS": 0.16,
        "Diluted NI Availto Com Stockholders": 14139000.0,
        "Net Income Common Stockholders": 14139000.0,
        "Net Income": 14139000.0,
        "Net Income Including Noncontrolling Interests": 14139000.0,
        "Net Income Continuous Operations": 14139000.0,
        "Tax Provision": 116000.0,
        "Pretax Income": 14255000.0,
        "Other Income Expense": NaN,
        "Special Income Charges": 0.0,
        "Restructuring And Mergern Acquisition": 0.0,
        "Net Non Operating Interest Income Expense": 2717000.0,
        "Interest Expense Non Operating": 2304000.0,
        "Interest Income Non Operating": 5021000.0,
        "Operating Income": 11538000.0,
        "Operating Expense": 100548000.0,
        "Research And Development": 33971000.0,
        "Selling General And Administration": 66577000.0,
        "Selling And Marketing Expense": 20804000.0,
        "General And Administrative Expense": 45773000.0,
        "Other Gand A": 45773000.0,
        "Gross Profit": 112086000.0,
        "Cost Of Revenue": 72644000.0,
        "Total Revenue": 184730000.0,
        "Operating Revenue": 184730000.0
    },
    "2024-06-30": {
        "Tax Effect Of Unusual Items": 0.0,
        "Tax Rate For Calcs": 0.229,
        "Normalized EBITDA": 60259000.0,
        "Total Unusual Items": 0.0,
        "Total Unusual Items Excluding Goodwill": 0.0,
        "Net Income From Continuing Operation Net Minority Interest": 19138000.0,
        "Reconciled Depreciation": 33129000.0,
        "Reconciled Cost Of Revenue": 75139000.0,
        "EBITDA": 60259000.0,
        "EBIT": 27130000.0,
        "Net Interest Income": 2481000.0,
        "Interest Expense": 2321000.0,
        "Interest Income": 4802000.0,
        "Normalized Income": 19138000.0,
        "Net Income From Continuing And Discontinued Operation": 19138000.0,
        "Total Expenses": 170148000.0,
        "Total Operating Income As Reported": 22328000.0,
        "Diluted Average Shares": 93832000.0,
        "Basic Average Shares": 91318000.0,
        "Diluted EPS": 0.2,
        "Basic EPS": 0.21,
        "Diluted NI Availto Com Stockholders": 19138000.0,
        "Net Income Common Stockholders": 19138000.0,
        "Net Income": 19138000.0,
        "Net Income Including Noncontrolling Interests": 19138000.0,
        "Net Income Continuous Operations": 19138000.0,
        "Tax Provision": 5671000.0,
        "Pretax Income": 24809000.0,
        "Other Income Expense": NaN,
        "Special Income Charges": 0.0,
        "Restructuring And Mergern Acquisition": 0.0,
        "Net Non Operating Interest Income Expense": 2481000.0,
        "Interest Expense Non Operating": 2321000.0,
        "Interest Income Non Operating": 4802000.0,
        "Operating Income": 22328000.0,
        "Operating Expense": 95009000.0,
        "Research And Development": 34040000.0,
        "Selling General And Administration": 60969000.0,
        "Selling And Marketing Expense": 20130000.0,
        "General And Administrative Expense": 40839000.0,
        "Other Gand A": 40839000.0,
        "Gross Profit": 117337000.0,
        "Cost Of Revenue": 75139000.0,
        "Total Revenue": 192476000.0,
        "Operating Revenue": 192476000.0
    },
    "2024-09-30": {
        "Tax Effect Of Unusual Items": 0.0,
        "Tax Rate For Calcs": 0.21,
        "Normalized EBITDA": 67712000.0,
        "Total Unusual Items": 0.0,
        "Total Unusual Items Excluding Goodwill": 0.0,
        "Net Income From Continuing Operation Net Minority Interest": 32949000.0,
        "Reconciled Depreciation": 35809000.0,
        "Reconciled Cost Of Revenue": 79043000.0,
        "EBITDA": 67712000.0,
        "EBIT": 31903000.0,
        "Net Interest Income": 5035000.0,
        "Interest Expense": 2262000.0,
        "Interest Income": 7297000.0,
        "Normalized Income": 32949000.0,
        "Net Income From Continuing And Discontinued Operation": 32949000.0,
        "Total Expenses": 173878000.0,
        "Total Operating Income As Reported": 24606000.0,
        "Diluted Average Shares": 102591000.0,
        "Basic Average Shares": 92145000.0,
        "Diluted EPS": 0.33,
        "Basic EPS": 0.36,
        "Diluted NI Availto Com Stockholders": 32949000.0,
        "Net Income Common Stockholders": 32949000.0,
        "Net Income": 32949000.0,
        "Net Income Including Noncontrolling Interests": 32949000.0,
        "Net Income Continuous Operations": 32949000.0,
        "Tax Provision": -3308000.0,
        "Pretax Income": 29641000.0,
        "Other Income Expense": NaN,
        "Special Income Charges": 0.0,
        "Restructuring And Mergern Acquisition": 0.0,
        "Net Non Operating Interest Income Expense": 5035000.0,
        "Interest Expense Non Operating": 2262000.0,
        "Interest Income Non Operating": 7297000.0,
        "Operating Income": 24606000.0,
        "Operating Expense": 94835000.0,
        "Research And Development": 37377000.0,
        "Selling General And Administration": 57458000.0,
        "Selling And Marketing Expense": 17036000.0,
        "General And Administrative Expense": 40422000.0,
        "Other Gand A": 40422000.0,
        "Gross Profit": 119441000.0,
        "Cost Of Revenue": 79043000.0,
        "Total Revenue": 198484000.0,
        "Operating Revenue": 198484000.0
    }
}