{
    "2023-03-31": {
        "Tax Effect Of Unusual Items": NaN,
        "Tax Rate For Calcs": NaN,
        "Normalized EBITDA": NaN,
        "Total Unusual Items": NaN,
        "Total Unusual Items Excluding Goodwill": NaN,
        "Net Income From Continuing Operation Net Minority Interest": NaN,
        "Reconciled Depreciation": NaN,
        "Reconciled Cost Of Revenue": NaN,
        "EBITDA": NaN,
        "EBIT": NaN,
        "Net Interest Income": NaN,
        "Interest Income": NaN,
        "Normalized Income": NaN,
        "Net Income From Continuing And Discontinued Operation": NaN,
        "Total Expenses": NaN,
        "Total Operating Income As Reported": NaN,
        "Diluted Average Shares": NaN,
        "Basic Average Shares": NaN,
        "Diluted EPS": NaN,
        "Basic EPS": NaN,
        "Diluted NI Availto Com Stockholders": NaN,
        "Net Income Common Stockholders": NaN,
        "Otherunder Preferred Stock Dividend": 0.0,
        "Net Income": NaN,
        "Net Income Including Noncontrolling Interests": NaN,
        "Net Income Continuous Operations": NaN,
        "Tax Provision": NaN,
        "Pretax Income": NaN,
        "Other Income Expense": NaN,
        "Other Non Operating Income Expenses": NaN,
        "Special Income Charges": NaN,
        "Restructuring And Mergern Acquisition": NaN,
        "Gain On Sale Of Security": NaN,
        "Net Non Operating Interest Income Expense": NaN,
        "Interest Income Non Operating": NaN,
        "Operating Income": NaN,
        "Operating Expense": NaN,
        "Research And Development": NaN,
        "Selling General And Administration": NaN,
        "Selling And Marketing Expense": NaN,
        "General And Administrative Expense": NaN,
        "Other Gand A": NaN,
        "Gross Profit": NaN,
        "Cost Of Revenue": NaN,
        "Total Revenue": NaN,
        "Operating Revenue": NaN
    },
    "2022-12-31": {
        "Tax Effect Of Unusual Items": NaN,
        "Tax Rate For Calcs": NaN,
        "Normalized EBITDA": NaN,
        "Total Unusual Items": -593000.0,
        "Total Unusual Items Excluding Goodwill": -593000.0,
        "Net Income From Continuing Operation Net Minority Interest": NaN,
        "Reconciled Depreciation": NaN,
        "Reconciled Cost Of Revenue": NaN,
        "EBITDA": NaN,
        "EBIT": NaN,
        "Net Interest Income": NaN,
        "Interest Income": NaN,
        "Normalized Income": NaN,
        "Net Income From Continuing And Discontinued Operation": NaN,
        "Total Expenses": NaN,
        "Total Operating Income As Reported": NaN,
        "Diluted Average Shares": NaN,
        "Basic Average Shares": NaN,
        "Diluted EPS": NaN,
        "Basic EPS": NaN,
        "Diluted NI Availto Com Stockholders": NaN,
        "Net Income Common Stockholders": NaN,
        "Otherunder Preferred Stock Dividend": 0.0,
        "Net Income": NaN,
        "Net Income Including Noncontrolling Interests": NaN,
        "Net Income Continuous Operations": NaN,
        "Tax Provision": NaN,
        "Pretax Income": NaN,
        "Other Income Expense": NaN,
        "Other Non Operating Income Expenses": NaN,
        "Special Income Charges": 0.0,
        "Restructuring And Mergern Acquisition": 0.0,
        "Gain On Sale Of Security": -593000.0,
        "Net Non Operating Interest Income Expense": NaN,
        "Interest Income Non Operating": NaN,
        "Operating Income": NaN,
        "Operating Expense": NaN,
        "Research And Development": NaN,
        "Selling General And Administration": NaN,
        "Selling And Marketing Expense": NaN,
        "General And Administrative Expense": NaN,
        "Other Gand A": NaN,
        "Gross Profit": NaN,
        "Cost Of Revenue": NaN,
        "Total Revenue": NaN,
        "Operating Revenue": NaN
    },
    "2022-09-30": {
        "Tax Effect Of Unusual Items": NaN,
        "Tax Rate For Calcs": NaN,
        "Normalized EBITDA": NaN,
        "Total Unusual Items": NaN,
        "Total Unusual Items Excluding Goodwill": NaN,
        "Net Income From Continuing Operation Net Minority Interest": NaN,
        "Reconciled Depreciation": NaN,
        "Reconciled Cost Of Revenue": NaN,
        "EBITDA": NaN,
        "EBIT": NaN,
        "Net Interest Income": NaN,
        "Interest Income": NaN,
        "Normalized Income": NaN,
        "Net Income From Continuing And Discontinued Operation": NaN,
        "Total Expenses": NaN,
        "Total Operating Income As Reported": NaN,
        "Diluted Average Shares": NaN,
        "Basic Average Shares": NaN,
        "Diluted EPS": NaN,
        "Basic EPS": NaN,
        "Diluted NI Availto Com Stockholders": NaN,
        "Net Income Common Stockholders": NaN,
        "Otherunder Preferred Stock Dividend": 0.0,
        "Net Income": NaN,
        "Net Income Including Noncontrolling Interests": NaN,
        "Net Income Continuous Operations": NaN,
        "Tax Provision": NaN,
        "Pretax Income": NaN,
        "Other Income Expense": NaN,
        "Other Non Operating Income Expenses": NaN,
        "Special Income Charges": 0.0,
        "Restructuring And Mergern Acquisition": 0.0,
        "Gain On Sale Of Security": NaN,
        "Net Non Operating Interest Income Expense": NaN,
        "Interest Income Non Operating": NaN,
        "Operating Income": NaN,
        "Operating Expense": NaN,
        "Research And Development": NaN,
        "Selling General And Administration": NaN,
        "Selling And Marketing Expense": NaN,
        "General And Administrative Expense": NaN,
        "Other Gand A": NaN,
        "Gross Profit": NaN,
        "Cost Of Revenue": NaN,
        "Total Revenue": NaN,
        "Operating Revenue": NaN
    },
    "2022-06-30": {
        "Tax Effect Of Unusual Items": 0.0,
        "Tax Rate For Calcs": 0.004581,
        "Normalized EBITDA": 24052000.0,
        "Net Income From Continuing Operation Net Minority Interest": 22383000.0,
        "Reconciled Depreciation": 2370000.0,
        "Reconciled Cost Of Revenue": 13077000.0,
        "EBITDA": 24052000.0,
        "EBIT": 21682000.0,
        "Normalized Income": 22383000.0,
        "Net Income From Continuing And Discontinued Operation": 22383000.0,
        "Total Expenses": 68957000.0,
        "Total Operating Income As Reported": 21682000.0,
        "Diluted Average Shares": 214954000.0,
        "Basic Average Shares": 192947000.0,
        "Diluted EPS": 0.1,
        "Basic EPS": 0.12,
        "Diluted NI Availto Com Stockholders": 22383000.0,
        "Net Income Common Stockholders": 22383000.0,
        "Otherunder Preferred Stock Dividend": 0.0,
        "Net Income": 22383000.0,
        "Net Income Including Noncontrolling Interests": 22383000.0,
        "Net Income Continuous Operations": 22383000.0,
        "Tax Provision": 103000.0,
        "Pretax Income": 22486000.0,
        "Other Income Expense": 804000.0,
        "Other Non Operating Income Expenses": 804000.0,
        "Operating Income": 21682000.0,
        "Operating Expense": 55880000.0,
        "Research And Development": 19022000.0,
        "Selling General And Administration": 36858000.0,
        "Selling And Marketing Expense": 28134000.0,
        "General And Administrative Expense": 8724000.0,
        "Other Gand A": 8724000.0,
        "Gross Profit": 77562000.0,
        "Cost Of Revenue": 13077000.0,
        "Total Revenue": 90639000.0,
        "Operating Revenue": 90639000.0
    },
    "2022-03-31": {
        "Diluted EPS": 0.18,
        "Total Revenue": 94,
        "Gross Profit": 82,
        "Operating Income": 28,
        "EBIT": 33,
        "Net Income": 31
    },
    "2021-12-31": {
        "Diluted EPS": 0.26,
        "Total Revenue": 98,
        "Gross Profit": 87,
        "Operating Income": 36,
        "EBIT": 40,
        "Net Income": 56
    },
    "2021-09-30": {
        "Diluted EPS": 0.17,
        "Total Revenue": 79,
        "Gross Profit": 70,
        "Operating Income": 25,
        "EBIT": 30,
        "Net Income": 36
    },
    "2021-06-30": {
        "Diluted EPS": 0.09,
        "Total Revenue": 73,
        "Gross Profit": 65,
        "Operating Income": 25,
        "EBIT": 30,
        "Net Income": 11
    },
    "2021-03-31": {
        "Diluted EPS": 0.16,
        "Total Revenue": 67,
        "Gross Profit": 59,
        "Operating Income": 11,
        "EBIT": 16,
        "Net Income": 21
    },
    "2020-12-31": {
        "Diluted EPS": 0.05,
        "Total Revenue": 59,
        "Gross Profit": 51,
        "Operating Income": 18,
        "EBIT": 21,
        "Net Income": 5
    },
    "2020-09-30": {
        "Diluted EPS": 0.02,
        "Total Revenue": 45,
        "Gross Profit": 38,
        "Operating Income": 10,
        "EBIT": 13,
        "Net Income": 2
    },
    "2020-06-30": {
        "Diluted EPS": 0.0,
        "Total Revenue": 36,
        "Gross Profit": 29,
        "Operating Income": 2,
        "EBIT": 4,
        "Net Income": NaN
    },
    "2020-03-31": {
        "Diluted EPS": 0.0,
        "Total Revenue": NaN,
        "Gross Profit": NaN,
        "Operating Income": NaN,
        "EBIT": NaN,
        "Net Income": NaN
    },
    "2019-03-31": {
        "Diluted EPS": 0.0,
        "Total Revenue": NaN,
        "Gross Profit": NaN,
        "Operating Income": NaN,
        "EBIT": NaN,
        "Net Income": NaN
    },
    "2023-06-30": {
        "Tax Effect Of Unusual Items": NaN,
        "Tax Rate For Calcs": NaN,
        "Normalized EBITDA": NaN,
        "Total Unusual Items": -273000.0,
        "Total Unusual Items Excluding Goodwill": -273000.0,
        "Net Income From Continuing Operation Net Minority Interest": NaN,
        "Reconciled Depreciation": NaN,
        "Reconciled Cost Of Revenue": NaN,
        "EBITDA": NaN,
        "EBIT": NaN,
        "Net Interest Income": NaN,
        "Interest Income": NaN,
        "Normalized Income": NaN,
        "Net Income From Continuing And Discontinued Operation": NaN,
        "Total Expenses": NaN,
        "Total Operating Income As Reported": NaN,
        "Diluted Average Shares": 212355000.0,
        "Basic Average Shares": 194521000.0,
        "Diluted EPS": 0.13,
        "Basic EPS": 0.15,
        "Diluted NI Availto Com Stockholders": NaN,
        "Net Income Common Stockholders": NaN,
        "Net Income": NaN,
        "Net Income Including Noncontrolling Interests": NaN,
        "Net Income Continuous Operations": NaN,
        "Tax Provision": NaN,
        "Pretax Income": NaN,
        "Other Income Expense": NaN,
        "Other Non Operating Income Expenses": NaN,
        "Special Income Charges": NaN,
        "Restructuring And Mergern Acquisition": NaN,
        "Gain On Sale Of Security": -273000.0,
        "Net Non Operating Interest Income Expense": NaN,
        "Interest Income Non Operating": NaN,
        "Operating Income": NaN,
        "Operating Expense": NaN,
        "Research And Development": NaN,
        "Selling General And Administration": NaN,
        "Selling And Marketing Expense": NaN,
        "General And Administrative Expense": NaN,
        "Other Gand A": NaN,
        "Gross Profit": NaN,
        "Cost Of Revenue": NaN,
        "Total Revenue": NaN,
        "Operating Revenue": NaN
    },
    "2023-09-30": {
        "Tax Effect Of Unusual Items": NaN,
        "Tax Rate For Calcs": NaN,
        "Normalized EBITDA": NaN,
        "Total Unusual Items": -7805000.0,
        "Total Unusual Items Excluding Goodwill": -7805000.0,
        "Net Income From Continuing Operation Net Minority Interest": NaN,
        "Reconciled Depreciation": NaN,
        "Reconciled Cost Of Revenue": NaN,
        "EBITDA": NaN,
        "EBIT": NaN,
        "Net Interest Income": NaN,
        "Interest Income": NaN,
        "Normalized Income": NaN,
        "Net Income From Continuing And Discontinued Operation": NaN,
        "Total Expenses": NaN,
        "Total Operating Income As Reported": NaN,
        "Diluted Average Shares": 209014000.0,
        "Basic Average Shares": 193112000.0,
        "Diluted EPS": 0.15,
        "Basic EPS": 0.16,
        "Diluted NI Availto Com Stockholders": NaN,
        "Net Income Common Stockholders": NaN,
        "Net Income": NaN,
        "Net Income Including Noncontrolling Interests": NaN,
        "Net Income Continuous Operations": NaN,
        "Tax Provision": NaN,
        "Pretax Income": NaN,
        "Other Income Expense": NaN,
        "Other Non Operating Income Expenses": NaN,
        "Special Income Charges": -7936000.0,
        "Restructuring And Mergern Acquisition": 7936000.0,
        "Gain On Sale Of Security": 131000.0,
        "Net Non Operating Interest Income Expense": NaN,
        "Interest Income Non Operating": NaN,
        "Operating Income": NaN,
        "Operating Expense": NaN,
        "Research And Development": NaN,
        "Selling General And Administration": NaN,
        "Selling And Marketing Expense": NaN,
        "General And Administrative Expense": NaN,
        "Other Gand A": NaN,
        "Gross Profit": NaN,
        "Cost Of Revenue": NaN,
        "Total Revenue": NaN,
        "Operating Revenue": NaN
    },
    "2023-12-31": {
        "Tax Effect Of Unusual Items": -62140.0,
        "Tax Rate For Calcs": 0.239,
        "Normalized EBITDA": 61320000.0,
        "Total Unusual Items": -260000.0,
        "Total Unusual Items Excluding Goodwill": -260000.0,
        "Net Income From Continuing Operation Net Minority Interest": 47956000.0,
        "Reconciled Depreciation": 2509000.0,
        "Reconciled Cost Of Revenue": 12190000.0,
        "EBITDA": 61060000.0,
        "EBIT": 58551000.0,
        "Net Interest Income": 4796000.0,
        "Interest Income": 4796000.0,
        "Normalized Income": 48153860.0,
        "Net Income From Continuing And Discontinued Operation": 47956000.0,
        "Total Expenses": 76733000.0,
        "Total Operating Income As Reported": 58551000.0,
        "Diluted Average Shares": 200463000.0,
        "Basic Average Shares": 186309000.0,
        "Diluted EPS": 0.24,
        "Basic EPS": 0.26,
        "Diluted NI Availto Com Stockholders": 47956000.0,
        "Net Income Common Stockholders": 47956000.0,
        "Net Income": 47956000.0,
        "Net Income Including Noncontrolling Interests": 47956000.0,
        "Net Income Continuous Operations": 47956000.0,
        "Tax Provision": 15076000.0,
        "Pretax Income": 63032000.0,
        "Other Income Expense": -315000.0,
        "Other Non Operating Income Expenses": -55000.0,
        "Special Income Charges": 0.0,
        "Restructuring And Mergern Acquisition": 0.0,
        "Gain On Sale Of Security": -260000.0,
        "Net Non Operating Interest Income Expense": 4796000.0,
        "Interest Income Non Operating": 4796000.0,
        "Operating Income": 58551000.0,
        "Operating Expense": 64543000.0,
        "Research And Development": 19946000.0,
        "Selling General And Administration": 44597000.0,
        "Selling And Marketing Expense": 34956000.0,
        "General And Administrative Expense": 9641000.0,
        "Other Gand A": 9641000.0,
        "Gross Profit": 123094000.0,
        "Cost Of Revenue": 12190000.0,
        "Total Revenue": 135284000.0,
        "Operating Revenue": 129489000.0
    },
    "2024-03-31": {
        "Tax Effect Of Unusual Items": 0.0,
        "Tax Rate For Calcs": 0.152962,
        "Normalized EBITDA": 44400000.0,
        "Total Unusual Items": 0.0,
        "Total Unusual Items Excluding Goodwill": 0.0,
        "Net Income From Continuing Operation Net Minority Interest": 40618000.0,
        "Reconciled Depreciation": 2548000.0,
        "Reconciled Cost Of Revenue": 12567000.0,
        "EBITDA": 44400000.0,
        "EBIT": 41852000.0,
        "Net Interest Income": 6028000.0,
        "Interest Income": 6028000.0,
        "Normalized Income": 40618000.0,
        "Net Income From Continuing And Discontinued Operation": 40618000.0,
        "Total Expenses": 76205000.0,
        "Total Operating Income As Reported": 41852000.0,
        "Diluted Average Shares": NaN,
        "Basic Average Shares": NaN,
        "Diluted EPS": NaN,
        "Basic EPS": NaN,
        "Diluted NI Availto Com Stockholders": 40618000.0,
        "Net Income Common Stockholders": 40618000.0,
        "Net Income": 40618000.0,
        "Net Income Including Noncontrolling Interests": 40618000.0,
        "Net Income Continuous Operations": 40618000.0,
        "Tax Provision": 7335000.0,
        "Pretax Income": 47953000.0,
        "Other Income Expense": 73000.0,
        "Other Non Operating Income Expenses": 73000.0,
        "Special Income Charges": 0.0,
        "Restructuring And Mergern Acquisition": 0.0,
        "Gain On Sale Of Security": 0.0,
        "Net Non Operating Interest Income Expense": 6028000.0,
        "Interest Income Non Operating": 6028000.0,
        "Operating Income": 41852000.0,
        "Operating Expense": 63638000.0,
        "Research And Development": 20148000.0,
        "Selling General And Administration": 43490000.0,
        "Selling And Marketing Expense": 33517000.0,
        "General And Administrative Expense": 9973000.0,
        "Other Gand A": 9973000.0,
        "Gross Profit": 105490000.0,
        "Cost Of Revenue": 12567000.0,
        "Total Revenue": 118057000.0,
        "Operating Revenue": 112673000.0
    },
    "2024-06-30": {
        "Tax Effect Of Unusual Items": 0.0,
        "Tax Rate For Calcs": 0.221783,
        "Normalized EBITDA": 48615000.0,
        "Total Unusual Items": NaN,
        "Total Unusual Items Excluding Goodwill": NaN,
        "Net Income From Continuing Operation Net Minority Interest": 41377000.0,
        "Reconciled Depreciation": 2562000.0,
        "Reconciled Cost Of Revenue": 13550000.0,
        "EBITDA": 48615000.0,
        "EBIT": 46053000.0,
        "Net Interest Income": 7168000.0,
        "Interest Income": 7168000.0,
        "Normalized Income": 41377000.0,
        "Net Income From Continuing And Discontinued Operation": 41377000.0,
        "Total Expenses": 80623000.0,
        "Total Operating Income As Reported": 46053000.0,
        "Diluted Average Shares": 199224000.0,
        "Basic Average Shares": 185610000.0,
        "Diluted EPS": 0.21,
        "Basic EPS": 0.22,
        "Diluted NI Availto Com Stockholders": 41377000.0,
        "Net Income Common Stockholders": 41377000.0,
        "Net Income": 41377000.0,
        "Net Income Including Noncontrolling Interests": 41377000.0,
        "Net Income Continuous Operations": 41377000.0,
        "Tax Provision": 11792000.0,
        "Pretax Income": 53169000.0,
        "Other Income Expense": -52000.0,
        "Other Non Operating Income Expenses": -52000.0,
        "Special Income Charges": NaN,
        "Restructuring And Mergern Acquisition": NaN,
        "Gain On Sale Of Security": NaN,
        "Net Non Operating Interest Income Expense": 7168000.0,
        "Interest Income Non Operating": 7168000.0,
        "Operating Income": 46053000.0,
        "Operating Expense": 67073000.0,
        "Research And Development": 22574000.0,
        "Selling General And Administration": 44499000.0,
        "Selling And Marketing Expense": 35244000.0,
        "General And Administrative Expense": 9255000.0,
        "Other Gand A": 9255000.0,
        "Gross Profit": 113126000.0,
        "Cost Of Revenue": 13550000.0,
        "Total Revenue": 126676000.0,
        "Operating Revenue": 119968000.0
    },
    "2024-09-30": {
        "Tax Effect Of Unusual Items": -659170.0,
        "Tax Rate For Calcs": 0.29,
        "Normalized EBITDA": 60332000.0,
        "Total Unusual Items": -2273000.0,
        "Total Unusual Items Excluding Goodwill": -2273000.0,
        "Net Income From Continuing Operation Net Minority Interest": 44154000.0,
        "Reconciled Depreciation": 2613000.0,
        "Reconciled Cost Of Revenue": 13676000.0,
        "EBITDA": 58059000.0,
        "EBIT": 55446000.0,
        "Net Interest Income": 9112000.0,
        "Interest Income": 9112000.0,
        "Normalized Income": 45767830.0,
        "Net Income From Continuing And Discontinued Operation": 44154000.0,
        "Total Expenses": 81386000.0,
        "Total Operating Income As Reported": 53142000.0,
        "Diluted Average Shares": 200407000.0,
        "Basic Average Shares": 186252000.0,
        "Diluted EPS": 0.22,
        "Basic EPS": 0.24,
        "Diluted NI Availto Com Stockholders": 44154000.0,
        "Net Income Common Stockholders": 44154000.0,
        "Net Income": 44154000.0,
        "Net Income Including Noncontrolling Interests": 44154000.0,
        "Net Income Continuous Operations": 44154000.0,
        "Tax Provision": 18017000.0,
        "Pretax Income": 62171000.0,
        "Other Income Expense": -2387000.0,
        "Other Non Operating Income Expenses": -114000.0,
        "Special Income Charges": -2304000.0,
        "Restructuring And Mergern Acquisition": 2304000.0,
        "Gain On Sale Of Security": 31000.0,
        "Net Non Operating Interest Income Expense": 9112000.0,
        "Interest Income Non Operating": 9112000.0,
        "Operating Income": 55446000.0,
        "Operating Expense": 67710000.0,
        "Research And Development": 23240000.0,
        "Selling General And Administration": 44470000.0,
        "Selling And Marketing Expense": 34367000.0,
        "General And Administrative Expense": 10103000.0,
        "Other Gand A": 10103000.0,
        "Gross Profit": 123156000.0,
        "Cost Of Revenue": 13676000.0,
        "Total Revenue": 136832000.0,
        "Operating Revenue": 129639000.0
    },
    "2024-12-31": {
        "Tax Effect Of Unusual Items": 9617.0,
        "Tax Rate For Calcs": 0.163,
        "Normalized EBITDA": 82521000.0,
        "Total Unusual Items": 59000.0,
        "Total Unusual Items Excluding Goodwill": 59000.0,
        "Net Income From Continuing Operation Net Minority Interest": 75196000.0,
        "Reconciled Depreciation": 2655000.0,
        "Reconciled Cost Of Revenue": 14181000.0,
        "EBITDA": 82580000.0,
        "EBIT": 79925000.0,
        "Net Interest Income": 9886000.0,
        "Interest Income": 9886000.0,
        "Normalized Income": 75146617.0,
        "Net Income From Continuing And Discontinued Operation": 75196000.0,
        "Total Expenses": 88678000.0,
        "Total Operating Income As Reported": 79925000.0,
        "Diluted Average Shares": 202233000.0,
        "Basic Average Shares": 187161000.0,
        "Diluted EPS": 0.37,
        "Basic EPS": 0.4,
        "Diluted NI Availto Com Stockholders": 75196000.0,
        "Net Income Common Stockholders": 75196000.0,
        "Net Income": 75196000.0,
        "Net Income Including Noncontrolling Interests": 75196000.0,
        "Net Income Continuous Operations": 75196000.0,
        "Tax Provision": 14644000.0,
        "Pretax Income": 89840000.0,
        "Other Income Expense": 29000.0,
        "Other Non Operating Income Expenses": -30000.0,
        "Special Income Charges": 0.0,
        "Restructuring And Mergern Acquisition": 0.0,
        "Gain On Sale Of Security": 59000.0,
        "Net Non Operating Interest Income Expense": 9886000.0,
        "Interest Income Non Operating": 9886000.0,
        "Operating Income": 79925000.0,
        "Operating Expense": 74497000.0,
        "Research And Development": 22421000.0,
        "Selling General And Administration": 52076000.0,
        "Selling And Marketing Expense": 38491000.0,
        "General And Administrative Expense": 13585000.0,
        "Other Gand A": 13585000.0,
        "Gross Profit": 154422000.0,
        "Cost Of Revenue": 14181000.0,
        "Total Revenue": 168603000.0,
        "Operating Revenue": 162261000.0
    }
}