{
    "2023-04-30": {
        "Tax Effect Of Unusual Items": NaN,
        "Tax Rate For Calcs": NaN,
        "Normalized EBITDA": NaN,
        "Total Unusual Items": NaN,
        "Total Unusual Items Excluding Goodwill": NaN,
        "Net Income From Continuing Operation Net Minority Interest": NaN,
        "Reconciled Depreciation": NaN,
        "Reconciled Cost Of Revenue": NaN,
        "EBITDA": NaN,
        "EBIT": NaN,
        "Net Interest Income": NaN,
        "Interest Expense": NaN,
        "Interest Income": NaN,
        "Normalized Income": NaN,
        "Net Income From Continuing And Discontinued Operation": NaN,
        "Total Expenses": NaN,
        "Total Operating Income As Reported": NaN,
        "Diluted Average Shares": NaN,
        "Basic Average Shares": NaN,
        "Diluted EPS": NaN,
        "Basic EPS": NaN,
        "Diluted NI Availto Com Stockholders": NaN,
        "Average Dilution Earnings": 357000.0,
        "Net Income Common Stockholders": NaN,
        "Otherunder Preferred Stock Dividend": -357000.0,
        "Net Income": NaN,
        "Net Income Including Noncontrolling Interests": NaN,
        "Net Income Continuous Operations": NaN,
        "Tax Provision": NaN,
        "Pretax Income": NaN,
        "Other Income Expense": NaN,
        "Special Income Charges": NaN,
        "Restructuring And Mergern Acquisition": NaN,
        "Net Non Operating Interest Income Expense": NaN,
        "Interest Expense Non Operating": NaN,
        "Interest Income Non Operating": NaN,
        "Operating Income": NaN,
        "Operating Expense": NaN,
        "Research And Development": NaN,
        "Selling General And Administration": NaN,
        "Selling And Marketing Expense": NaN,
        "General And Administrative Expense": NaN,
        "Other Gand A": NaN,
        "Salaries And Wages": 85668000.0,
        "Gross Profit": NaN,
        "Cost Of Revenue": NaN,
        "Total Revenue": NaN,
        "Operating Revenue": NaN
    },
    "2023-01-31": {
        "Tax Effect Of Unusual Items": NaN,
        "Tax Rate For Calcs": NaN,
        "Normalized EBITDA": NaN,
        "Total Unusual Items": NaN,
        "Total Unusual Items Excluding Goodwill": NaN,
        "Net Income From Continuing Operation Net Minority Interest": NaN,
        "Reconciled Depreciation": NaN,
        "Reconciled Cost Of Revenue": NaN,
        "EBITDA": NaN,
        "EBIT": NaN,
        "Net Interest Income": NaN,
        "Interest Expense": NaN,
        "Interest Income": NaN,
        "Normalized Income": NaN,
        "Net Income From Continuing And Discontinued Operation": NaN,
        "Total Expenses": NaN,
        "Total Operating Income As Reported": NaN,
        "Diluted Average Shares": 206260000.0,
        "Basic Average Shares": 201894000.0,
        "Diluted EPS": 0.02,
        "Basic EPS": 0.02,
        "Diluted NI Availto Com Stockholders": NaN,
        "Average Dilution Earnings": NaN,
        "Net Income Common Stockholders": NaN,
        "Otherunder Preferred Stock Dividend": NaN,
        "Net Income": NaN,
        "Net Income Including Noncontrolling Interests": NaN,
        "Net Income Continuous Operations": NaN,
        "Tax Provision": NaN,
        "Pretax Income": NaN,
        "Other Income Expense": NaN,
        "Special Income Charges": NaN,
        "Restructuring And Mergern Acquisition": NaN,
        "Net Non Operating Interest Income Expense": NaN,
        "Interest Expense Non Operating": NaN,
        "Interest Income Non Operating": NaN,
        "Operating Income": NaN,
        "Operating Expense": NaN,
        "Research And Development": NaN,
        "Selling General And Administration": NaN,
        "Selling And Marketing Expense": NaN,
        "General And Administrative Expense": NaN,
        "Other Gand A": NaN,
        "Salaries And Wages": NaN,
        "Gross Profit": NaN,
        "Cost Of Revenue": NaN,
        "Total Revenue": NaN,
        "Operating Revenue": NaN
    },
    "2022-10-31": {
        "Tax Effect Of Unusual Items": NaN,
        "Tax Rate For Calcs": NaN,
        "Normalized EBITDA": NaN,
        "Total Unusual Items": NaN,
        "Total Unusual Items Excluding Goodwill": NaN,
        "Net Income From Continuing Operation Net Minority Interest": NaN,
        "Reconciled Depreciation": NaN,
        "Reconciled Cost Of Revenue": NaN,
        "EBITDA": NaN,
        "EBIT": NaN,
        "Net Interest Income": NaN,
        "Interest Expense": NaN,
        "Interest Income": 820000.0,
        "Normalized Income": NaN,
        "Net Income From Continuing And Discontinued Operation": NaN,
        "Total Expenses": NaN,
        "Total Operating Income As Reported": NaN,
        "Diluted Average Shares": 201393000.0,
        "Basic Average Shares": 201393000.0,
        "Diluted EPS": -0.15,
        "Basic EPS": -0.15,
        "Diluted NI Availto Com Stockholders": NaN,
        "Net Income Common Stockholders": NaN,
        "Otherunder Preferred Stock Dividend": NaN,
        "Net Income": NaN,
        "Net Income Including Noncontrolling Interests": NaN,
        "Net Income Continuous Operations": NaN,
        "Tax Provision": NaN,
        "Pretax Income": NaN,
        "Other Income Expense": NaN,
        "Special Income Charges": NaN,
        "Restructuring And Mergern Acquisition": NaN,
        "Net Non Operating Interest Income Expense": NaN,
        "Interest Expense Non Operating": NaN,
        "Interest Income Non Operating": 820000.0,
        "Operating Income": NaN,
        "Operating Expense": NaN,
        "Research And Development": NaN,
        "Selling General And Administration": NaN,
        "Selling And Marketing Expense": NaN,
        "General And Administrative Expense": NaN,
        "Other Gand A": NaN,
        "Salaries And Wages": NaN,
        "Gross Profit": NaN,
        "Cost Of Revenue": NaN,
        "Total Revenue": NaN,
        "Operating Revenue": NaN
    },
    "2022-07-31": {
        "Tax Effect Of Unusual Items": 0.0,
        "Tax Rate For Calcs": 0.4,
        "Normalized EBITDA": -18944000.0,
        "Total Unusual Items": NaN,
        "Total Unusual Items Excluding Goodwill": NaN,
        "Net Income From Continuing Operation Net Minority Interest": -45078000.0,
        "Reconciled Depreciation": 21143000.0,
        "Reconciled Cost Of Revenue": 136704000.0,
        "EBITDA": -18944000.0,
        "EBIT": -40087000.0,
        "Net Interest Income": -629000.0,
        "Interest Expense": 1632000.0,
        "Interest Income": 1003000.0,
        "Normalized Income": -45078000.0,
        "Net Income From Continuing And Discontinued Operation": -45078000.0,
        "Total Expenses": 663274000.0,
        "Total Operating Income As Reported": -41090000.0,
        "Diluted Average Shares": 200618000.0,
        "Basic Average Shares": 200618000.0,
        "Diluted EPS": -0.22,
        "Basic EPS": -0.22,
        "Diluted NI Availto Com Stockholders": -45078000.0,
        "Net Income Common Stockholders": -45078000.0,
        "Otherunder Preferred Stock Dividend": NaN,
        "Net Income": -45078000.0,
        "Net Income Including Noncontrolling Interests": -45078000.0,
        "Net Income Continuous Operations": -45078000.0,
        "Tax Provision": 3359000.0,
        "Pretax Income": -41719000.0,
        "Other Income Expense": NaN,
        "Special Income Charges": NaN,
        "Restructuring And Mergern Acquisition": NaN,
        "Net Non Operating Interest Income Expense": -629000.0,
        "Interest Expense Non Operating": 1632000.0,
        "Interest Income Non Operating": 1003000.0,
        "Operating Income": -41090000.0,
        "Operating Expense": 526570000.0,
        "Research And Development": 126532000.0,
        "Selling General And Administration": 400038000.0,
        "Selling And Marketing Expense": 323582000.0,
        "General And Administrative Expense": 76456000.0,
        "Other Gand A": 76456000.0,
        "Salaries And Wages": NaN,
        "Gross Profit": 485480000.0,
        "Cost Of Revenue": 136704000.0,
        "Total Revenue": 622184000.0,
        "Operating Revenue": 622184000.0
    },
    "2022-04-30": {
        "Diluted EPS": -0.14,
        "Total Revenue": 589,
        "Gross Profit": 456,
        "Operating Income": -19,
        "EBIT": 47,
        "Net Income": -27
    },
    "2022-01-31": {
        "Diluted EPS": -0.16,
        "Total Revenue": 581,
        "Gross Profit": 449,
        "Operating Income": -25,
        "EBIT": 41,
        "Net Income": -30
    },
    "2021-10-31": {
        "Diluted EPS": -0.03,
        "Total Revenue": 545,
        "Gross Profit": 429,
        "Operating Income": -3,
        "EBIT": 55,
        "Net Income": -6
    },
    "2021-07-31": {
        "Diluted EPS": -0.13,
        "Total Revenue": 512,
        "Gross Profit": 398,
        "Operating Income": -23,
        "EBIT": 32,
        "Net Income": -26
    },
    "2021-04-30": {
        "Diluted EPS": -0.04,
        "Total Revenue": 469,
        "Gross Profit": 364,
        "Operating Income": -11,
        "EBIT": 42,
        "Net Income": -8
    },
    "2021-01-31": {
        "Diluted EPS": -0.39,
        "Total Revenue": 431,
        "Gross Profit": 329,
        "Operating Income": -25,
        "EBIT": 31,
        "Net Income": -72
    },
    "2020-10-31": {
        "Diluted EPS": -0.31,
        "Total Revenue": 383,
        "Gross Profit": 285,
        "Operating Income": -48,
        "EBIT": 4,
        "Net Income": -58
    },
    "2020-07-31": {
        "Diluted EPS": -0.35,
        "Total Revenue": 342,
        "Gross Profit": 252,
        "Operating Income": -59,
        "EBIT": -10,
        "Net Income": -65
    },
    "2020-04-30": {
        "Diluted EPS": -0.26,
        "Total Revenue": 297,
        "Gross Profit": 223,
        "Operating Income": -42,
        "EBIT": 0,
        "Net Income": -48
    },
    "2020-01-31": {
        "Diluted EPS": -0.26,
        "Total Revenue": 275,
        "Gross Profit": 207,
        "Operating Income": -42,
        "EBIT": -2,
        "Net Income": -47
    },
    "2019-10-31": {
        "Diluted EPS": -0.26,
        "Total Revenue": 250,
        "Gross Profit": 188,
        "Operating Income": -44,
        "EBIT": -6,
        "Net Income": -47
    },
    "2019-07-31": {
        "Diluted EPS": -0.39,
        "Total Revenue": 236,
        "Gross Profit": 174,
        "Operating Income": -65,
        "EBIT": -29,
        "Net Income": -69
    },
    "2019-04-30": {
        "Diluted EPS": -0.27,
        "Total Revenue": 214,
        "Gross Profit": 162,
        "Operating Income": -42,
        "EBIT": -10,
        "Net Income": -46
    },
    "2019-01-31": {
        "Diluted EPS": 4.83,
        "Total Revenue": 200,
        "Gross Profit": 147,
        "Operating Income": -63,
        "EBIT": -32,
        "Net Income": -66
    },
    "2018-10-31": {
        "Diluted EPS": -0.31,
        "Total Revenue": 178,
        "Gross Profit": 133,
        "Operating Income": -58,
        "EBIT": -34,
        "Net Income": -53
    },
    "2018-07-31": {
        "Diluted EPS": -0.22,
        "Total Revenue": 167,
        "Gross Profit": 131,
        "Operating Income": -38,
        "EBIT": -21,
        "Net Income": -37
    },
    "2018-04-30": {
        "Diluted EPS": -7.46,
        "Total Revenue": 156,
        "Gross Profit": 98,
        "Operating Income": -268,
        "EBIT": -250,
        "Net Income": -271
    },
    "2018-01-31": {
        "Diluted EPS": -0.16,
        "Total Revenue": 149,
        "Gross Profit": 117,
        "Operating Income": -6,
        "EBIT": 10,
        "Net Income": -6
    },
    "2017-10-31": {
        "Diluted EPS": -0.45,
        "Total Revenue": 131,
        "Gross Profit": 99,
        "Operating Income": -12,
        "EBIT": 4,
        "Net Income": -15
    },
    "2017-07-31": {
        "Diluted EPS": -0.39,
        "Total Revenue": 126,
        "Gross Profit": 97,
        "Operating Income": -14,
        "EBIT": 1,
        "Net Income": -12
    },
    "2017-04-30": {
        "Diluted EPS": -0.66,
        "Total Revenue": 113,
        "Gross Profit": 86,
        "Operating Income": -19,
        "EBIT": -5,
        "Net Income": -20
    },
    "2017-01-31": {
        "Diluted EPS": 0.0,
        "Total Revenue": NaN,
        "Gross Profit": NaN,
        "Operating Income": NaN,
        "EBIT": NaN,
        "Net Income": NaN
    },
    "2023-07-31": {
        "Tax Effect Of Unusual Items": NaN,
        "Tax Rate For Calcs": NaN,
        "Normalized EBITDA": NaN,
        "Total Unusual Items": NaN,
        "Total Unusual Items Excluding Goodwill": NaN,
        "Net Income From Continuing Operation Net Minority Interest": NaN,
        "Reconciled Depreciation": NaN,
        "Reconciled Cost Of Revenue": NaN,
        "EBITDA": NaN,
        "EBIT": NaN,
        "Net Interest Income": NaN,
        "Interest Expense": NaN,
        "Interest Income": NaN,
        "Normalized Income": NaN,
        "Net Income From Continuing And Discontinued Operation": NaN,
        "Total Expenses": NaN,
        "Total Operating Income As Reported": NaN,
        "Diluted Average Shares": 208192000.0,
        "Basic Average Shares": 203703000.0,
        "Diluted EPS": 0.04,
        "Basic EPS": 0.04,
        "Diluted NI Availto Com Stockholders": NaN,
        "Average Dilution Earnings": NaN,
        "Net Income Common Stockholders": NaN,
        "Otherunder Preferred Stock Dividend": -46000.0,
        "Net Income": NaN,
        "Net Income Including Noncontrolling Interests": NaN,
        "Net Income Continuous Operations": NaN,
        "Tax Provision": NaN,
        "Pretax Income": NaN,
        "Other Income Expense": -811000.0,
        "Special Income Charges": NaN,
        "Restructuring And Mergern Acquisition": NaN,
        "Net Non Operating Interest Income Expense": NaN,
        "Interest Expense Non Operating": NaN,
        "Interest Income Non Operating": NaN,
        "Operating Income": NaN,
        "Operating Expense": NaN,
        "Research And Development": NaN,
        "Selling General And Administration": NaN,
        "Selling And Marketing Expense": NaN,
        "General And Administrative Expense": NaN,
        "Other Gand A": NaN,
        "Salaries And Wages": 86155000.0,
        "Gross Profit": NaN,
        "Cost Of Revenue": NaN,
        "Total Revenue": NaN,
        "Operating Revenue": NaN
    },
    "2023-10-31": {
        "Tax Effect Of Unusual Items": -149100.0,
        "Tax Rate For Calcs": 0.21,
        "Normalized EBITDA": 61445000.0,
        "Total Unusual Items": -710000.0,
        "Total Unusual Items Excluding Goodwill": -710000.0,
        "Net Income From Continuing Operation Net Minority Interest": 38805000.0,
        "Reconciled Depreciation": 23324000.0,
        "Reconciled Cost Of Revenue": 142645000.0,
        "EBITDA": 60735000.0,
        "EBIT": 37411000.0,
        "Net Interest Income": 16096000.0,
        "Interest Expense": 1577000.0,
        "Interest Income": 17673000.0,
        "Normalized Income": 39365900.0,
        "Net Income From Continuing And Discontinued Operation": 38805000.0,
        "Total Expenses": 679973000.0,
        "Total Operating Income As Reported": 19738000.0,
        "Diluted Average Shares": 208054000.0,
        "Basic Average Shares": 204456000.0,
        "Diluted EPS": 0.19,
        "Basic EPS": 0.19,
        "Diluted NI Availto Com Stockholders": 38827000.0,
        "Average Dilution Earnings": 22000.0,
        "Net Income Common Stockholders": 38805000.0,
        "Otherunder Preferred Stock Dividend": NaN,
        "Net Income": 38805000.0,
        "Net Income Including Noncontrolling Interests": 38805000.0,
        "Net Income Continuous Operations": 38805000.0,
        "Tax Provision": -2971000.0,
        "Pretax Income": 35834000.0,
        "Other Income Expense": -710000.0,
        "Special Income Charges": -710000.0,
        "Restructuring And Mergern Acquisition": 710000.0,
        "Net Non Operating Interest Income Expense": 16096000.0,
        "Interest Expense Non Operating": 1577000.0,
        "Interest Income Non Operating": 17673000.0,
        "Operating Income": 20448000.0,
        "Operating Expense": 537328000.0,
        "Research And Development": 136640000.0,
        "Selling General And Administration": 400688000.0,
        "Selling And Marketing Expense": 292473000.0,
        "General And Administrative Expense": 108215000.0,
        "Other Gand A": 108215000.0,
        "Salaries And Wages": NaN,
        "Gross Profit": 557776000.0,
        "Cost Of Revenue": 142645000.0,
        "Total Revenue": 700421000.0,
        "Operating Revenue": 700421000.0
    },
    "2024-01-31": {
        "Tax Effect Of Unusual Items": -7399.905857,
        "Tax Rate For Calcs": 0.08409,
        "Normalized EBITDA": 55172000.0,
        "Total Unusual Items": -88000.0,
        "Total Unusual Items Excluding Goodwill": -88000.0,
        "Net Income From Continuing Operation Net Minority Interest": 27241000.0,
        "Reconciled Depreciation": 23633000.0,
        "Reconciled Cost Of Revenue": 147907000.0,
        "EBITDA": 55084000.0,
        "EBIT": 31451000.0,
        "Net Interest Income": 19807000.0,
        "Interest Expense": 1709000.0,
        "Interest Income": 21516000.0,
        "Normalized Income": 27321600.094143,
        "Net Income From Continuing And Discontinued Operation": 27241000.0,
        "Total Expenses": 702363000.0,
        "Total Operating Income As Reported": 9935000.0,
        "Diluted Average Shares": NaN,
        "Basic Average Shares": NaN,
        "Diluted EPS": NaN,
        "Basic EPS": NaN,
        "Diluted NI Availto Com Stockholders": 27666000.0,
        "Average Dilution Earnings": NaN,
        "Net Income Common Stockholders": 27241000.0,
        "Otherunder Preferred Stock Dividend": NaN,
        "Net Income": 27241000.0,
        "Net Income Including Noncontrolling Interests": 27241000.0,
        "Net Income Continuous Operations": 27241000.0,
        "Tax Provision": 2501000.0,
        "Pretax Income": 29742000.0,
        "Other Income Expense": -88000.0,
        "Special Income Charges": -88000.0,
        "Restructuring And Mergern Acquisition": 88000.0,
        "Net Non Operating Interest Income Expense": 19807000.0,
        "Interest Expense Non Operating": 1709000.0,
        "Interest Income Non Operating": 21516000.0,
        "Operating Income": 10023000.0,
        "Operating Expense": 554456000.0,
        "Research And Development": 151524000.0,
        "Selling General And Administration": 402932000.0,
        "Selling And Marketing Expense": 300221000.0,
        "General And Administrative Expense": 102711000.0,
        "Other Gand A": 102711000.0,
        "Salaries And Wages": NaN,
        "Gross Profit": 564479000.0,
        "Cost Of Revenue": 147907000.0,
        "Total Revenue": 712386000.0,
        "Operating Revenue": 712386000.0
    },
    "2024-04-30": {
        "Tax Effect Of Unusual Items": -2254756.155549,
        "Tax Rate For Calcs": 0.077419,
        "Normalized EBITDA": 90367000.0,
        "Total Unusual Items": -29124000.0,
        "Total Unusual Items Excluding Goodwill": -29124000.0,
        "Net Income From Continuing Operation Net Minority Interest": 33760000.0,
        "Reconciled Depreciation": 24506000.0,
        "Reconciled Cost Of Revenue": 149446000.0,
        "EBITDA": 61243000.0,
        "EBIT": 36737000.0,
        "Net Interest Income": 13965000.0,
        "Interest Expense": 144000.0,
        "Interest Income": 14109000.0,
        "Normalized Income": 60629243.844451,
        "Net Income From Continuing And Discontinued Operation": 33760000.0,
        "Total Expenses": 657888000.0,
        "Total Operating Income As Reported": 22628000.0,
        "Diluted Average Shares": 209896000.0,
        "Basic Average Shares": 205870000.0,
        "Diluted EPS": 0.16,
        "Basic EPS": 0.16,
        "Diluted NI Availto Com Stockholders": 33760000.0,
        "Average Dilution Earnings": 0.0,
        "Net Income Common Stockholders": 33760000.0,
        "Otherunder Preferred Stock Dividend": NaN,
        "Net Income": 33760000.0,
        "Net Income Including Noncontrolling Interests": 33760000.0,
        "Net Income Continuous Operations": 33760000.0,
        "Tax Provision": 2833000.0,
        "Pretax Income": 36593000.0,
        "Other Income Expense": -29124000.0,
        "Special Income Charges": -29124000.0,
        "Restructuring And Mergern Acquisition": 29124000.0,
        "Net Non Operating Interest Income Expense": 13965000.0,
        "Interest Expense Non Operating": 144000.0,
        "Interest Income Non Operating": 14109000.0,
        "Operating Income": 51752000.0,
        "Operating Expense": 508442000.0,
        "Research And Development": 134320000.0,
        "Selling General And Administration": 374122000.0,
        "Selling And Marketing Expense": 281644000.0,
        "General And Administrative Expense": 92478000.0,
        "Other Gand A": 92478000.0,
        "Salaries And Wages": NaN,
        "Gross Profit": 560194000.0,
        "Cost Of Revenue": 149446000.0,
        "Total Revenue": 709640000.0,
        "Operating Revenue": 709640000.0
    },
    "2024-07-31": {
        "Tax Effect Of Unusual Items": -125370.0,
        "Tax Rate For Calcs": 0.21,
        "Normalized EBITDA": 100050000.0,
        "Total Unusual Items": -597000.0,
        "Total Unusual Items Excluding Goodwill": -597000.0,
        "Net Income From Continuing Operation Net Minority Interest": 888211000.0,
        "Reconciled Depreciation": 27022000.0,
        "Reconciled Cost Of Revenue": 155465000.0,
        "EBITDA": 99453000.0,
        "EBIT": 72431000.0,
        "Net Interest Income": 14086000.0,
        "Interest Expense": 544000.0,
        "Interest Income": 14630000.0,
        "Normalized Income": 888682630.0,
        "Net Income From Continuing And Discontinued Operation": 888211000.0,
        "Total Expenses": 677629000.0,
        "Total Operating Income As Reported": 57801000.0,
        "Diluted Average Shares": 208274000.0,
        "Basic Average Shares": 204604000.0,
        "Diluted EPS": 4.26,
        "Basic EPS": 4.34,
        "Diluted NI Availto Com Stockholders": 888211000.0,
        "Average Dilution Earnings": NaN,
        "Net Income Common Stockholders": 888211000.0,
        "Otherunder Preferred Stock Dividend": 0.0,
        "Net Income": 888211000.0,
        "Net Income Including Noncontrolling Interests": 888211000.0,
        "Net Income Continuous Operations": 888211000.0,
        "Tax Provision": -816324000.0,
        "Pretax Income": 71887000.0,
        "Other Income Expense": -597000.0,
        "Special Income Charges": -597000.0,
        "Restructuring And Mergern Acquisition": 597000.0,
        "Net Non Operating Interest Income Expense": 14086000.0,
        "Interest Expense Non Operating": 544000.0,
        "Interest Income Non Operating": 14630000.0,
        "Operating Income": 58398000.0,
        "Operating Expense": 522164000.0,
        "Research And Development": 147571000.0,
        "Selling General And Administration": 374593000.0,
        "Selling And Marketing Expense": 287464000.0,
        "General And Administrative Expense": 87129000.0,
        "Other Gand A": 87129000.0,
        "Salaries And Wages": NaN,
        "Gross Profit": 580562000.0,
        "Cost Of Revenue": 155465000.0,
        "Total Revenue": 736027000.0,
        "Operating Revenue": 736027000.0
    },
    "2024-10-31": {
        "Tax Effect Of Unusual Items": 0.0,
        "Tax Rate For Calcs": 0.127854,
        "Normalized EBITDA": 99605000.0,
        "Total Unusual Items": 0.0,
        "Total Unusual Items Excluding Goodwill": 0.0,
        "Net Income From Continuing Operation Net Minority Interest": 62423000.0,
        "Reconciled Depreciation": 27569000.0,
        "Reconciled Cost Of Revenue": 156537000.0,
        "EBITDA": 99605000.0,
        "EBIT": 72036000.0,
        "Net Interest Income": 12544000.0,
        "Interest Expense": 462000.0,
        "Interest Income": 13006000.0,
        "Normalized Income": 62423000.0,
        "Net Income From Continuing And Discontinued Operation": 62423000.0,
        "Total Expenses": 695790000.0,
        "Total Operating Income As Reported": 59030000.0,
        "Diluted Average Shares": 208706000.0,
        "Basic Average Shares": 203567000.0,
        "Diluted EPS": 0.3,
        "Basic EPS": 0.31,
        "Diluted NI Availto Com Stockholders": 62423000.0,
        "Average Dilution Earnings": 0.0,
        "Net Income Common Stockholders": 62423000.0,
        "Otherunder Preferred Stock Dividend": NaN,
        "Net Income": 62423000.0,
        "Net Income Including Noncontrolling Interests": 62423000.0,
        "Net Income Continuous Operations": 62423000.0,
        "Tax Provision": 9151000.0,
        "Pretax Income": 71574000.0,
        "Other Income Expense": NaN,
        "Special Income Charges": 0.0,
        "Restructuring And Mergern Acquisition": 0.0,
        "Net Non Operating Interest Income Expense": 12544000.0,
        "Interest Expense Non Operating": 462000.0,
        "Interest Income Non Operating": 13006000.0,
        "Operating Income": 59030000.0,
        "Operating Expense": 539253000.0,
        "Research And Development": 151101000.0,
        "Selling General And Administration": 388152000.0,
        "Selling And Marketing Expense": 290597000.0,
        "General And Administrative Expense": 97555000.0,
        "Other Gand A": 97555000.0,
        "Salaries And Wages": NaN,
        "Gross Profit": 598283000.0,
        "Cost Of Revenue": 156537000.0,
        "Total Revenue": 754820000.0,
        "Operating Revenue": 754820000.0
    }
}