{
    "2023-03-31": {
        "Tax Effect Of Unusual Items": NaN,
        "Tax Rate For Calcs": NaN,
        "Normalized EBITDA": NaN,
        "Total Unusual Items": NaN,
        "Total Unusual Items Excluding Goodwill": NaN,
        "Net Income From Continuing Operation Net Minority Interest": NaN,
        "Reconciled Depreciation": NaN,
        "Reconciled Cost Of Revenue": NaN,
        "EBITDA": NaN,
        "EBIT": NaN,
        "Net Interest Income": NaN,
        "Interest Expense": NaN,
        "Normalized Income": NaN,
        "Net Income From Continuing And Discontinued Operation": NaN,
        "Total Expenses": NaN,
        "Total Operating Income As Reported": NaN,
        "Diluted Average Shares": 13194859.0,
        "Basic Average Shares": 13194859.0,
        "Diluted EPS": -3.19,
        "Basic EPS": -3.19,
        "Diluted NI Availto Com Stockholders": NaN,
        "Net Income Common Stockholders": NaN,
        "Net Income": NaN,
        "Net Income Including Noncontrolling Interests": NaN,
        "Net Income Discontinuous Operations": NaN,
        "Net Income Continuous Operations": NaN,
        "Tax Provision": NaN,
        "Pretax Income": NaN,
        "Other Income Expense": NaN,
        "Special Income Charges": -181000.0,
        "Gain On Sale Of Ppe": NaN,
        "Gain On Sale Of Business": NaN,
        "Impairment Of Capital Assets": 181000.0,
        "Gain On Sale Of Security": NaN,
        "Net Non Operating Interest Income Expense": NaN,
        "Interest Expense Non Operating": NaN,
        "Operating Income": NaN,
        "Operating Expense": NaN,
        "Other Operating Expenses": NaN,
        "Selling General And Administration": 40569000.0,
        "General And Administrative Expense": 40569000.0,
        "Salaries And Wages": 40569000.0,
        "Gross Profit": NaN,
        "Cost Of Revenue": NaN,
        "Total Revenue": NaN,
        "Operating Revenue": NaN
    },
    "2022-12-31": {
        "Tax Effect Of Unusual Items": NaN,
        "Tax Rate For Calcs": NaN,
        "Normalized EBITDA": NaN,
        "Total Unusual Items": NaN,
        "Total Unusual Items Excluding Goodwill": NaN,
        "Net Income From Continuing Operation Net Minority Interest": NaN,
        "Reconciled Depreciation": NaN,
        "Reconciled Cost Of Revenue": NaN,
        "EBITDA": NaN,
        "EBIT": NaN,
        "Net Interest Income": NaN,
        "Interest Expense": NaN,
        "Normalized Income": NaN,
        "Net Income From Continuing And Discontinued Operation": NaN,
        "Total Expenses": NaN,
        "Total Operating Income As Reported": NaN,
        "Diluted Average Shares": NaN,
        "Basic Average Shares": NaN,
        "Diluted EPS": NaN,
        "Basic EPS": NaN,
        "Diluted NI Availto Com Stockholders": NaN,
        "Net Income Common Stockholders": NaN,
        "Net Income": NaN,
        "Net Income Including Noncontrolling Interests": NaN,
        "Net Income Discontinuous Operations": NaN,
        "Net Income Continuous Operations": NaN,
        "Tax Provision": NaN,
        "Pretax Income": NaN,
        "Other Income Expense": NaN,
        "Special Income Charges": NaN,
        "Gain On Sale Of Ppe": NaN,
        "Gain On Sale Of Business": NaN,
        "Impairment Of Capital Assets": NaN,
        "Gain On Sale Of Security": NaN,
        "Net Non Operating Interest Income Expense": NaN,
        "Interest Expense Non Operating": NaN,
        "Operating Income": NaN,
        "Operating Expense": NaN,
        "Other Operating Expenses": NaN,
        "Selling General And Administration": 48432000.0,
        "General And Administrative Expense": 48432000.0,
        "Salaries And Wages": 48432000.0,
        "Gross Profit": NaN,
        "Cost Of Revenue": NaN,
        "Total Revenue": NaN,
        "Operating Revenue": NaN
    },
    "2022-09-30": {
        "Tax Effect Of Unusual Items": NaN,
        "Tax Rate For Calcs": NaN,
        "Normalized EBITDA": NaN,
        "Total Unusual Items": NaN,
        "Total Unusual Items Excluding Goodwill": NaN,
        "Net Income From Continuing Operation Net Minority Interest": NaN,
        "Reconciled Depreciation": NaN,
        "Reconciled Cost Of Revenue": NaN,
        "EBITDA": NaN,
        "EBIT": NaN,
        "Net Interest Income": NaN,
        "Interest Expense": NaN,
        "Normalized Income": NaN,
        "Net Income From Continuing And Discontinued Operation": NaN,
        "Total Expenses": NaN,
        "Total Operating Income As Reported": NaN,
        "Diluted Average Shares": 13072471.0,
        "Basic Average Shares": 13072471.0,
        "Diluted EPS": -6.43,
        "Basic EPS": -6.43,
        "Diluted NI Availto Com Stockholders": NaN,
        "Net Income Common Stockholders": NaN,
        "Net Income": NaN,
        "Net Income Including Noncontrolling Interests": NaN,
        "Net Income Discontinuous Operations": -45209000.0,
        "Net Income Continuous Operations": NaN,
        "Tax Provision": NaN,
        "Pretax Income": NaN,
        "Other Income Expense": NaN,
        "Special Income Charges": NaN,
        "Gain On Sale Of Ppe": NaN,
        "Gain On Sale Of Business": NaN,
        "Impairment Of Capital Assets": NaN,
        "Gain On Sale Of Security": NaN,
        "Net Non Operating Interest Income Expense": NaN,
        "Interest Expense Non Operating": NaN,
        "Operating Income": NaN,
        "Operating Expense": NaN,
        "Other Operating Expenses": NaN,
        "Selling General And Administration": 60481000.0,
        "General And Administrative Expense": 60481000.0,
        "Salaries And Wages": 60481000.0,
        "Gross Profit": NaN,
        "Cost Of Revenue": NaN,
        "Total Revenue": NaN,
        "Operating Revenue": NaN
    },
    "2022-06-30": {
        "Tax Effect Of Unusual Items": 2077200.0,
        "Tax Rate For Calcs": 0.4,
        "Normalized EBITDA": -55473000.0,
        "Total Unusual Items": 5193000.0,
        "Total Unusual Items Excluding Goodwill": 5193000.0,
        "Net Income From Continuing Operation Net Minority Interest": -58652000.0,
        "Reconciled Depreciation": 3747000.0,
        "Reconciled Cost Of Revenue": 74638000.0,
        "EBITDA": -50280000.0,
        "EBIT": -54027000.0,
        "Net Interest Income": -4489000.0,
        "Interest Expense": 4489000.0,
        "Normalized Income": -61767800.0,
        "Net Income From Continuing And Discontinued Operation": -58652000.0,
        "Total Expenses": 182964000.0,
        "Total Operating Income As Reported": -59220000.0,
        "Diluted Average Shares": 12994869.0,
        "Basic Average Shares": 12994869.0,
        "Diluted EPS": -4.51,
        "Basic EPS": -4.51,
        "Diluted NI Availto Com Stockholders": -58652000.0,
        "Net Income Common Stockholders": -58652000.0,
        "Net Income": -58652000.0,
        "Net Income Including Noncontrolling Interests": -58652000.0,
        "Net Income Continuous Operations": -58652000.0,
        "Tax Provision": 136000.0,
        "Pretax Income": -58516000.0,
        "Other Income Expense": 5193000.0,
        "Special Income Charges": NaN,
        "Gain On Sale Of Ppe": NaN,
        "Gain On Sale Of Business": NaN,
        "Impairment Of Capital Assets": NaN,
        "Gain On Sale Of Security": 5193000.0,
        "Net Non Operating Interest Income Expense": -4489000.0,
        "Interest Expense Non Operating": 4489000.0,
        "Operating Income": -59220000.0,
        "Operating Expense": 108326000.0,
        "Other Operating Expenses": 35093000.0,
        "Selling General And Administration": 73233000.0,
        "General And Administrative Expense": 73233000.0,
        "Salaries And Wages": 73233000.0,
        "Gross Profit": 49106000.0,
        "Cost Of Revenue": 74638000.0,
        "Total Revenue": 123744000.0,
        "Operating Revenue": 123744000.0
    },
    "2022-03-31": {
        "Diluted EPS": -3.75,
        "Total Revenue": 112,
        "Gross Profit": 52,
        "Operating Income": -60,
        "EBIT": -55,
        "Net Income": -50
    },
    "2021-12-31": {
        "Diluted EPS": 0.0,
        "Total Revenue": 138,
        "Gross Profit": 66,
        "Operating Income": -50,
        "EBIT": -46,
        "Net Income": -44
    },
    "2021-09-30": {
        "Diluted EPS": -3.5,
        "Total Revenue": 163,
        "Gross Profit": 71,
        "Operating Income": -25,
        "EBIT": -22,
        "Net Income": -34
    },
    "2021-06-30": {
        "Diluted EPS": -8.25,
        "Total Revenue": 130,
        "Gross Profit": 65,
        "Operating Income": -19,
        "EBIT": -15,
        "Net Income": -23
    },
    "2021-03-31": {
        "Diluted EPS": -4.25,
        "Total Revenue": 128,
        "Gross Profit": 57,
        "Operating Income": -8,
        "EBIT": -5,
        "Net Income": -12
    },
    "2020-12-31": {
        "Diluted EPS": -12.5,
        "Total Revenue": 289,
        "Gross Profit": 136,
        "Operating Income": -10,
        "EBIT": -7,
        "Net Income": -31
    },
    "2020-09-30": {
        "Diluted EPS": -1.5,
        "Total Revenue": 121,
        "Gross Profit": 54,
        "Operating Income": -2,
        "EBIT": -2,
        "Net Income": -4
    },
    "2020-06-30": {
        "Diluted EPS": 0.0,
        "Total Revenue": NaN,
        "Gross Profit": NaN,
        "Operating Income": 0,
        "EBIT": 0,
        "Net Income": 0
    },
    "2020-03-31": {
        "Diluted EPS": 0.0,
        "Total Revenue": NaN,
        "Gross Profit": NaN,
        "Operating Income": 0,
        "EBIT": 0,
        "Net Income": 0
    },
    "2019-12-31": {
        "Diluted EPS": 0.0,
        "Total Revenue": NaN,
        "Gross Profit": NaN,
        "Operating Income": NaN,
        "EBIT": NaN,
        "Net Income": NaN
    },
    "2023-06-30": {
        "Tax Effect Of Unusual Items": -69930.0,
        "Tax Rate For Calcs": 0.21,
        "Normalized EBITDA": -15672000.0,
        "Total Unusual Items": -333000.0,
        "Total Unusual Items Excluding Goodwill": -333000.0,
        "Net Income From Continuing Operation Net Minority Interest": -24253000.0,
        "Reconciled Depreciation": 3071000.0,
        "Reconciled Cost Of Revenue": 82204000.0,
        "EBITDA": -16005000.0,
        "EBIT": -19076000.0,
        "Net Interest Income": -5021000.0,
        "Interest Expense": 5021000.0,
        "Normalized Income": -23989930.0,
        "Net Income From Continuing And Discontinued Operation": -35877000.0,
        "Total Expenses": 100022000.0,
        "Total Operating Income As Reported": -19184000.0,
        "Diluted Average Shares": 13324215.0,
        "Basic Average Shares": 13324215.0,
        "Diluted EPS": -2.69,
        "Basic EPS": -2.69,
        "Diluted NI Availto Com Stockholders": -35877000.0,
        "Net Income Common Stockholders": -35877000.0,
        "Net Income": -35877000.0,
        "Net Income Including Noncontrolling Interests": -35877000.0,
        "Net Income Discontinuous Operations": -11624000.0,
        "Net Income Continuous Operations": -24253000.0,
        "Tax Provision": 156000.0,
        "Pretax Income": -24097000.0,
        "Other Income Expense": -333000.0,
        "Special Income Charges": -441000.0,
        "Gain On Sale Of Ppe": 3825000.0,
        "Gain On Sale Of Business": -11591000.0,
        "Impairment Of Capital Assets": 441000.0,
        "Gain On Sale Of Security": 108000.0,
        "Net Non Operating Interest Income Expense": -5021000.0,
        "Interest Expense Non Operating": 5021000.0,
        "Operating Income": -18743000.0,
        "Operating Expense": 17818000.0,
        "Other Operating Expenses": 17818000.0,
        "Selling General And Administration": 27622000.0,
        "General And Administrative Expense": 27622000.0,
        "Salaries And Wages": 27622000.0,
        "Gross Profit": -925000.0,
        "Cost Of Revenue": 82204000.0,
        "Total Revenue": 81279000.0,
        "Operating Revenue": 81279000.0
    },
    "2023-09-30": {
        "Tax Effect Of Unusual Items": -148890.0,
        "Tax Rate For Calcs": 0.21,
        "Normalized EBITDA": -12862000.0,
        "Total Unusual Items": -709000.0,
        "Total Unusual Items Excluding Goodwill": -709000.0,
        "Net Income From Continuing Operation Net Minority Interest": -22239000.0,
        "Reconciled Depreciation": 3019000.0,
        "Reconciled Cost Of Revenue": 76336000.0,
        "EBITDA": -13571000.0,
        "EBIT": -16590000.0,
        "Net Interest Income": -5495000.0,
        "Interest Expense": 5495000.0,
        "Normalized Income": -21678890.0,
        "Net Income From Continuing And Discontinued Operation": -25626000.0,
        "Total Expenses": 92121000.0,
        "Total Operating Income As Reported": -16853000.0,
        "Diluted Average Shares": 13395010.0,
        "Basic Average Shares": 13395010.0,
        "Diluted EPS": -1.91,
        "Basic EPS": -1.91,
        "Diluted NI Availto Com Stockholders": -25626000.0,
        "Net Income Common Stockholders": -25626000.0,
        "Net Income": -25626000.0,
        "Net Income Including Noncontrolling Interests": -25626000.0,
        "Net Income Discontinuous Operations": -3387000.0,
        "Net Income Continuous Operations": -22239000.0,
        "Tax Provision": 154000.0,
        "Pretax Income": -22085000.0,
        "Other Income Expense": -709000.0,
        "Special Income Charges": -972000.0,
        "Gain On Sale Of Ppe": NaN,
        "Gain On Sale Of Business": NaN,
        "Impairment Of Capital Assets": 972000.0,
        "Gain On Sale Of Security": 263000.0,
        "Net Non Operating Interest Income Expense": -5495000.0,
        "Interest Expense Non Operating": 5495000.0,
        "Operating Income": -15881000.0,
        "Operating Expense": 15785000.0,
        "Other Operating Expenses": 15785000.0,
        "Selling General And Administration": NaN,
        "General And Administrative Expense": NaN,
        "Salaries And Wages": NaN,
        "Gross Profit": -96000.0,
        "Cost Of Revenue": 76336000.0,
        "Total Revenue": 76240000.0,
        "Operating Revenue": 76240000.0
    },
    "2023-12-31": {
        "Tax Effect Of Unusual Items": -3990.0,
        "Tax Rate For Calcs": 0.21,
        "Normalized EBITDA": -8628000.0,
        "Total Unusual Items": -19000.0,
        "Total Unusual Items Excluding Goodwill": -19000.0,
        "Net Income From Continuing Operation Net Minority Interest": -17563000.0,
        "Reconciled Depreciation": 3018000.0,
        "Reconciled Cost Of Revenue": 80766000.0,
        "EBITDA": -8647000.0,
        "EBIT": -11665000.0,
        "Net Interest Income": -5836000.0,
        "Interest Expense": 5836000.0,
        "Normalized Income": -17547990.0,
        "Net Income From Continuing And Discontinued Operation": -20788000.0,
        "Total Expenses": 96258000.0,
        "Total Operating Income As Reported": -11732000.0,
        "Diluted Average Shares": NaN,
        "Basic Average Shares": NaN,
        "Diluted EPS": NaN,
        "Basic EPS": NaN,
        "Diluted NI Availto Com Stockholders": -20788000.0,
        "Net Income Common Stockholders": -20788000.0,
        "Net Income": -20788000.0,
        "Net Income Including Noncontrolling Interests": -20788000.0,
        "Net Income Discontinuous Operations": -3225000.0,
        "Net Income Continuous Operations": -17563000.0,
        "Tax Provision": 62000.0,
        "Pretax Income": -17501000.0,
        "Other Income Expense": -19000.0,
        "Special Income Charges": -86000.0,
        "Gain On Sale Of Ppe": NaN,
        "Gain On Sale Of Business": NaN,
        "Impairment Of Capital Assets": 86000.0,
        "Gain On Sale Of Security": 67000.0,
        "Net Non Operating Interest Income Expense": -5836000.0,
        "Interest Expense Non Operating": 5836000.0,
        "Operating Income": -11646000.0,
        "Operating Expense": 15492000.0,
        "Other Operating Expenses": 15492000.0,
        "Selling General And Administration": NaN,
        "General And Administrative Expense": NaN,
        "Salaries And Wages": NaN,
        "Gross Profit": 3846000.0,
        "Cost Of Revenue": 80766000.0,
        "Total Revenue": 84612000.0,
        "Operating Revenue": 84612000.0
    },
    "2024-03-31": {
        "Tax Effect Of Unusual Items": -7170.0,
        "Tax Rate For Calcs": 0.03,
        "Normalized EBITDA": -10137000.0,
        "Total Unusual Items": -239000.0,
        "Total Unusual Items Excluding Goodwill": -239000.0,
        "Net Income From Continuing Operation Net Minority Interest": -19474000.0,
        "Reconciled Depreciation": 2998000.0,
        "Reconciled Cost Of Revenue": 67006000.0,
        "EBITDA": -10376000.0,
        "EBIT": -13374000.0,
        "Net Interest Income": -6604000.0,
        "Interest Expense": 6604000.0,
        "Normalized Income": -19242170.0,
        "Net Income From Continuing And Discontinued Operation": -20551000.0,
        "Total Expenses": 79202000.0,
        "Total Operating Income As Reported": -13135000.0,
        "Diluted Average Shares": 13736176.0,
        "Basic Average Shares": 13736176.0,
        "Diluted EPS": -1.5,
        "Basic EPS": -1.5,
        "Diluted NI Availto Com Stockholders": -20551000.0,
        "Net Income Common Stockholders": -20551000.0,
        "Net Income": -20551000.0,
        "Net Income Including Noncontrolling Interests": -20551000.0,
        "Net Income Discontinuous Operations": -1077000.0,
        "Net Income Continuous Operations": -19474000.0,
        "Tax Provision": -504000.0,
        "Pretax Income": -19978000.0,
        "Other Income Expense": -239000.0,
        "Special Income Charges": NaN,
        "Gain On Sale Of Ppe": NaN,
        "Gain On Sale Of Business": NaN,
        "Impairment Of Capital Assets": NaN,
        "Gain On Sale Of Security": -239000.0,
        "Net Non Operating Interest Income Expense": -6604000.0,
        "Interest Expense Non Operating": 6604000.0,
        "Operating Income": -13135000.0,
        "Operating Expense": 12196000.0,
        "Other Operating Expenses": 12196000.0,
        "Selling General And Administration": NaN,
        "General And Administrative Expense": NaN,
        "Salaries And Wages": NaN,
        "Gross Profit": -939000.0,
        "Cost Of Revenue": 67006000.0,
        "Total Revenue": 66067000.0,
        "Operating Revenue": 66067000.0
    },
    "2024-06-30": {
        "Tax Effect Of Unusual Items": -13860.0,
        "Tax Rate For Calcs": 0.21,
        "Normalized EBITDA": -7974000.0,
        "Total Unusual Items": -66000.0,
        "Total Unusual Items Excluding Goodwill": -66000.0,
        "Net Income From Continuing Operation Net Minority Interest": -19008000.0,
        "Reconciled Depreciation": 3074000.0,
        "Reconciled Cost Of Revenue": 75346000.0,
        "EBITDA": -8040000.0,
        "EBIT": -11114000.0,
        "Net Interest Income": -7838000.0,
        "Interest Expense": 7838000.0,
        "Normalized Income": -18955860.0,
        "Net Income From Continuing And Discontinued Operation": -20397000.0,
        "Total Expenses": 88694000.0,
        "Total Operating Income As Reported": -11048000.0,
        "Diluted Average Shares": 13992669.0,
        "Basic Average Shares": 13992669.0,
        "Diluted EPS": -1.46,
        "Basic EPS": -1.46,
        "Diluted NI Availto Com Stockholders": -20397000.0,
        "Net Income Common Stockholders": -20397000.0,
        "Net Income": -20397000.0,
        "Net Income Including Noncontrolling Interests": -20397000.0,
        "Net Income Discontinuous Operations": -1389000.0,
        "Net Income Continuous Operations": -19008000.0,
        "Tax Provision": 56000.0,
        "Pretax Income": -18952000.0,
        "Other Income Expense": -66000.0,
        "Special Income Charges": 0.0,
        "Gain On Sale Of Ppe": NaN,
        "Gain On Sale Of Business": NaN,
        "Impairment Of Capital Assets": 0.0,
        "Gain On Sale Of Security": -66000.0,
        "Net Non Operating Interest Income Expense": -7838000.0,
        "Interest Expense Non Operating": 7838000.0,
        "Operating Income": -11048000.0,
        "Operating Expense": 13348000.0,
        "Other Operating Expenses": 13348000.0,
        "Selling General And Administration": NaN,
        "General And Administrative Expense": NaN,
        "Salaries And Wages": NaN,
        "Gross Profit": 2300000.0,
        "Cost Of Revenue": 75346000.0,
        "Total Revenue": 77646000.0,
        "Operating Revenue": 77646000.0
    }
}