{
    "2023-03-31": {
        "Tax Effect Of Unusual Items": -822417.132509,
        "Tax Rate For Calcs": 0.223604,
        "Normalized EBITDA": 97640000.0,
        "Total Unusual Items": -3678000.0,
        "Total Unusual Items Excluding Goodwill": -3678000.0,
        "Net Income From Continuing Operation Net Minority Interest": 38491000.0,
        "Reconciled Depreciation": 28906000.0,
        "Reconciled Cost Of Revenue": 555493000.0,
        "EBIT": 65056000.0,
        "Net Interest Income": -14252000.0,
        "Interest Expense": 14252000.0,
        "Normalized Income": 41346582.867491,
        "Net Income From Continuing And Discontinued Operation": 38491000.0,
        "Total Expenses": 657198000.0,
        "Total Operating Income As Reported": 65108000.0,
        "Diluted Average Shares": 22480233.0,
        "Basic Average Shares": 22183068.0,
        "Diluted EPS": 1.71,
        "Basic EPS": 1.74,
        "Diluted NI Availto Com Stockholders": 38491000.0,
        "Net Income Common Stockholders": 38491000.0,
        "Net Income": 38491000.0,
        "Minority Interests": -953000.0,
        "Net Income Including Noncontrolling Interests": 39444000.0,
        "Net Income Continuous Operations": 39444000.0,
        "Tax Provision": 11360000.0,
        "Pretax Income": 50804000.0,
        "Other Income Expense": -3730000.0,
        "Other Non Operating Income Expenses": -52000.0,
        "Special Income Charges": -3678000.0,
        "Gain On Sale Of Business": NaN,
        "Write Off": NaN,
        "Impairment Of Capital Assets": NaN,
        "Restructuring And Mergern Acquisition": 3678000.0,
        "Net Non Operating Interest Income Expense": -14252000.0,
        "Total Other Finance Cost": NaN,
        "Interest Expense Non Operating": 14252000.0,
        "Operating Income": 68786000.0,
        "Operating Expense": 101705000.0,
        "Selling General And Administration": 101705000.0,
        "Gross Profit": 170491000.0,
        "Cost Of Revenue": 555493000.0,
        "Total Revenue": 725984000.0,
        "Operating Revenue": 725984000.0
    },
    "2022-12-31": {
        "Tax Effect Of Unusual Items": -813216.230086,
        "Tax Rate For Calcs": 0.27335,
        "Normalized EBITDA": 81180000.0,
        "Total Unusual Items": -2975000.0,
        "Total Unusual Items Excluding Goodwill": -2975000.0,
        "Net Income From Continuing Operation Net Minority Interest": 31099000.0,
        "Reconciled Depreciation": 23154000.0,
        "Reconciled Cost Of Revenue": 532993000.0,
        "EBIT": 55051000.0,
        "Net Interest Income": -10233000.0,
        "Interest Expense": 10233000.0,
        "Normalized Income": 33260783.769914,
        "Net Income From Continuing And Discontinued Operation": 31099000.0,
        "Total Expenses": 621341000.0,
        "Total Operating Income As Reported": 51654000.0,
        "Diluted Average Shares": 22484901.0,
        "Basic Average Shares": 22256398.0,
        "Diluted EPS": 1.38,
        "Basic EPS": 1.4,
        "Diluted NI Availto Com Stockholders": 31099000.0,
        "Net Income Common Stockholders": 31099000.0,
        "Net Income": 31099000.0,
        "Minority Interests": -1468000.0,
        "Net Income Including Noncontrolling Interests": 32567000.0,
        "Net Income Continuous Operations": 32567000.0,
        "Tax Provision": 12251000.0,
        "Pretax Income": 44818000.0,
        "Other Income Expense": 422000.0,
        "Other Non Operating Income Expenses": 3397000.0,
        "Special Income Charges": -2975000.0,
        "Gain On Sale Of Business": -850000.0,
        "Write Off": NaN,
        "Impairment Of Capital Assets": 0.0,
        "Restructuring And Mergern Acquisition": 2125000.0,
        "Net Non Operating Interest Income Expense": -10233000.0,
        "Total Other Finance Cost": NaN,
        "Interest Expense Non Operating": 10233000.0,
        "Operating Income": 54629000.0,
        "Operating Expense": 88348000.0,
        "Selling General And Administration": 88348000.0,
        "Gross Profit": 142977000.0,
        "Cost Of Revenue": 532993000.0,
        "Total Revenue": 675970000.0,
        "Operating Revenue": 675970000.0
    },
    "2022-09-30": {
        "Tax Effect Of Unusual Items": 31136.438415,
        "Tax Rate For Calcs": 0.220826,
        "Normalized EBITDA": 106000000.0,
        "Total Unusual Items": 141000.0,
        "Total Unusual Items Excluding Goodwill": 141000.0,
        "Net Income From Continuing Operation Net Minority Interest": 57037000.0,
        "Reconciled Depreciation": 21717000.0,
        "Reconciled Cost Of Revenue": 560442000.0,
        "EBIT": 84424000.0,
        "Net Interest Income": -10266000.0,
        "Interest Expense": 10266000.0,
        "Normalized Income": 56927136.438415,
        "Net Income From Continuing And Discontinued Operation": 57037000.0,
        "Total Expenses": 643132000.0,
        "Total Operating Income As Reported": 84635000.0,
        "Diluted Average Shares": 22491874.0,
        "Basic Average Shares": 22267684.0,
        "Diluted EPS": 2.54,
        "Basic EPS": 2.56,
        "Diluted NI Availto Com Stockholders": 57037000.0,
        "Net Income Common Stockholders": 57037000.0,
        "Net Income": 57037000.0,
        "Minority Interests": -745000.0,
        "Net Income Including Noncontrolling Interests": 57782000.0,
        "Net Income Continuous Operations": 57782000.0,
        "Tax Provision": 16376000.0,
        "Pretax Income": 74158000.0,
        "Other Income Expense": -70000.0,
        "Other Non Operating Income Expenses": -211000.0,
        "Special Income Charges": 141000.0,
        "Gain On Sale Of Business": 0.0,
        "Write Off": 0.0,
        "Impairment Of Capital Assets": NaN,
        "Restructuring And Mergern Acquisition": -141000.0,
        "Net Non Operating Interest Income Expense": -10266000.0,
        "Total Other Finance Cost": NaN,
        "Interest Expense Non Operating": 10266000.0,
        "Operating Income": 84494000.0,
        "Operating Expense": 82690000.0,
        "Selling General And Administration": 82690000.0,
        "Gross Profit": 167184000.0,
        "Cost Of Revenue": 560442000.0,
        "Total Revenue": 727626000.0,
        "Operating Revenue": 727626000.0
    },
    "2022-06-30": {
        "Tax Effect Of Unusual Items": 15167.596776,
        "Tax Rate For Calcs": 0.248649,
        "Normalized EBITDA": 89555000.0,
        "Total Unusual Items": 61000.0,
        "Total Unusual Items Excluding Goodwill": 61000.0,
        "Net Income From Continuing Operation Net Minority Interest": 58515000.0,
        "Reconciled Depreciation": 21540000.0,
        "Reconciled Cost Of Revenue": 582389000.0,
        "EBIT": 89616000.0,
        "Net Interest Income": -10593000.0,
        "Interest Expense": 10593000.0,
        "Normalized Income": 58469167.596776,
        "Net Income From Continuing And Discontinued Operation": 58515000.0,
        "Total Expenses": 672719000.0,
        "Total Operating Income As Reported": 89216000.0,
        "Diluted Average Shares": 22704953.0,
        "Basic Average Shares": 22525333.0,
        "Diluted EPS": 2.58,
        "Basic EPS": 2.6,
        "Diluted NI Availto Com Stockholders": 58515000.0,
        "Net Income Common Stockholders": 58515000.0,
        "Net Income": 58515000.0,
        "Minority Interests": -859000.0,
        "Net Income Including Noncontrolling Interests": 59374000.0,
        "Net Income Continuous Operations": 59374000.0,
        "Tax Provision": 19649000.0,
        "Pretax Income": 79023000.0,
        "Other Income Expense": 461000.0,
        "Other Non Operating Income Expenses": 400000.0,
        "Special Income Charges": 61000.0,
        "Gain On Sale Of Business": 0.0,
        "Write Off": NaN,
        "Impairment Of Capital Assets": 0.0,
        "Restructuring And Mergern Acquisition": -61000.0,
        "Net Non Operating Interest Income Expense": -10593000.0,
        "Total Other Finance Cost": 10593000.0,
        "Interest Expense Non Operating": 10593000.0,
        "Operating Income": 89155000.0,
        "Operating Expense": 90330000.0,
        "Selling General And Administration": 90330000.0,
        "Gross Profit": 179485000.0,
        "Cost Of Revenue": 582389000.0,
        "Total Revenue": 761874000.0,
        "Operating Revenue": 761874000.0
    },
    "2022-03-31": {
        "Diluted EPS": 2.89,
        "Total Revenue": 726,
        "Gross Profit": 184,
        "Operating Income": 101,
        "EBIT": 123,
        "Net Income": 68
    },
    "2021-12-31": {
        "Diluted EPS": -0.99,
        "Total Revenue": 636,
        "Gross Profit": 135,
        "Operating Income": 9,
        "EBIT": 31,
        "Net Income": -25
    },
    "2021-09-30": {
        "Diluted EPS": 1.54,
        "Total Revenue": 652,
        "Gross Profit": 154,
        "Operating Income": 76,
        "EBIT": 99,
        "Net Income": 38
    },
    "2021-06-30": {
        "Diluted EPS": 1.41,
        "Total Revenue": 662,
        "Gross Profit": 164,
        "Operating Income": 61,
        "EBIT": 84,
        "Net Income": 35
    },
    "2021-03-31": {
        "Diluted EPS": 1.89,
        "Total Revenue": 646,
        "Gross Profit": 159,
        "Operating Income": 73,
        "EBIT": 97,
        "Net Income": 47
    },
    "2020-12-31": {
        "Diluted EPS": 1.09,
        "Total Revenue": 619,
        "Gross Profit": 142,
        "Operating Income": 44,
        "EBIT": 67,
        "Net Income": 27
    },
    "2020-09-30": {
        "Diluted EPS": -0.89,
        "Total Revenue": 588,
        "Gross Profit": 160,
        "Operating Income": -11,
        "EBIT": 12,
        "Net Income": -22
    },
    "2020-06-30": {
        "Diluted EPS": 1.38,
        "Total Revenue": 500,
        "Gross Profit": 136,
        "Operating Income": 60,
        "EBIT": 82,
        "Net Income": 34
    },
    "2020-03-31": {
        "Diluted EPS": 1.19,
        "Total Revenue": 551,
        "Gross Profit": 134,
        "Operating Income": 52,
        "EBIT": 74,
        "Net Income": 30
    },
    "2019-12-31": {
        "Diluted EPS": 0.05,
        "Total Revenue": 531,
        "Gross Profit": 111,
        "Operating Income": 22,
        "EBIT": 47,
        "Net Income": 2
    },
    "2019-09-30": {
        "Diluted EPS": 0.59,
        "Total Revenue": 552,
        "Gross Profit": 126,
        "Operating Income": 46,
        "EBIT": 69,
        "Net Income": 15
    },
    "2019-06-30": {
        "Diluted EPS": 0.96,
        "Total Revenue": 563,
        "Gross Profit": 129,
        "Operating Income": 46,
        "EBIT": 72,
        "Net Income": 24
    },
    "2019-03-31": {
        "Diluted EPS": 0.15,
        "Total Revenue": 530,
        "Gross Profit": 112,
        "Operating Income": 15,
        "EBIT": 41,
        "Net Income": 4
    },
    "2018-12-31": {
        "Diluted EPS": 0.47,
        "Total Revenue": 528,
        "Gross Profit": 95,
        "Operating Income": 27,
        "EBIT": 50,
        "Net Income": 12
    },
    "2018-09-30": {
        "Diluted EPS": 0.89,
        "Total Revenue": 557,
        "Gross Profit": 111,
        "Operating Income": 46,
        "EBIT": 69,
        "Net Income": 25
    },
    "2018-06-30": {
        "Diluted EPS": 1.24,
        "Total Revenue": 567,
        "Gross Profit": 124,
        "Operating Income": 52,
        "EBIT": 73,
        "Net Income": 35
    },
    "2018-03-31": {
        "Diluted EPS": 0.73,
        "Total Revenue": 518,
        "Gross Profit": 105,
        "Operating Income": 37,
        "EBIT": 58,
        "Net Income": 21
    },
    "2017-12-31": {
        "Diluted EPS": 2.43,
        "Total Revenue": 509,
        "Gross Profit": 100,
        "Operating Income": 40,
        "EBIT": 61,
        "Net Income": 72
    },
    "2017-09-30": {
        "Diluted EPS": 1.0,
        "Total Revenue": 518,
        "Gross Profit": 104,
        "Operating Income": 44,
        "EBIT": 64,
        "Net Income": 29
    },
    "2017-06-30": {
        "Diluted EPS": 0.89,
        "Total Revenue": 520,
        "Gross Profit": 107,
        "Operating Income": 44,
        "EBIT": 65,
        "Net Income": 27
    },
    "2017-03-31": {
        "Diluted EPS": 0.77,
        "Total Revenue": 487,
        "Gross Profit": 96,
        "Operating Income": 30,
        "EBIT": 50,
        "Net Income": 24
    },
    "2016-12-31": {
        "Diluted EPS": 0.51,
        "Total Revenue": 481,
        "Gross Profit": 96,
        "Operating Income": 30,
        "EBIT": 49,
        "Net Income": 15
    },
    "2016-09-30": {
        "Diluted EPS": 1.03,
        "Total Revenue": 490,
        "Gross Profit": 104,
        "Operating Income": 46,
        "EBIT": 66,
        "Net Income": 32
    },
    "2016-06-30": {
        "Diluted EPS": 1.06,
        "Total Revenue": 514,
        "Gross Profit": 111,
        "Operating Income": 44,
        "EBIT": 65,
        "Net Income": 33
    },
    "2016-03-31": {
        "Diluted EPS": 0.57,
        "Total Revenue": 489,
        "Gross Profit": 98,
        "Operating Income": 33,
        "EBIT": 54,
        "Net Income": 18
    },
    "2015-12-31": {
        "Diluted EPS": -0.41,
        "Total Revenue": 485,
        "Gross Profit": 95,
        "Operating Income": -4,
        "EBIT": 18,
        "Net Income": -13
    },
    "2015-09-30": {
        "Diluted EPS": -0.54,
        "Total Revenue": 476,
        "Gross Profit": 88,
        "Operating Income": -12,
        "EBIT": 8,
        "Net Income": -16
    },
    "2015-06-30": {
        "Diluted EPS": 0.42,
        "Total Revenue": 476,
        "Gross Profit": 95,
        "Operating Income": 35,
        "EBIT": 55,
        "Net Income": 13
    },
    "2015-03-31": {
        "Diluted EPS": -1.03,
        "Total Revenue": 434,
        "Gross Profit": 73,
        "Operating Income": 13,
        "EBIT": 33,
        "Net Income": -31
    },
    "2014-12-31": {
        "Diluted EPS": -0.54,
        "Total Revenue": 449,
        "Gross Profit": 68,
        "Operating Income": -4,
        "EBIT": 16,
        "Net Income": -16
    },
    "2014-09-30": {
        "Diluted EPS": -0.34,
        "Total Revenue": 476,
        "Gross Profit": 66,
        "Operating Income": 2,
        "EBIT": 23,
        "Net Income": -10
    },
    "2014-06-30": {
        "Diluted EPS": 0.18,
        "Total Revenue": 490,
        "Gross Profit": 79,
        "Operating Income": 20,
        "EBIT": 40,
        "Net Income": 6
    },
    "2014-03-31": {
        "Diluted EPS": -0.56,
        "Total Revenue": 422,
        "Gross Profit": 53,
        "Operating Income": -6,
        "EBIT": 16,
        "Net Income": -17
    },
    "2013-12-31": {
        "Diluted EPS": -0.26,
        "Total Revenue": 420,
        "Gross Profit": 51,
        "Operating Income": -9,
        "EBIT": 9,
        "Net Income": -8
    },
    "2013-09-30": {
        "Diluted EPS": 0.12,
        "Total Revenue": 433,
        "Gross Profit": 59,
        "Operating Income": 6,
        "EBIT": 26,
        "Net Income": 4
    },
    "2013-06-30": {
        "Diluted EPS": -0.04,
        "Total Revenue": 453,
        "Gross Profit": 65,
        "Operating Income": 7,
        "EBIT": 27,
        "Net Income": -1
    },
    "2013-03-31": {
        "Diluted EPS": -0.21,
        "Total Revenue": 425,
        "Gross Profit": 50,
        "Operating Income": 2,
        "EBIT": 23,
        "Net Income": -6
    },
    "2012-12-31": {
        "Diluted EPS": -0.27,
        "Total Revenue": 418,
        "Gross Profit": 418,
        "Operating Income": 418,
        "EBIT": 438,
        "Net Income": -7
    },
    "2012-09-30": {
        "Diluted EPS": -0.36,
        "Total Revenue": 425,
        "Gross Profit": 55,
        "Operating Income": -1,
        "EBIT": -1,
        "Net Income": -10
    },
    "2012-06-30": {
        "Diluted EPS": -0.14,
        "Total Revenue": 433,
        "Gross Profit": 433,
        "Operating Income": 433,
        "EBIT": 433,
        "Net Income": -4
    },
    "2012-03-31": {
        "Diluted EPS": -0.07,
        "Total Revenue": 400,
        "Gross Profit": 47,
        "Operating Income": -2,
        "EBIT": 18,
        "Net Income": -2
    },
    "2011-12-31": {
        "Diluted EPS": 0.0,
        "Total Revenue": NaN,
        "Gross Profit": NaN,
        "Operating Income": NaN,
        "EBIT": NaN,
        "Net Income": NaN
    },
    "2010-12-31": {
        "Diluted EPS": 0.0,
        "Total Revenue": NaN,
        "Gross Profit": NaN,
        "Operating Income": NaN,
        "EBIT": NaN,
        "Net Income": NaN
    },
    "2023-06-30": {
        "Tax Effect Of Unusual Items": -706918.560785,
        "Tax Rate For Calcs": 0.230642,
        "Normalized EBITDA": 110194000.0,
        "Total Unusual Items": -3065000.0,
        "Total Unusual Items Excluding Goodwill": -3065000.0,
        "Net Income From Continuing Operation Net Minority Interest": 48245000.0,
        "Reconciled Depreciation": 30023000.0,
        "Reconciled Cost Of Revenue": 563517000.0,
        "EBIT": 77106000.0,
        "Net Interest Income": -13488000.0,
        "Interest Expense": 13488000.0,
        "Normalized Income": 50603081.439215,
        "Net Income From Continuing And Discontinued Operation": 48245000.0,
        "Total Expenses": 662263000.0,
        "Total Operating Income As Reported": 76556000.0,
        "Diluted Average Shares": 22349192.0,
        "Basic Average Shares": 22071667.0,
        "Diluted EPS": 2.16,
        "Basic EPS": 2.19,
        "Diluted NI Availto Com Stockholders": 48245000.0,
        "Net Income Common Stockholders": 48245000.0,
        "Net Income": 48245000.0,
        "Minority Interests": -700000.0,
        "Net Income Including Noncontrolling Interests": 48945000.0,
        "Net Income Continuous Operations": 48945000.0,
        "Tax Provision": 14673000.0,
        "Pretax Income": 63618000.0,
        "Other Income Expense": -2515000.0,
        "Other Non Operating Income Expenses": 550000.0,
        "Special Income Charges": -3065000.0,
        "Gain On Sale Of Business": NaN,
        "Write Off": NaN,
        "Impairment Of Capital Assets": NaN,
        "Restructuring And Mergern Acquisition": 3065000.0,
        "Net Non Operating Interest Income Expense": -13488000.0,
        "Total Other Finance Cost": NaN,
        "Interest Expense Non Operating": 13488000.0,
        "Operating Income": 79621000.0,
        "Operating Expense": 98746000.0,
        "Selling General And Administration": 98746000.0,
        "Gross Profit": 178367000.0,
        "Cost Of Revenue": 563517000.0,
        "Total Revenue": 741884000.0,
        "Operating Revenue": 741884000.0
    }
}