{
    "2023-03-31": {
        "Tax Effect Of Unusual Items": NaN,
        "Tax Rate For Calcs": NaN,
        "Normalized EBITDA": NaN,
        "Total Unusual Items": NaN,
        "Total Unusual Items Excluding Goodwill": NaN,
        "Net Income From Continuing Operation Net Minority Interest": NaN,
        "Reconciled Depreciation": NaN,
        "Reconciled Cost Of Revenue": NaN,
        "EBITDA": NaN,
        "EBIT": NaN,
        "Net Interest Income": NaN,
        "Interest Expense": 2938000.0,
        "Normalized Income": NaN,
        "Net Income From Continuing And Discontinued Operation": NaN,
        "Total Expenses": NaN,
        "Total Operating Income As Reported": NaN,
        "Diluted Average Shares": NaN,
        "Basic Average Shares": NaN,
        "Diluted EPS": NaN,
        "Basic EPS": NaN,
        "Diluted NI Availto Com Stockholders": NaN,
        "Average Dilution Earnings": NaN,
        "Net Income Common Stockholders": NaN,
        "Otherunder Preferred Stock Dividend": NaN,
        "Net Income": NaN,
        "Minority Interests": NaN,
        "Net Income Including Noncontrolling Interests": NaN,
        "Net Income Continuous Operations": NaN,
        "Tax Provision": NaN,
        "Pretax Income": NaN,
        "Other Income Expense": NaN,
        "Special Income Charges": NaN,
        "Gain On Sale Of Business": 0.0,
        "Restructuring And Mergern Acquisition": NaN,
        "Net Non Operating Interest Income Expense": NaN,
        "Total Other Finance Cost": NaN,
        "Interest Expense Non Operating": 2938000.0,
        "Operating Income": NaN,
        "Operating Expense": NaN,
        "Depreciation Amortization Depletion Income Statement": NaN,
        "Depreciation And Amortization In Income Statement": NaN,
        "Amortization": NaN,
        "Amortization Of Intangibles Income Statement": NaN,
        "Research And Development": NaN,
        "Selling General And Administration": NaN,
        "Gross Profit": NaN,
        "Cost Of Revenue": NaN,
        "Total Revenue": NaN,
        "Operating Revenue": NaN
    },
    "2022-12-31": {
        "Tax Effect Of Unusual Items": NaN,
        "Tax Rate For Calcs": NaN,
        "Normalized EBITDA": NaN,
        "Total Unusual Items": NaN,
        "Total Unusual Items Excluding Goodwill": NaN,
        "Net Income From Continuing Operation Net Minority Interest": NaN,
        "Reconciled Depreciation": NaN,
        "Reconciled Cost Of Revenue": NaN,
        "EBITDA": NaN,
        "EBIT": NaN,
        "Net Interest Income": NaN,
        "Interest Expense": NaN,
        "Normalized Income": NaN,
        "Net Income From Continuing And Discontinued Operation": NaN,
        "Total Expenses": NaN,
        "Total Operating Income As Reported": NaN,
        "Diluted Average Shares": NaN,
        "Basic Average Shares": NaN,
        "Diluted EPS": NaN,
        "Basic EPS": NaN,
        "Diluted NI Availto Com Stockholders": NaN,
        "Average Dilution Earnings": NaN,
        "Net Income Common Stockholders": NaN,
        "Otherunder Preferred Stock Dividend": NaN,
        "Net Income": NaN,
        "Minority Interests": NaN,
        "Net Income Including Noncontrolling Interests": NaN,
        "Net Income Continuous Operations": NaN,
        "Tax Provision": NaN,
        "Pretax Income": NaN,
        "Other Income Expense": -24536000.0,
        "Special Income Charges": NaN,
        "Gain On Sale Of Business": 0.0,
        "Restructuring And Mergern Acquisition": NaN,
        "Net Non Operating Interest Income Expense": NaN,
        "Total Other Finance Cost": NaN,
        "Interest Expense Non Operating": NaN,
        "Operating Income": NaN,
        "Operating Expense": NaN,
        "Depreciation Amortization Depletion Income Statement": NaN,
        "Depreciation And Amortization In Income Statement": NaN,
        "Amortization": NaN,
        "Amortization Of Intangibles Income Statement": NaN,
        "Research And Development": NaN,
        "Selling General And Administration": NaN,
        "Gross Profit": NaN,
        "Cost Of Revenue": NaN,
        "Total Revenue": NaN,
        "Operating Revenue": NaN
    },
    "2022-09-30": {
        "Tax Effect Of Unusual Items": NaN,
        "Tax Rate For Calcs": NaN,
        "Normalized EBITDA": NaN,
        "Total Unusual Items": NaN,
        "Total Unusual Items Excluding Goodwill": NaN,
        "Net Income From Continuing Operation Net Minority Interest": NaN,
        "Reconciled Depreciation": NaN,
        "Reconciled Cost Of Revenue": NaN,
        "EBITDA": NaN,
        "EBIT": NaN,
        "Net Interest Income": NaN,
        "Interest Expense": NaN,
        "Normalized Income": NaN,
        "Net Income From Continuing And Discontinued Operation": NaN,
        "Total Expenses": NaN,
        "Total Operating Income As Reported": NaN,
        "Diluted Average Shares": NaN,
        "Basic Average Shares": NaN,
        "Diluted EPS": NaN,
        "Basic EPS": NaN,
        "Diluted NI Availto Com Stockholders": NaN,
        "Average Dilution Earnings": NaN,
        "Net Income Common Stockholders": NaN,
        "Otherunder Preferred Stock Dividend": NaN,
        "Net Income": NaN,
        "Minority Interests": NaN,
        "Net Income Including Noncontrolling Interests": NaN,
        "Net Income Continuous Operations": NaN,
        "Tax Provision": NaN,
        "Pretax Income": NaN,
        "Other Income Expense": -17301000.0,
        "Special Income Charges": NaN,
        "Gain On Sale Of Business": 0.0,
        "Restructuring And Mergern Acquisition": NaN,
        "Net Non Operating Interest Income Expense": NaN,
        "Total Other Finance Cost": NaN,
        "Interest Expense Non Operating": NaN,
        "Operating Income": NaN,
        "Operating Expense": NaN,
        "Depreciation Amortization Depletion Income Statement": NaN,
        "Depreciation And Amortization In Income Statement": NaN,
        "Amortization": NaN,
        "Amortization Of Intangibles Income Statement": NaN,
        "Research And Development": NaN,
        "Selling General And Administration": NaN,
        "Gross Profit": NaN,
        "Cost Of Revenue": NaN,
        "Total Revenue": NaN,
        "Operating Revenue": NaN
    },
    "2022-06-30": {
        "Tax Effect Of Unusual Items": 0.0,
        "Tax Rate For Calcs": 0.205,
        "Normalized EBITDA": 242955000.0,
        "Total Unusual Items": 0.0,
        "Total Unusual Items Excluding Goodwill": 0.0,
        "Net Income From Continuing Operation Net Minority Interest": 128466000.0,
        "Reconciled Depreciation": 73641000.0,
        "Reconciled Cost Of Revenue": 691746000.0,
        "EBITDA": 242955000.0,
        "EBIT": 169314000.0,
        "Net Interest Income": -7811000.0,
        "Interest Expense": NaN,
        "Normalized Income": 128466000.0,
        "Net Income From Continuing And Discontinued Operation": 128466000.0,
        "Total Expenses": 990976000.0,
        "Total Operating Income As Reported": 169314000.0,
        "Diluted Average Shares": 122319000.0,
        "Basic Average Shares": 122319000.0,
        "Diluted EPS": 1.04,
        "Basic EPS": 1.05,
        "Diluted NI Availto Com Stockholders": 126548000.0,
        "Average Dilution Earnings": 8000.0,
        "Net Income Common Stockholders": 126540000.0,
        "Otherunder Preferred Stock Dividend": 1926000.0,
        "Net Income": 128466000.0,
        "Minority Interests": NaN,
        "Net Income Including Noncontrolling Interests": 128466000.0,
        "Net Income Continuous Operations": 128466000.0,
        "Tax Provision": 33037000.0,
        "Pretax Income": 161503000.0,
        "Other Income Expense": NaN,
        "Special Income Charges": 0.0,
        "Gain On Sale Of Business": 0.0,
        "Restructuring And Mergern Acquisition": NaN,
        "Net Non Operating Interest Income Expense": -7811000.0,
        "Total Other Finance Cost": 7811000.0,
        "Interest Expense Non Operating": NaN,
        "Operating Income": 169314000.0,
        "Operating Expense": 242762000.0,
        "Depreciation Amortization Depletion Income Statement": 17173000.0,
        "Depreciation And Amortization In Income Statement": 17173000.0,
        "Amortization": 17173000.0,
        "Amortization Of Intangibles Income Statement": 17173000.0,
        "Research And Development": 89479000.0,
        "Selling General And Administration": 136110000.0,
        "Gross Profit": 412076000.0,
        "Cost Of Revenue": 748214000.0,
        "Total Revenue": 1160290000.0,
        "Operating Revenue": 1160290000.0
    },
    "2023-06-30": {
        "Tax Effect Of Unusual Items": NaN,
        "Tax Rate For Calcs": NaN,
        "Normalized EBITDA": NaN,
        "Total Unusual Items": NaN,
        "Total Unusual Items Excluding Goodwill": NaN,
        "Net Income From Continuing Operation Net Minority Interest": NaN,
        "Reconciled Depreciation": NaN,
        "Reconciled Cost Of Revenue": NaN,
        "EBITDA": NaN,
        "EBIT": NaN,
        "Net Interest Income": NaN,
        "Interest Expense": 4421000.0,
        "Normalized Income": NaN,
        "Net Income From Continuing And Discontinued Operation": NaN,
        "Total Expenses": NaN,
        "Total Operating Income As Reported": NaN,
        "Diluted Average Shares": 118251000.0,
        "Basic Average Shares": 117420000.0,
        "Diluted EPS": 1.32,
        "Basic EPS": 1.33,
        "Diluted NI Availto Com Stockholders": NaN,
        "Average Dilution Earnings": NaN,
        "Net Income Common Stockholders": NaN,
        "Otherunder Preferred Stock Dividend": NaN,
        "Net Income": NaN,
        "Minority Interests": NaN,
        "Net Income Including Noncontrolling Interests": NaN,
        "Net Income Continuous Operations": NaN,
        "Tax Provision": NaN,
        "Pretax Income": NaN,
        "Other Income Expense": NaN,
        "Special Income Charges": NaN,
        "Gain On Sale Of Business": 0.0,
        "Restructuring And Mergern Acquisition": NaN,
        "Net Non Operating Interest Income Expense": NaN,
        "Total Other Finance Cost": 4421000.0,
        "Interest Expense Non Operating": 4421000.0,
        "Operating Income": NaN,
        "Operating Expense": NaN,
        "Depreciation Amortization Depletion Income Statement": NaN,
        "Depreciation And Amortization In Income Statement": NaN,
        "Amortization": NaN,
        "Amortization Of Intangibles Income Statement": NaN,
        "Research And Development": NaN,
        "Selling General And Administration": NaN,
        "Gross Profit": NaN,
        "Cost Of Revenue": NaN,
        "Total Revenue": NaN,
        "Operating Revenue": NaN
    },
    "2022-03-31": {
        "Diluted EPS": 1.28,
        "Total Revenue": NaN,
        "Gross Profit": 404,
        "Operating Income": 164,
        "EBIT": 214,
        "Net Income": 158
    },
    "2021-12-31": {
        "Diluted EPS": 1.07,
        "Total Revenue": NaN,
        "Gross Profit": 388,
        "Operating Income": 160,
        "EBIT": 211,
        "Net Income": 132
    },
    "2021-09-30": {
        "Diluted EPS": 0.99,
        "Total Revenue": NaN,
        "Gross Profit": 380,
        "Operating Income": 154,
        "EBIT": 206,
        "Net Income": 122
    },
    "2021-06-30": {
        "Diluted EPS": 1.14,
        "Total Revenue": NaN,
        "Gross Profit": 377,
        "Operating Income": 155,
        "EBIT": 211,
        "Net Income": 145
    },
    "2021-03-31": {
        "Diluted EPS": 0.91,
        "Total Revenue": NaN,
        "Gross Profit": 363,
        "Operating Income": 149,
        "EBIT": 199,
        "Net Income": 118
    },
    "2020-12-31": {
        "Diluted EPS": 2.28,
        "Total Revenue": NaN,
        "Gross Profit": 358,
        "Operating Income": 140,
        "EBIT": 192,
        "Net Income": 297
    },
    "2020-09-30": {
        "Diluted EPS": 1.02,
        "Total Revenue": NaN,
        "Gross Profit": 349,
        "Operating Income": 147,
        "EBIT": 201,
        "Net Income": 132
    },
    "2020-06-30": {
        "Diluted EPS": 0.9,
        "Total Revenue": NaN,
        "Gross Profit": 344,
        "Operating Income": 148,
        "EBIT": 194,
        "Net Income": 120
    },
    "2020-03-31": {
        "Diluted EPS": 0.94,
        "Total Revenue": NaN,
        "Gross Profit": 364,
        "Operating Income": 157,
        "EBIT": 206,
        "Net Income": 126
    },
    "2019-12-31": {
        "Diluted EPS": 0.85,
        "Total Revenue": NaN,
        "Gross Profit": 356,
        "Operating Income": 144,
        "EBIT": 193,
        "Net Income": 116
    },
    "2019-09-30": {
        "Diluted EPS": 0.89,
        "Total Revenue": NaN,
        "Gross Profit": 363,
        "Operating Income": 144,
        "EBIT": 195,
        "Net Income": 120
    },
    "2019-06-30": {
        "Diluted EPS": 0.96,
        "Total Revenue": NaN,
        "Gross Profit": 360,
        "Operating Income": 142,
        "EBIT": 196,
        "Net Income": 131
    },
    "2019-03-31": {
        "Diluted EPS": 0.9,
        "Total Revenue": NaN,
        "Gross Profit": 361,
        "Operating Income": 150,
        "EBIT": 201,
        "Net Income": 123
    },
    "2018-12-31": {
        "Diluted EPS": 0.72,
        "Total Revenue": NaN,
        "Gross Profit": 349,
        "Operating Income": 133,
        "EBIT": 185,
        "Net Income": 102
    },
    "2018-09-30": {
        "Diluted EPS": 0.33,
        "Total Revenue": NaN,
        "Gross Profit": 348,
        "Operating Income": 69,
        "EBIT": 123,
        "Net Income": 43
    },
    "2018-06-30": {
        "Diluted EPS": 0.64,
        "Total Revenue": NaN,
        "Gross Profit": 352,
        "Operating Income": 106,
        "EBIT": 160,
        "Net Income": 91
    },
    "2018-03-31": {
        "Diluted EPS": 0.7,
        "Total Revenue": 992,
        "Gross Profit": 346,
        "Operating Income": 132,
        "EBIT": 185,
        "Net Income": 101
    },
    "2017-12-31": {
        "Diluted EPS": 0.8,
        "Total Revenue": 978,
        "Gross Profit": 335,
        "Operating Income": 122,
        "EBIT": 171,
        "Net Income": 117
    },
    "2017-09-30": {
        "Diluted EPS": 0.73,
        "Total Revenue": 980,
        "Gross Profit": 343,
        "Operating Income": 132,
        "EBIT": 183,
        "Net Income": 105
    },
    "2017-06-30": {
        "Diluted EPS": 0.81,
        "Total Revenue": 967,
        "Gross Profit": 338,
        "Operating Income": 130,
        "EBIT": 184,
        "Net Income": 119
    },
    "2017-03-31": {
        "Diluted EPS": 0.76,
        "Total Revenue": 966,
        "Gross Profit": 344,
        "Operating Income": 134,
        "EBIT": 185,
        "Net Income": 112
    },
    "2016-12-31": {
        "Diluted EPS": 0.66,
        "Total Revenue": 955,
        "Gross Profit": 334,
        "Operating Income": 122,
        "EBIT": 179,
        "Net Income": 98
    },
    "2016-09-30": {
        "Diluted EPS": 0.64,
        "Total Revenue": 941,
        "Gross Profit": 330,
        "Operating Income": 118,
        "EBIT": 170,
        "Net Income": 96
    },
    "2016-06-30": {
        "Diluted EPS": 0.7,
        "Total Revenue": 930,
        "Gross Profit": 329,
        "Operating Income": 125,
        "EBIT": 181,
        "Net Income": 105
    },
    "2016-03-31": {
        "Diluted EPS": 0.71,
        "Total Revenue": 926,
        "Gross Profit": 326,
        "Operating Income": 120,
        "EBIT": 173,
        "Net Income": 108
    },
    "2015-12-31": {
        "Diluted EPS": 0.66,
        "Total Revenue": 922,
        "Gross Profit": 326,
        "Operating Income": 120,
        "EBIT": 171,
        "Net Income": 101
    },
    "2015-09-30": {
        "Diluted EPS": 0.59,
        "Total Revenue": 927,
        "Gross Profit": 324,
        "Operating Income": 110,
        "EBIT": 161,
        "Net Income": 87
    },
    "2015-06-30": {
        "Diluted EPS": 0.69,
        "Total Revenue": 908,
        "Gross Profit": 316,
        "Operating Income": 127,
        "EBIT": 167,
        "Net Income": 108
    },
    "2015-03-31": {
        "Diluted EPS": 0.74,
        "Total Revenue": 903,
        "Gross Profit": 322,
        "Operating Income": 138,
        "EBIT": 182,
        "Net Income": 116
    },
    "2014-12-31": {
        "Diluted EPS": 0.83,
        "Total Revenue": 906,
        "Gross Profit": 333,
        "Operating Income": 142,
        "EBIT": 181,
        "Net Income": 131
    },
    "2014-09-30": {
        "Diluted EPS": 0.63,
        "Total Revenue": 900,
        "Gross Profit": 319,
        "Operating Income": 126,
        "EBIT": 172,
        "Net Income": 96
    },
    "2014-06-30": {
        "Diluted EPS": 0.68,
        "Total Revenue": 902,
        "Gross Profit": 318,
        "Operating Income": 125,
        "EBIT": 165,
        "Net Income": 110
    },
    "2014-03-31": {
        "Diluted EPS": 0.68,
        "Total Revenue": 897,
        "Gross Profit": 314,
        "Operating Income": 124,
        "EBIT": 165,
        "Net Income": 110
    },
    "2013-12-31": {
        "Diluted EPS": 0.63,
        "Total Revenue": 864,
        "Gross Profit": 307,
        "Operating Income": 121,
        "EBIT": 156,
        "Net Income": 101
    },
    "2013-09-30": {
        "Diluted EPS": 0.55,
        "Total Revenue": 845,
        "Gross Profit": 299,
        "Operating Income": 123,
        "EBIT": 156,
        "Net Income": 89
    },
    "2013-06-30": {
        "Diluted EPS": 0.73,
        "Total Revenue": 841,
        "Gross Profit": 295,
        "Operating Income": 123,
        "EBIT": 157,
        "Net Income": 120
    },
    "2013-03-31": {
        "Diluted EPS": 0.64,
        "Total Revenue": 833,
        "Gross Profit": 294,
        "Operating Income": 123,
        "EBIT": 157,
        "Net Income": 105
    },
    "2012-12-31": {
        "Diluted EPS": 0.61,
        "Total Revenue": 826,
        "Gross Profit": 291,
        "Operating Income": 113,
        "EBIT": 152,
        "Net Income": 99
    },
    "2012-09-30": {
        "Diluted EPS": 0.59,
        "Total Revenue": 822,
        "Gross Profit": 293,
        "Operating Income": 114,
        "EBIT": 154,
        "Net Income": 98
    },
    "2012-06-30": {
        "Diluted EPS": 0.59,
        "Total Revenue": 809,
        "Gross Profit": 289,
        "Operating Income": 110,
        "EBIT": 149,
        "Net Income": 99
    },
    "2012-03-31": {
        "Diluted EPS": 0.6,
        "Total Revenue": 809,
        "Gross Profit": 290,
        "Operating Income": 110,
        "EBIT": 149,
        "Net Income": 102
    },
    "2011-12-31": {
        "Diluted EPS": 0.53,
        "Total Revenue": 807,
        "Gross Profit": 290,
        "Operating Income": 109,
        "EBIT": 150,
        "Net Income": 93
    },
    "2011-09-30": {
        "Diluted EPS": 0.48,
        "Total Revenue": 812,
        "Gross Profit": 287,
        "Operating Income": 105,
        "EBIT": 148,
        "Net Income": 87
    },
    "2011-06-30": {
        "Diluted EPS": 0.5,
        "Total Revenue": 801,
        "Gross Profit": 280,
        "Operating Income": 106,
        "EBIT": 150,
        "Net Income": 92
    },
    "2011-03-31": {
        "Diluted EPS": 0.5,
        "Total Revenue": 789,
        "Gross Profit": 275,
        "Operating Income": 107,
        "EBIT": 151,
        "Net Income": 94
    },
    "2010-12-31": {
        "Diluted EPS": 0.38,
        "Total Revenue": 775,
        "Gross Profit": 266,
        "Operating Income": 88,
        "EBIT": 137,
        "Net Income": 73
    },
    "2010-09-30": {
        "Diluted EPS": 0.48,
        "Total Revenue": 762,
        "Gross Profit": 276,
        "Operating Income": 103,
        "EBIT": 153,
        "Net Income": 95
    },
    "2010-06-30": {
        "Diluted EPS": 0.45,
        "Total Revenue": 753,
        "Gross Profit": 273,
        "Operating Income": 105,
        "EBIT": 154,
        "Net Income": 92
    },
    "2010-03-31": {
        "Diluted EPS": 0.33,
        "Total Revenue": 744,
        "Gross Profit": 268,
        "Operating Income": 103,
        "EBIT": 151,
        "Net Income": 69
    },
    "2009-12-31": {
        "Diluted EPS": 0.43,
        "Total Revenue": 725,
        "Gross Profit": 262,
        "Operating Income": 99,
        "EBIT": 149,
        "Net Income": 88
    },
    "2009-09-30": {
        "Diluted EPS": 0.41,
        "Total Revenue": 707,
        "Gross Profit": 257,
        "Operating Income": 97,
        "EBIT": 147,
        "Net Income": 86
    },
    "2009-06-30": {
        "Diluted EPS": 0.42,
        "Total Revenue": 690,
        "Gross Profit": 248,
        "Operating Income": 93,
        "EBIT": 143,
        "Net Income": 86
    },
    "2009-03-31": {
        "Diluted EPS": 0.39,
        "Total Revenue": 711,
        "Gross Profit": 255,
        "Operating Income": 96,
        "EBIT": 146,
        "Net Income": 81
    },
    "2023-09-30": {
        "Tax Effect Of Unusual Items": -13533189.719948,
        "Tax Rate For Calcs": 0.231645,
        "Normalized EBITDA": 225564000.0,
        "Total Unusual Items": -58422000.0,
        "Total Unusual Items Excluding Goodwill": -58422000.0,
        "Net Income From Continuing Operation Net Minority Interest": 102011000.0,
        "Reconciled Depreciation": 47289000.0,
        "Reconciled Cost Of Revenue": 771912000.0,
        "EBITDA": 167142000.0,
        "EBIT": 119853000.0,
        "Net Interest Income": 10477000.0,
        "Interest Expense": NaN,
        "Normalized Income": 146899810.280052,
        "Net Income From Continuing And Discontinued Operation": 102011000.0,
        "Total Expenses": 1057274000.0,
        "Total Operating Income As Reported": 138925000.0,
        "Diluted Average Shares": 118884000.0,
        "Basic Average Shares": 118076000.0,
        "Diluted EPS": 0.86,
        "Basic EPS": 0.86,
        "Diluted NI Availto Com Stockholders": 100201000.0,
        "Average Dilution Earnings": 7000.0,
        "Net Income Common Stockholders": 100194000.0,
        "Otherunder Preferred Stock Dividend": 1817000.0,
        "Net Income": 102011000.0,
        "Minority Interests": -655000.0,
        "Net Income Including Noncontrolling Interests": 102666000.0,
        "Net Income Continuous Operations": 102666000.0,
        "Tax Provision": 30952000.0,
        "Pretax Income": 133618000.0,
        "Other Income Expense": -62149000.0,
        "Special Income Charges": -46365000.0,
        "Gain On Sale Of Business": 0.0,
        "Restructuring And Mergern Acquisition": 46365000.0,
        "Net Non Operating Interest Income Expense": 10477000.0,
        "Total Other Finance Cost": NaN,
        "Interest Expense Non Operating": NaN,
        "Operating Income": 185290000.0,
        "Operating Expense": 253674000.0,
        "Depreciation Amortization Depletion Income Statement": 15601000.0,
        "Depreciation And Amortization In Income Statement": 15601000.0,
        "Amortization": 15601000.0,
        "Amortization Of Intangibles Income Statement": 15601000.0,
        "Research And Development": 97693000.0,
        "Selling General And Administration": 140380000.0,
        "Gross Profit": 438964000.0,
        "Cost Of Revenue": 803600000.0,
        "Total Revenue": 1242564000.0,
        "Operating Revenue": 718055000.0
    },
    "2023-12-31": {
        "Tax Effect Of Unusual Items": 0.0,
        "Tax Rate For Calcs": 0.148,
        "Normalized EBITDA": 230195000.0,
        "Total Unusual Items": 0.0,
        "Total Unusual Items Excluding Goodwill": 0.0,
        "Net Income From Continuing Operation Net Minority Interest": 147965000.0,
        "Reconciled Depreciation": 45861000.0,
        "Reconciled Cost Of Revenue": 783293000.0,
        "EBITDA": 230195000.0,
        "EBIT": 184334000.0,
        "Net Interest Income": -9778000.0,
        "Interest Expense": 9778000.0,
        "Normalized Income": 147965000.0,
        "Net Income From Continuing And Discontinued Operation": 147965000.0,
        "Total Expenses": 1060865000.0,
        "Total Operating Income As Reported": 184334000.0,
        "Diluted Average Shares": 115421000.0,
        "Basic Average Shares": 114726000.0,
        "Diluted EPS": 1.26,
        "Basic EPS": 1.27,
        "Diluted NI Availto Com Stockholders": 145297000.0,
        "Average Dilution Earnings": 11000.0,
        "Net Income Common Stockholders": 145286000.0,
        "Otherunder Preferred Stock Dividend": 2679000.0,
        "Net Income": 147965000.0,
        "Minority Interests": -757000.0,
        "Net Income Including Noncontrolling Interests": 148722000.0,
        "Net Income Continuous Operations": 148722000.0,
        "Tax Provision": 25834000.0,
        "Pretax Income": 174556000.0,
        "Other Income Expense": NaN,
        "Special Income Charges": 0.0,
        "Gain On Sale Of Business": NaN,
        "Restructuring And Mergern Acquisition": 0.0,
        "Net Non Operating Interest Income Expense": -9778000.0,
        "Total Other Finance Cost": NaN,
        "Interest Expense Non Operating": 9778000.0,
        "Operating Income": 184334000.0,
        "Operating Expense": 248121000.0,
        "Depreciation Amortization Depletion Income Statement": 16410000.0,
        "Depreciation And Amortization In Income Statement": 16410000.0,
        "Amortization": 16410000.0,
        "Amortization Of Intangibles Income Statement": 16410000.0,
        "Research And Development": 89207000.0,
        "Selling General And Administration": 142504000.0,
        "Gross Profit": 432455000.0,
        "Cost Of Revenue": 812744000.0,
        "Total Revenue": 1245199000.0,
        "Operating Revenue": 722459000.0
    },
    "2024-03-31": {
        "Tax Effect Of Unusual Items": -5670360.0,
        "Tax Rate For Calcs": 0.171,
        "Normalized EBITDA": 240882000.0,
        "Total Unusual Items": -33160000.0,
        "Total Unusual Items Excluding Goodwill": -33160000.0,
        "Net Income From Continuing Operation Net Minority Interest": 118502000.0,
        "Reconciled Depreciation": 51990000.0,
        "Reconciled Cost Of Revenue": 766204000.0,
        "EBITDA": 207722000.0,
        "EBIT": 155732000.0,
        "Net Interest Income": -11650000.0,
        "Interest Expense": 11650000.0,
        "Normalized Income": 145991640.0,
        "Net Income From Continuing And Discontinued Operation": 118502000.0,
        "Total Expenses": 1056957000.0,
        "Total Operating Income As Reported": 155732000.0,
        "Diluted Average Shares": 114906000.0,
        "Basic Average Shares": 114185000.0,
        "Diluted EPS": 1.01,
        "Basic EPS": 1.02,
        "Diluted NI Availto Com Stockholders": 116250000.0,
        "Average Dilution Earnings": 7000.0,
        "Net Income Common Stockholders": 116243000.0,
        "Otherunder Preferred Stock Dividend": 2259000.0,
        "Net Income": 118502000.0,
        "Minority Interests": -923000.0,
        "Net Income Including Noncontrolling Interests": 119425000.0,
        "Net Income Continuous Operations": 119425000.0,
        "Tax Provision": 24657000.0,
        "Pretax Income": 144082000.0,
        "Other Income Expense": -33160000.0,
        "Special Income Charges": -33160000.0,
        "Gain On Sale Of Business": NaN,
        "Restructuring And Mergern Acquisition": 33160000.0,
        "Net Non Operating Interest Income Expense": -11650000.0,
        "Total Other Finance Cost": NaN,
        "Interest Expense Non Operating": 11650000.0,
        "Operating Income": 188892000.0,
        "Operating Expense": 254961000.0,
        "Depreciation Amortization Depletion Income Statement": 16198000.0,
        "Depreciation And Amortization In Income Statement": 16198000.0,
        "Amortization": 16198000.0,
        "Amortization Of Intangibles Income Statement": 16198000.0,
        "Research And Development": 91154000.0,
        "Selling General And Administration": 147609000.0,
        "Gross Profit": 443853000.0,
        "Cost Of Revenue": 801996000.0,
        "Total Revenue": 1245849000.0,
        "Operating Revenue": 1245849000.0
    },
    "2024-06-30": {
        "Tax Effect Of Unusual Items": -2442690.0,
        "Tax Rate For Calcs": 0.166,
        "Normalized EBITDA": 251185000.0,
        "Total Unusual Items": -14715000.0,
        "Total Unusual Items Excluding Goodwill": -14715000.0,
        "Net Income From Continuing Operation Net Minority Interest": 140289000.0,
        "Reconciled Depreciation": 45887000.0,
        "Reconciled Cost Of Revenue": 779194000.0,
        "EBITDA": 236470000.0,
        "EBIT": 190583000.0,
        "Net Interest Income": -6872000.0,
        "Interest Expense": 6872000.0,
        "Normalized Income": 152561310.0,
        "Net Income From Continuing And Discontinued Operation": 140289000.0,
        "Total Expenses": 1059476000.0,
        "Total Operating Income As Reported": 175868000.0,
        "Diluted Average Shares": 113329000.0,
        "Basic Average Shares": 112754000.0,
        "Diluted EPS": 1.21,
        "Basic EPS": 1.22,
        "Diluted NI Availto Com Stockholders": 137589000.0,
        "Average Dilution Earnings": 8000.0,
        "Net Income Common Stockholders": 137581000.0,
        "Otherunder Preferred Stock Dividend": 2708000.0,
        "Net Income": 140289000.0,
        "Minority Interests": -709000.0,
        "Net Income Including Noncontrolling Interests": 140998000.0,
        "Net Income Continuous Operations": 140998000.0,
        "Tax Provision": 27998000.0,
        "Pretax Income": 168996000.0,
        "Other Income Expense": -14715000.0,
        "Special Income Charges": -14715000.0,
        "Gain On Sale Of Business": NaN,
        "Restructuring And Mergern Acquisition": 14715000.0,
        "Net Non Operating Interest Income Expense": -6872000.0,
        "Total Other Finance Cost": 6872000.0,
        "Interest Expense Non Operating": 6872000.0,
        "Operating Income": 190583000.0,
        "Operating Expense": 249506000.0,
        "Depreciation Amortization Depletion Income Statement": 15111000.0,
        "Depreciation And Amortization In Income Statement": 15111000.0,
        "Amortization": 15111000.0,
        "Amortization Of Intangibles Income Statement": 15111000.0,
        "Research And Development": 90368000.0,
        "Selling General And Administration": 144027000.0,
        "Gross Profit": 440089000.0,
        "Cost Of Revenue": 809970000.0,
        "Total Revenue": 1250059000.0,
        "Operating Revenue": 740765000.0
    },
    "2024-09-30": {
        "Tax Effect Of Unusual Items": -15158665.902917,
        "Tax Rate For Calcs": 0.157207,
        "Normalized EBITDA": 207907000.0,
        "Total Unusual Items": -96425000.0,
        "Total Unusual Items Excluding Goodwill": -96425000.0,
        "Net Income From Continuing Operation Net Minority Interest": 86441000.0,
        "Reconciled Depreciation": 49328000.0,
        "Reconciled Cost Of Revenue": 789893000.0,
        "EBITDA": 111482000.0,
        "EBIT": 62154000.0,
        "Net Interest Income": 10861000.0,
        "Interest Expense": NaN,
        "Normalized Income": 167707334.097083,
        "Net Income From Continuing And Discontinued Operation": 86441000.0,
        "Total Expenses": 1067995000.0,
        "Total Operating Income As Reported": 112674000.0,
        "Diluted Average Shares": NaN,
        "Basic Average Shares": NaN,
        "Diluted EPS": NaN,
        "Basic EPS": NaN,
        "Diluted NI Availto Com Stockholders": 84760000.0,
        "Average Dilution Earnings": 3000.0,
        "Net Income Common Stockholders": 84757000.0,
        "Otherunder Preferred Stock Dividend": 1684000.0,
        "Net Income": 86441000.0,
        "Minority Interests": -735000.0,
        "Net Income Including Noncontrolling Interests": 87176000.0,
        "Net Income Continuous Operations": 87176000.0,
        "Tax Provision": 16261000.0,
        "Pretax Income": 103437000.0,
        "Other Income Expense": -103311000.0,
        "Special Income Charges": -83213000.0,
        "Gain On Sale Of Business": NaN,
        "Restructuring And Mergern Acquisition": 83213000.0,
        "Net Non Operating Interest Income Expense": 10861000.0,
        "Total Other Finance Cost": NaN,
        "Interest Expense Non Operating": NaN,
        "Operating Income": 195887000.0,
        "Operating Expense": 243107000.0,
        "Depreciation Amortization Depletion Income Statement": 14333000.0,
        "Depreciation And Amortization In Income Statement": 14333000.0,
        "Amortization": 14333000.0,
        "Amortization Of Intangibles Income Statement": 14333000.0,
        "Research And Development": 90069000.0,
        "Selling General And Administration": 138705000.0,
        "Gross Profit": 438994000.0,
        "Cost Of Revenue": 824888000.0,
        "Total Revenue": 1263882000.0,
        "Operating Revenue": 721415000.0
    }
}