{
    "2023-03-31": {
        "Tax Effect Of Unusual Items": NaN,
        "Tax Rate For Calcs": NaN,
        "Normalized EBITDA": NaN,
        "Total Unusual Items": NaN,
        "Total Unusual Items Excluding Goodwill": NaN,
        "Net Income From Continuing Operation Net Minority Interest": NaN,
        "Reconciled Cost Of Revenue": NaN,
        "EBITDA": NaN,
        "EBIT": NaN,
        "Net Interest Income": NaN,
        "Interest Income": NaN,
        "Normalized Income": NaN,
        "Net Income From Continuing And Discontinued Operation": NaN,
        "Total Expenses": NaN,
        "Total Operating Income As Reported": NaN,
        "Diluted Average Shares": NaN,
        "Basic Average Shares": NaN,
        "Diluted EPS": NaN,
        "Basic EPS": NaN,
        "Diluted NI Availto Com Stockholders": NaN,
        "Net Income Common Stockholders": NaN,
        "Net Income": NaN,
        "Minority Interests": 0.0,
        "Net Income Including Noncontrolling Interests": NaN,
        "Net Income Continuous Operations": NaN,
        "Earnings From Equity Interest Net Of Tax": NaN,
        "Tax Provision": NaN,
        "Pretax Income": NaN,
        "Other Income Expense": NaN,
        "Other Non Operating Income Expenses": NaN,
        "Special Income Charges": 0.0,
        "Impairment Of Capital Assets": 0.0,
        "Gain On Sale Of Security": NaN,
        "Net Non Operating Interest Income Expense": NaN,
        "Interest Income Non Operating": NaN,
        "Operating Income": NaN,
        "Operating Expense": NaN,
        "Other Operating Expenses": NaN,
        "Research And Development": NaN,
        "Selling General And Administration": NaN,
        "Selling And Marketing Expense": NaN,
        "General And Administrative Expense": NaN,
        "Other Gand A": NaN,
        "Gross Profit": NaN,
        "Cost Of Revenue": NaN,
        "Total Revenue": NaN,
        "Operating Revenue": NaN
    },
    "2022-12-31": {
        "Tax Effect Of Unusual Items": NaN,
        "Tax Rate For Calcs": NaN,
        "Normalized EBITDA": NaN,
        "Total Unusual Items": NaN,
        "Total Unusual Items Excluding Goodwill": NaN,
        "Net Income From Continuing Operation Net Minority Interest": NaN,
        "Reconciled Cost Of Revenue": NaN,
        "EBITDA": NaN,
        "EBIT": NaN,
        "Net Interest Income": NaN,
        "Interest Income": NaN,
        "Normalized Income": NaN,
        "Net Income From Continuing And Discontinued Operation": NaN,
        "Total Expenses": NaN,
        "Total Operating Income As Reported": NaN,
        "Diluted Average Shares": NaN,
        "Basic Average Shares": NaN,
        "Diluted EPS": NaN,
        "Basic EPS": NaN,
        "Diluted NI Availto Com Stockholders": NaN,
        "Net Income Common Stockholders": NaN,
        "Net Income": NaN,
        "Minority Interests": 3479189.0,
        "Net Income Including Noncontrolling Interests": NaN,
        "Net Income Continuous Operations": NaN,
        "Earnings From Equity Interest Net Of Tax": NaN,
        "Tax Provision": NaN,
        "Pretax Income": NaN,
        "Other Income Expense": NaN,
        "Other Non Operating Income Expenses": NaN,
        "Special Income Charges": NaN,
        "Impairment Of Capital Assets": NaN,
        "Gain On Sale Of Security": NaN,
        "Net Non Operating Interest Income Expense": NaN,
        "Interest Income Non Operating": NaN,
        "Operating Income": NaN,
        "Operating Expense": NaN,
        "Other Operating Expenses": NaN,
        "Research And Development": NaN,
        "Selling General And Administration": NaN,
        "Selling And Marketing Expense": NaN,
        "General And Administrative Expense": NaN,
        "Other Gand A": NaN,
        "Gross Profit": NaN,
        "Cost Of Revenue": NaN,
        "Total Revenue": NaN,
        "Operating Revenue": NaN
    },
    "2022-09-30": {
        "Tax Effect Of Unusual Items": 0.0,
        "Tax Rate For Calcs": 0.0,
        "Normalized EBITDA": -11115000.0,
        "Total Unusual Items": NaN,
        "Total Unusual Items Excluding Goodwill": NaN,
        "Net Income From Continuing Operation Net Minority Interest": -2971000.0,
        "Reconciled Cost Of Revenue": 1547091000.0,
        "EBITDA": -11115000.0,
        "EBIT": -11115000.0,
        "Net Interest Income": 34402000.0,
        "Interest Income": 34402000.0,
        "Normalized Income": -2971000.0,
        "Net Income From Continuing And Discontinued Operation": -2971000.0,
        "Total Expenses": 1809448000.0,
        "Total Operating Income As Reported": -11115000.0,
        "Diluted Average Shares": 319664170.0,
        "Basic Average Shares": 319664170.0,
        "Diluted EPS": -0.009,
        "Basic EPS": -0.009,
        "Diluted NI Availto Com Stockholders": -2971000.0,
        "Net Income Common Stockholders": -2971000.0,
        "Net Income": -2971000.0,
        "Minority Interests": 3672000.0,
        "Net Income Including Noncontrolling Interests": -6643000.0,
        "Net Income Continuous Operations": -6643000.0,
        "Earnings From Equity Interest Net Of Tax": 2647000.0,
        "Tax Provision": 0.0,
        "Pretax Income": -9290000.0,
        "Other Income Expense": -32577000.0,
        "Other Non Operating Income Expenses": -32577000.0,
        "Gain On Sale Of Security": NaN,
        "Net Non Operating Interest Income Expense": 34402000.0,
        "Interest Income Non Operating": 34402000.0,
        "Operating Income": -11115000.0,
        "Operating Expense": 262357000.0,
        "Other Operating Expenses": -36459000.0,
        "Research And Development": 84371000.0,
        "Selling General And Administration": 214445000.0,
        "Selling And Marketing Expense": 162137000.0,
        "General And Administrative Expense": 52308000.0,
        "Other Gand A": 52308000.0,
        "Gross Profit": 251242000.0,
        "Cost Of Revenue": 1547091000.0,
        "Total Revenue": 1798333000.0,
        "Operating Revenue": 1798333000.0
    },
    "2022-06-30": {
        "Tax Effect Of Unusual Items": 0.0,
        "Tax Rate For Calcs": 0.0,
        "Normalized EBITDA": -30556000.0,
        "Total Unusual Items": NaN,
        "Total Unusual Items Excluding Goodwill": NaN,
        "Net Income From Continuing Operation Net Minority Interest": -30916000.0,
        "Reconciled Cost Of Revenue": 1524167000.0,
        "EBITDA": -30556000.0,
        "EBIT": -30556000.0,
        "Net Interest Income": 23570000.0,
        "Interest Income": 23570000.0,
        "Normalized Income": -30916000.0,
        "Net Income From Continuing And Discontinued Operation": -30916000.0,
        "Total Expenses": 1863761000.0,
        "Total Operating Income As Reported": -30556000.0,
        "Diluted Average Shares": 318272400.0,
        "Basic Average Shares": 318272400.0,
        "Diluted EPS": -0.097,
        "Basic EPS": -0.097,
        "Diluted NI Availto Com Stockholders": -30916000.0,
        "Net Income Common Stockholders": -30916000.0,
        "Net Income": -30916000.0,
        "Minority Interests": 7841000.0,
        "Net Income Including Noncontrolling Interests": -38757000.0,
        "Net Income Continuous Operations": -38757000.0,
        "Earnings From Equity Interest Net Of Tax": -2887000.0,
        "Tax Provision": 0.0,
        "Pretax Income": -35870000.0,
        "Other Income Expense": -28884000.0,
        "Other Non Operating Income Expenses": -28884000.0,
        "Gain On Sale Of Security": NaN,
        "Net Non Operating Interest Income Expense": 23570000.0,
        "Interest Income Non Operating": 23570000.0,
        "Operating Income": -30556000.0,
        "Operating Expense": 339594000.0,
        "Other Operating Expenses": -20375000.0,
        "Research And Development": 101847000.0,
        "Selling General And Administration": 258122000.0,
        "Selling And Marketing Expense": 167463000.0,
        "General And Administrative Expense": 90659000.0,
        "Other Gand A": 90659000.0,
        "Gross Profit": 309038000.0,
        "Cost Of Revenue": 1524167000.0,
        "Total Revenue": 1833205000.0,
        "Operating Revenue": 1833205000.0
    },
    "2022-03-31": {
        "Diluted EPS": -0.04,
        "Total Revenue": 283,
        "Gross Profit": 38,
        "Operating Income": -16,
        "EBIT": -16,
        "Net Income": -14
    },
    "2021-12-31": {
        "Diluted EPS": -0.12,
        "Total Revenue": 383,
        "Gross Profit": 41,
        "Operating Income": -33,
        "EBIT": -33,
        "Net Income": -40
    },
    "2021-09-30": {
        "Diluted EPS": -0.06,
        "Total Revenue": 364,
        "Gross Profit": 43,
        "Operating Income": -19,
        "EBIT": -19,
        "Net Income": -19
    },
    "2021-06-30": {
        "Diluted EPS": -0.07,
        "Total Revenue": 362,
        "Gross Profit": 47,
        "Operating Income": -31,
        "EBIT": -31,
        "Net Income": -23
    },
    "2021-03-31": {
        "Diluted EPS": -0.03,
        "Total Revenue": 329,
        "Gross Profit": 40,
        "Operating Income": -19,
        "EBIT": -19,
        "Net Income": -9
    },
    "2020-12-31": {
        "Diluted EPS": -0.06,
        "Total Revenue": 423,
        "Gross Profit": 43,
        "Operating Income": -30,
        "EBIT": -30,
        "Net Income": -22
    },
    "2020-09-30": {
        "Diluted EPS": 0.04,
        "Total Revenue": 373,
        "Gross Profit": 54,
        "Operating Income": 6,
        "EBIT": 6,
        "Net Income": 13
    },
    "2020-06-30": {
        "Diluted EPS": 0.14,
        "Total Revenue": 354,
        "Gross Profit": 74,
        "Operating Income": 34,
        "EBIT": 34,
        "Net Income": 47
    },
    "2020-03-31": {
        "Diluted EPS": 0.11,
        "Total Revenue": 321,
        "Gross Profit": 68,
        "Operating Income": 31,
        "EBIT": 31,
        "Net Income": 37
    },
    "2019-12-31": {
        "Diluted EPS": 0.08,
        "Total Revenue": 286,
        "Gross Profit": 52,
        "Operating Income": 18,
        "EBIT": 18,
        "Net Income": 23
    },
    "2019-09-30": {
        "Diluted EPS": -0.08,
        "Total Revenue": 261,
        "Gross Profit": 44,
        "Operating Income": -28,
        "EBIT": -28,
        "Net Income": -23
    },
    "2019-06-30": {
        "Diluted EPS": 0.01,
        "Total Revenue": 273,
        "Gross Profit": 44,
        "Operating Income": -1,
        "EBIT": -1,
        "Net Income": 4
    },
    "2019-03-31": {
        "Diluted EPS": 0.01,
        "Total Revenue": 222,
        "Gross Profit": 30,
        "Operating Income": -7,
        "EBIT": -4,
        "Net Income": 3
    },
    "2018-12-31": {
        "Diluted EPS": 0.0,
        "Total Revenue": NaN,
        "Gross Profit": NaN,
        "Operating Income": NaN,
        "EBIT": NaN,
        "Net Income": NaN
    },
    "2023-06-30": {
        "Tax Effect Of Unusual Items": NaN,
        "Tax Rate For Calcs": NaN,
        "Normalized EBITDA": NaN,
        "Total Unusual Items": NaN,
        "Total Unusual Items Excluding Goodwill": NaN,
        "Net Income From Continuing Operation Net Minority Interest": NaN,
        "Reconciled Cost Of Revenue": NaN,
        "EBITDA": NaN,
        "EBIT": NaN,
        "Net Interest Income": NaN,
        "Interest Income": NaN,
        "Normalized Income": NaN,
        "Net Income From Continuing And Discontinued Operation": NaN,
        "Total Expenses": NaN,
        "Total Operating Income As Reported": NaN,
        "Diluted Average Shares": NaN,
        "Basic Average Shares": NaN,
        "Diluted EPS": NaN,
        "Basic EPS": NaN,
        "Diluted NI Availto Com Stockholders": NaN,
        "Net Income Common Stockholders": NaN,
        "Net Income": NaN,
        "Minority Interests": 0.0,
        "Net Income Including Noncontrolling Interests": NaN,
        "Net Income Continuous Operations": NaN,
        "Earnings From Equity Interest Net Of Tax": NaN,
        "Tax Provision": NaN,
        "Pretax Income": NaN,
        "Other Income Expense": NaN,
        "Other Non Operating Income Expenses": -24431000.0,
        "Special Income Charges": NaN,
        "Impairment Of Capital Assets": NaN,
        "Gain On Sale Of Security": NaN,
        "Net Non Operating Interest Income Expense": NaN,
        "Interest Income Non Operating": NaN,
        "Operating Income": NaN,
        "Operating Expense": NaN,
        "Other Operating Expenses": NaN,
        "Research And Development": NaN,
        "Selling General And Administration": NaN,
        "Selling And Marketing Expense": NaN,
        "General And Administrative Expense": NaN,
        "Other Gand A": NaN,
        "Gross Profit": NaN,
        "Cost Of Revenue": NaN,
        "Total Revenue": NaN,
        "Operating Revenue": NaN
    },
    "2023-09-30": {
        "Tax Effect Of Unusual Items": 0.0,
        "Tax Rate For Calcs": 0.0,
        "Normalized EBITDA": -8814000.0,
        "Total Unusual Items": 4000.0,
        "Total Unusual Items Excluding Goodwill": 4000.0,
        "Net Income From Continuing Operation Net Minority Interest": 76377000.0,
        "Reconciled Cost Of Revenue": 1166771000.0,
        "EBITDA": -8810000.0,
        "EBIT": -8810000.0,
        "Net Interest Income": 80747000.0,
        "Interest Income": 80747000.0,
        "Normalized Income": 76373000.0,
        "Net Income From Continuing And Discontinued Operation": 76377000.0,
        "Total Expenses": 1367999000.0,
        "Total Operating Income As Reported": -8810000.0,
        "Diluted Average Shares": 31977664.0,
        "Basic Average Shares": 31977664.0,
        "Diluted EPS": 2.39,
        "Basic EPS": 2.39,
        "Diluted NI Availto Com Stockholders": 76377000.0,
        "Net Income Common Stockholders": 76377000.0,
        "Net Income": 76377000.0,
        "Minority Interests": 0.0,
        "Net Income Including Noncontrolling Interests": 76377000.0,
        "Net Income Continuous Operations": 76377000.0,
        "Earnings From Equity Interest Net Of Tax": 3035000.0,
        "Tax Provision": 0.0,
        "Pretax Income": 73342000.0,
        "Other Income Expense": 1405000.0,
        "Other Non Operating Income Expenses": 1401000.0,
        "Special Income Charges": NaN,
        "Impairment Of Capital Assets": NaN,
        "Gain On Sale Of Security": 4000.0,
        "Net Non Operating Interest Income Expense": 80747000.0,
        "Interest Income Non Operating": 80747000.0,
        "Operating Income": -8810000.0,
        "Operating Expense": 201228000.0,
        "Other Operating Expenses": -14272000.0,
        "Research And Development": 74510000.0,
        "Selling General And Administration": 140990000.0,
        "Selling And Marketing Expense": 89996000.0,
        "General And Administrative Expense": 50994000.0,
        "Other Gand A": 50994000.0,
        "Gross Profit": 192418000.0,
        "Cost Of Revenue": 1166771000.0,
        "Total Revenue": 1359189000.0,
        "Operating Revenue": 1359189000.0
    },
    "2023-12-31": {
        "Tax Effect Of Unusual Items": -3522224.0,
        "Tax Rate For Calcs": 0.25,
        "Normalized EBITDA": -92380276.0,
        "Total Unusual Items": -14088896.0,
        "Total Unusual Items Excluding Goodwill": -14088896.0,
        "Net Income From Continuing Operation Net Minority Interest": -62225366.0,
        "Reconciled Cost Of Revenue": 1169711264.0,
        "EBITDA": -106469172.0,
        "EBIT": -106469172.0,
        "Net Interest Income": 82556128.0,
        "Interest Income": 82556128.0,
        "Normalized Income": -51658694.0,
        "Net Income From Continuing And Discontinued Operation": -62225366.0,
        "Total Expenses": 1402430729.0,
        "Total Operating Income As Reported": -120435961.0,
        "Diluted Average Shares": 31977665.0,
        "Basic Average Shares": 31977665.0,
        "Diluted EPS": -1.95,
        "Basic EPS": -1.95,
        "Diluted NI Availto Com Stockholders": -62225366.0,
        "Net Income Common Stockholders": -62225366.0,
        "Net Income": -62225366.0,
        "Minority Interests": 0.0,
        "Net Income Including Noncontrolling Interests": -62225366.0,
        "Net Income Continuous Operations": -62225366.0,
        "Earnings From Equity Interest Net Of Tax": -30433752.0,
        "Tax Provision": 1068958.0,
        "Pretax Income": -30722656.0,
        "Other Income Expense": -6809612.0,
        "Other Non Operating Income Expenses": 7279284.0,
        "Special Income Charges": NaN,
        "Impairment Of Capital Assets": NaN,
        "Gain On Sale Of Security": -122107.0,
        "Net Non Operating Interest Income Expense": 82556128.0,
        "Interest Income Non Operating": 82556128.0,
        "Operating Income": -106469172.0,
        "Operating Expense": 232719465.0,
        "Other Operating Expenses": 9618459.0,
        "Research And Development": 59072538.0,
        "Selling General And Administration": 164028468.0,
        "Selling And Marketing Expense": 83997623.0,
        "General And Administrative Expense": 80030845.0,
        "Other Gand A": 80030845.0,
        "Gross Profit": 126250293.0,
        "Cost Of Revenue": 1169711264.0,
        "Total Revenue": 1295961557.0,
        "Operating Revenue": 1295961557.0
    },
    "2024-03-31": {
        "Tax Effect Of Unusual Items": 0.0,
        "Tax Rate For Calcs": 0.0,
        "Normalized EBITDA": -167092000.0,
        "Total Unusual Items": 153000.0,
        "Total Unusual Items Excluding Goodwill": 153000.0,
        "Net Income From Continuing Operation Net Minority Interest": -87953000.0,
        "Reconciled Cost Of Revenue": 930678000.0,
        "EBITDA": -166939000.0,
        "EBIT": -166939000.0,
        "Net Interest Income": 81094000.0,
        "Interest Income": 81094000.0,
        "Normalized Income": -88106000.0,
        "Net Income From Continuing And Discontinued Operation": -87953000.0,
        "Total Expenses": 1206623000.0,
        "Total Operating Income As Reported": -166939000.0,
        "Diluted Average Shares": 31807180.0,
        "Basic Average Shares": 31807180.0,
        "Diluted EPS": -2.77,
        "Basic EPS": -2.77,
        "Diluted NI Availto Com Stockholders": -87953000.0,
        "Net Income Common Stockholders": -87953000.0,
        "Net Income": -87953000.0,
        "Minority Interests": NaN,
        "Net Income Including Noncontrolling Interests": -87953000.0,
        "Net Income Continuous Operations": -87953000.0,
        "Earnings From Equity Interest Net Of Tax": -2261000.0,
        "Tax Provision": 0.0,
        "Pretax Income": -85692000.0,
        "Other Income Expense": 153000.0,
        "Other Non Operating Income Expenses": NaN,
        "Special Income Charges": 0.0,
        "Impairment Of Capital Assets": 0.0,
        "Gain On Sale Of Security": 153000.0,
        "Net Non Operating Interest Income Expense": 81094000.0,
        "Interest Income Non Operating": 81094000.0,
        "Operating Income": -166939000.0,
        "Operating Expense": 275945000.0,
        "Other Operating Expenses": 103428000.0,
        "Research And Development": 54150000.0,
        "Selling General And Administration": 118367000.0,
        "Selling And Marketing Expense": 75570000.0,
        "General And Administrative Expense": 42797000.0,
        "Other Gand A": 42797000.0,
        "Gross Profit": 109006000.0,
        "Cost Of Revenue": 930678000.0,
        "Total Revenue": 1039684000.0,
        "Operating Revenue": 1039684000.0
    },
    "2024-06-30": {
        "Tax Effect Of Unusual Items": 151000.0,
        "Tax Rate For Calcs": 0.25,
        "Normalized EBITDA": -120169000.0,
        "Total Unusual Items": 604000.0,
        "Total Unusual Items Excluding Goodwill": 604000.0,
        "Net Income From Continuing Operation Net Minority Interest": -49169000.0,
        "Reconciled Cost Of Revenue": 947823000.0,
        "EBITDA": -119565000.0,
        "EBIT": -119565000.0,
        "Net Interest Income": 75972000.0,
        "Interest Income": 75972000.0,
        "Normalized Income": -49622000.0,
        "Net Income From Continuing And Discontinued Operation": -49169000.0,
        "Total Expenses": 1151606000.0,
        "Total Operating Income As Reported": -119565000.0,
        "Diluted Average Shares": 31128544.0,
        "Basic Average Shares": 31128544.0,
        "Diluted EPS": -1.58,
        "Basic EPS": -1.58,
        "Diluted NI Availto Com Stockholders": -49169000.0,
        "Net Income Common Stockholders": -49169000.0,
        "Net Income": -49169000.0,
        "Minority Interests": NaN,
        "Net Income Including Noncontrolling Interests": -49169000.0,
        "Net Income Continuous Operations": -49169000.0,
        "Earnings From Equity Interest Net Of Tax": -2727000.0,
        "Tax Provision": 2510000.0,
        "Pretax Income": -43932000.0,
        "Other Income Expense": -339000.0,
        "Other Non Operating Income Expenses": -943000.0,
        "Special Income Charges": NaN,
        "Impairment Of Capital Assets": NaN,
        "Gain On Sale Of Security": 604000.0,
        "Net Non Operating Interest Income Expense": 75972000.0,
        "Interest Income Non Operating": 75972000.0,
        "Operating Income": -119565000.0,
        "Operating Expense": 203783000.0,
        "Other Operating Expenses": 28189000.0,
        "Research And Development": 50135000.0,
        "Selling General And Administration": 125459000.0,
        "Selling And Marketing Expense": 76963000.0,
        "General And Administrative Expense": 48496000.0,
        "Other Gand A": 48496000.0,
        "Gross Profit": 84218000.0,
        "Cost Of Revenue": 947823000.0,
        "Total Revenue": 1032041000.0,
        "Operating Revenue": 1032041000.0
    },
    "2024-09-30": {
        "Tax Effect Of Unusual Items": -17500.0,
        "Tax Rate For Calcs": 0.25,
        "Normalized EBITDA": -94112000.0,
        "Total Unusual Items": -70000.0,
        "Total Unusual Items Excluding Goodwill": -70000.0,
        "Net Income From Continuing Operation Net Minority Interest": 3404000.0,
        "Reconciled Cost Of Revenue": 1002282000.0,
        "EBITDA": -94182000.0,
        "EBIT": -94182000.0,
        "Net Interest Income": 60840000.0,
        "Interest Income": 60840000.0,
        "Normalized Income": 3456500.0,
        "Net Income From Continuing And Discontinued Operation": 3404000.0,
        "Total Expenses": 1157283000.0,
        "Total Operating Income As Reported": -94182000.0,
        "Diluted Average Shares": 30228317.0,
        "Basic Average Shares": 30228317.0,
        "Diluted EPS": 0.11,
        "Basic EPS": 0.11,
        "Diluted NI Availto Com Stockholders": 3404000.0,
        "Net Income Common Stockholders": 3404000.0,
        "Net Income": 3404000.0,
        "Minority Interests": NaN,
        "Net Income Including Noncontrolling Interests": 3404000.0,
        "Net Income Continuous Operations": 3404000.0,
        "Earnings From Equity Interest Net Of Tax": -994000.0,
        "Tax Provision": 6432000.0,
        "Pretax Income": 10830000.0,
        "Other Income Expense": 44172000.0,
        "Other Non Operating Income Expenses": 44242000.0,
        "Special Income Charges": NaN,
        "Impairment Of Capital Assets": NaN,
        "Gain On Sale Of Security": -70000.0,
        "Net Non Operating Interest Income Expense": 60840000.0,
        "Interest Income Non Operating": 60840000.0,
        "Operating Income": -94182000.0,
        "Operating Expense": 155001000.0,
        "Other Operating Expenses": -8964000.0,
        "Research And Development": 43243000.0,
        "Selling General And Administration": 120722000.0,
        "Selling And Marketing Expense": 79260000.0,
        "General And Administrative Expense": 41462000.0,
        "Other Gand A": 41462000.0,
        "Gross Profit": 60819000.0,
        "Cost Of Revenue": 1002282000.0,
        "Total Revenue": 1063101000.0,
        "Operating Revenue": 1063101000.0
    }
}