{
    "2023-03-31": {
        "Tax Effect Of Unusual Items": NaN,
        "Tax Rate For Calcs": NaN,
        "Normalized EBITDA": NaN,
        "Total Unusual Items": NaN,
        "Total Unusual Items Excluding Goodwill": NaN,
        "Net Income From Continuing Operation Net Minority Interest": NaN,
        "Reconciled Depreciation": NaN,
        "Reconciled Cost Of Revenue": NaN,
        "EBITDA": NaN,
        "EBIT": NaN,
        "Net Interest Income": NaN,
        "Interest Expense": NaN,
        "Normalized Income": NaN,
        "Net Income From Continuing And Discontinued Operation": NaN,
        "Total Expenses": NaN,
        "Total Operating Income As Reported": NaN,
        "Diluted Average Shares": NaN,
        "Basic Average Shares": NaN,
        "Diluted EPS": NaN,
        "Basic EPS": NaN,
        "Diluted NI Availto Com Stockholders": NaN,
        "Net Income Common Stockholders": NaN,
        "Otherunder Preferred Stock Dividend": NaN,
        "Net Income": NaN,
        "Minority Interests": 1120000.0,
        "Net Income Including Noncontrolling Interests": NaN,
        "Net Income Continuous Operations": NaN,
        "Tax Provision": NaN,
        "Pretax Income": NaN,
        "Other Income Expense": NaN,
        "Other Non Operating Income Expenses": NaN,
        "Special Income Charges": NaN,
        "Other Special Charges": 300000.0,
        "Restructuring And Mergern Acquisition": 299770.0,
        "Net Non Operating Interest Income Expense": NaN,
        "Interest Expense Non Operating": NaN,
        "Operating Income": NaN,
        "Operating Expense": NaN,
        "Selling General And Administration": NaN,
        "General And Administrative Expense": NaN,
        "Other Gand A": NaN,
        "Salaries And Wages": NaN,
        "Gross Profit": NaN,
        "Cost Of Revenue": NaN,
        "Total Revenue": NaN,
        "Operating Revenue": NaN
    },
    "2022-12-31": {
        "Tax Effect Of Unusual Items": 0.0,
        "Tax Rate For Calcs": 0.073126,
        "Normalized EBITDA": 3049939.0,
        "Total Unusual Items": 0.0,
        "Total Unusual Items Excluding Goodwill": 0.0,
        "Net Income From Continuing Operation Net Minority Interest": 1413080.0,
        "Reconciled Depreciation": 564405.0,
        "Reconciled Cost Of Revenue": 21998000.0,
        "EBITDA": 3049939.0,
        "EBIT": 2485534.0,
        "Net Interest Income": -960969.0,
        "Interest Expense": 960969.0,
        "Normalized Income": 1413080.0,
        "Net Income From Continuing And Discontinued Operation": 1413080.0,
        "Total Expenses": 28257616.0,
        "Total Operating Income As Reported": 2485097.0,
        "Diluted Average Shares": 14567669.0,
        "Basic Average Shares": 14538409.0,
        "Diluted EPS": 0.01,
        "Basic EPS": 0.01,
        "Diluted NI Availto Com Stockholders": 1413080.0,
        "Net Income Common Stockholders": 1413080.0,
        "Net Income": 1413080.0,
        "Net Income Including Noncontrolling Interests": 1413080.0,
        "Net Income Continuous Operations": 1413080.0,
        "Tax Provision": 111485.0,
        "Pretax Income": 1524565.0,
        "Other Income Expense": 437.0,
        "Other Non Operating Income Expenses": 437.0,
        "Special Income Charges": 0.0,
        "Other Special Charges": 0.0,
        "Restructuring And Mergern Acquisition": NaN,
        "Gain On Sale Of Security": 0.0,
        "Net Non Operating Interest Income Expense": -960969.0,
        "Interest Expense Non Operating": 960969.0,
        "Operating Income": 2485097.0,
        "Operating Expense": 6259616.0,
        "Selling General And Administration": 6259616.0,
        "General And Administrative Expense": 6259616.0,
        "Other Gand A": 2030996.0,
        "Salaries And Wages": 4228620.0,
        "Gross Profit": 8744713.0,
        "Cost Of Revenue": 21998000.0,
        "Total Revenue": 30742713.0,
        "Operating Revenue": 30742713.0
    },
    "2022-09-30": {
        "Tax Effect Of Unusual Items": 0.0,
        "Tax Rate For Calcs": 0.137,
        "Normalized EBITDA": 2378232.0,
        "Total Unusual Items": 0.0,
        "Total Unusual Items Excluding Goodwill": 0.0,
        "Net Income From Continuing Operation Net Minority Interest": 810783.0,
        "Reconciled Depreciation": 533408.0,
        "Reconciled Cost Of Revenue": 18524631.0,
        "EBITDA": 2378232.0,
        "EBIT": 1844824.0,
        "Net Interest Income": -905605.0,
        "Interest Expense": 905605.0,
        "Normalized Income": 810783.0,
        "Net Income From Continuing And Discontinued Operation": 810783.0,
        "Total Expenses": 24140551.0,
        "Total Operating Income As Reported": 1844824.0,
        "Diluted Average Shares": NaN,
        "Basic Average Shares": NaN,
        "Diluted EPS": NaN,
        "Basic EPS": NaN,
        "Diluted NI Availto Com Stockholders": 810783.0,
        "Net Income Common Stockholders": 810783.0,
        "Net Income": 810783.0,
        "Net Income Including Noncontrolling Interests": 810783.0,
        "Net Income Continuous Operations": 810783.0,
        "Tax Provision": 128436.0,
        "Pretax Income": 939219.0,
        "Other Income Expense": NaN,
        "Other Non Operating Income Expenses": NaN,
        "Special Income Charges": 0.0,
        "Other Special Charges": NaN,
        "Restructuring And Mergern Acquisition": NaN,
        "Gain On Sale Of Security": NaN,
        "Net Non Operating Interest Income Expense": -905605.0,
        "Interest Expense Non Operating": 905605.0,
        "Operating Income": 1844824.0,
        "Operating Expense": 5615920.0,
        "Selling General And Administration": 5615920.0,
        "General And Administrative Expense": 5615920.0,
        "Other Gand A": 1770002.0,
        "Salaries And Wages": 3845918.0,
        "Gross Profit": 7460744.0,
        "Cost Of Revenue": 18524631.0,
        "Total Revenue": 25985375.0,
        "Operating Revenue": 25985375.0
    },
    "2022-06-30": {
        "Tax Effect Of Unusual Items": 9214.382565,
        "Tax Rate For Calcs": 0.03209,
        "Normalized EBITDA": 3064147.0,
        "Total Unusual Items": 287143.0,
        "Total Unusual Items Excluding Goodwill": 287143.0,
        "Net Income From Continuing Operation Net Minority Interest": 2614363.0,
        "Reconciled Depreciation": 520873.0,
        "Reconciled Cost Of Revenue": 12925488.0,
        "EBITDA": 3351290.0,
        "EBIT": 3351290.0,
        "Net Interest Income": -650251.0,
        "Interest Expense": 650251.0,
        "Normalized Income": 2336434.382565,
        "Net Income From Continuing And Discontinued Operation": 2614363.0,
        "Total Expenses": 18197161.0,
        "Total Operating Income As Reported": 3064147.0,
        "Diluted Average Shares": 14257827.0,
        "Basic Average Shares": 14257827.0,
        "Diluted EPS": 0.18,
        "Basic EPS": 0.18,
        "Diluted NI Availto Com Stockholders": 2614363.0,
        "Net Income Common Stockholders": 2614363.0,
        "Net Income": 2614363.0,
        "Net Income Including Noncontrolling Interests": 2614363.0,
        "Net Income Continuous Operations": 2614363.0,
        "Tax Provision": 86676.0,
        "Pretax Income": 2701039.0,
        "Other Income Expense": 287143.0,
        "Other Non Operating Income Expenses": NaN,
        "Special Income Charges": 287143.0,
        "Other Special Charges": -287143.0,
        "Restructuring And Mergern Acquisition": NaN,
        "Gain On Sale Of Security": NaN,
        "Net Non Operating Interest Income Expense": -650251.0,
        "Interest Expense Non Operating": 650251.0,
        "Operating Income": 3064147.0,
        "Operating Expense": 5271673.0,
        "Selling General And Administration": 5271673.0,
        "General And Administrative Expense": 5271673.0,
        "Other Gand A": 1776981.0,
        "Salaries And Wages": 3494692.0,
        "Gross Profit": 8335820.0,
        "Cost Of Revenue": 12925488.0,
        "Total Revenue": 21261308.0,
        "Operating Revenue": 21261308.0
    },
    "2022-03-31": {
        "Diluted EPS": -0.09,
        "Total Revenue": 11,
        "Gross Profit": 5,
        "Operating Income": 1,
        "EBIT": 1,
        "Net Income": -1
    },
    "2021-12-31": {
        "Diluted EPS": -62.34,
        "Total Revenue": 13,
        "Gross Profit": 5,
        "Operating Income": 1,
        "EBIT": 2,
        "Net Income": -2
    },
    "2021-09-30": {
        "Diluted EPS": -6.62,
        "Total Revenue": 8,
        "Gross Profit": 4,
        "Operating Income": 1,
        "EBIT": 1,
        "Net Income": 0
    },
    "2021-06-30": {
        "Diluted EPS": 48.54,
        "Total Revenue": 11,
        "Gross Profit": 6,
        "Operating Income": 3,
        "EBIT": 3,
        "Net Income": 2
    },
    "2021-03-31": {
        "Diluted EPS": -23.68,
        "Total Revenue": 6,
        "Gross Profit": 3,
        "Operating Income": 0,
        "EBIT": 1,
        "Net Income": -1
    },
    "2020-12-31": {
        "Diluted EPS": 0.0,
        "Total Revenue": NaN,
        "Gross Profit": NaN,
        "Operating Income": NaN,
        "EBIT": NaN,
        "Net Income": NaN
    },
    "2023-06-30": {
        "Tax Effect Of Unusual Items": 0.0,
        "Tax Rate For Calcs": 0.058,
        "Normalized EBITDA": 2892000.0,
        "Total Unusual Items": 0.0,
        "Total Unusual Items Excluding Goodwill": 0.0,
        "Net Income From Continuing Operation Net Minority Interest": 192000.0,
        "Reconciled Depreciation": 595000.0,
        "Reconciled Cost Of Revenue": 25331000.0,
        "EBITDA": 2892000.0,
        "EBIT": 2297000.0,
        "Net Interest Income": -1028000.0,
        "Interest Expense": 1028000.0,
        "Normalized Income": 192000.0,
        "Net Income From Continuing And Discontinued Operation": 192000.0,
        "Total Expenses": 33149000.0,
        "Total Operating Income As Reported": 2255000.0,
        "Diluted Average Shares": 3113000.0,
        "Basic Average Shares": 2921000.0,
        "Diluted EPS": 0.03,
        "Basic EPS": 0.03,
        "Diluted NI Availto Com Stockholders": 93000.0,
        "Net Income Common Stockholders": 93000.0,
        "Otherunder Preferred Stock Dividend": 99000.0,
        "Net Income": 192000.0,
        "Minority Interests": -1003000.0,
        "Net Income Including Noncontrolling Interests": 1195000.0,
        "Net Income Continuous Operations": 1195000.0,
        "Tax Provision": 74000.0,
        "Pretax Income": 1269000.0,
        "Other Income Expense": 42000.0,
        "Other Non Operating Income Expenses": 42000.0,
        "Special Income Charges": 0.0,
        "Other Special Charges": NaN,
        "Restructuring And Mergern Acquisition": 0.0,
        "Net Non Operating Interest Income Expense": -1028000.0,
        "Interest Expense Non Operating": 1028000.0,
        "Operating Income": 2255000.0,
        "Operating Expense": 7818000.0,
        "Selling General And Administration": 7818000.0,
        "General And Administrative Expense": 7818000.0,
        "Other Gand A": 3265000.0,
        "Salaries And Wages": 4553000.0,
        "Gross Profit": 10073000.0,
        "Cost Of Revenue": 25331000.0,
        "Total Revenue": 35404000.0,
        "Operating Revenue": 35404000.0
    },
    "2023-09-30": {
        "Tax Effect Of Unusual Items": 0.0,
        "Tax Rate For Calcs": 0.047,
        "Normalized EBITDA": 5168198.0,
        "Total Unusual Items": 0.0,
        "Total Unusual Items Excluding Goodwill": 0.0,
        "Net Income From Continuing Operation Net Minority Interest": 3350854.0,
        "Reconciled Depreciation": 591460.0,
        "Reconciled Cost Of Revenue": 47719306.0,
        "EBITDA": 5168198.0,
        "EBIT": 4576738.0,
        "Net Interest Income": -1059890.0,
        "Interest Expense": 1059890.0,
        "Normalized Income": 3350854.0,
        "Net Income From Continuing And Discontinued Operation": 3350854.0,
        "Total Expenses": 54978717.0,
        "Total Operating Income As Reported": 4493407.0,
        "Diluted Average Shares": 14827165.0,
        "Basic Average Shares": 14268168.0,
        "Diluted EPS": 0.23,
        "Basic EPS": 0.23,
        "Diluted NI Availto Com Stockholders": 3350854.0,
        "Net Income Common Stockholders": 3350854.0,
        "Otherunder Preferred Stock Dividend": NaN,
        "Net Income": 3350854.0,
        "Minority Interests": NaN,
        "Net Income Including Noncontrolling Interests": 3350854.0,
        "Net Income Continuous Operations": 3350854.0,
        "Tax Provision": 165994.0,
        "Pretax Income": 3516848.0,
        "Other Income Expense": 83331.0,
        "Other Non Operating Income Expenses": 83331.0,
        "Special Income Charges": 0.0,
        "Other Special Charges": NaN,
        "Restructuring And Mergern Acquisition": NaN,
        "Net Non Operating Interest Income Expense": -1059890.0,
        "Interest Expense Non Operating": 1059890.0,
        "Operating Income": 4493407.0,
        "Operating Expense": 7259411.0,
        "Selling General And Administration": 7259411.0,
        "General And Administrative Expense": 7259411.0,
        "Other Gand A": 2512330.0,
        "Salaries And Wages": 4747081.0,
        "Gross Profit": 11752818.0,
        "Cost Of Revenue": 47719306.0,
        "Total Revenue": 59472124.0,
        "Operating Revenue": 59472124.0
    },
    "2023-12-31": {
        "Tax Effect Of Unusual Items": -48.3,
        "Tax Rate For Calcs": 0.21,
        "Normalized EBITDA": -7783448.0,
        "Total Unusual Items": -230.0,
        "Total Unusual Items Excluding Goodwill": -230.0,
        "Net Income From Continuing Operation Net Minority Interest": -5405876.0,
        "Reconciled Depreciation": 596540.0,
        "Reconciled Cost Of Revenue": 31695672.0,
        "EBITDA": -7783678.0,
        "EBIT": -8380218.0,
        "Net Interest Income": -1273316.0,
        "Interest Expense": 1273316.0,
        "Normalized Income": -5405694.3,
        "Net Income From Continuing And Discontinued Operation": -5405876.0,
        "Total Expenses": 49802682.0,
        "Total Operating Income As Reported": -8791516.0,
        "Diluted Average Shares": 15019000.0,
        "Basic Average Shares": 14296000.0,
        "Diluted EPS": -0.09,
        "Basic EPS": -0.09,
        "Diluted NI Availto Com Stockholders": -5405876.0,
        "Net Income Common Stockholders": -5405876.0,
        "Otherunder Preferred Stock Dividend": NaN,
        "Net Income": -5405876.0,
        "Minority Interests": NaN,
        "Net Income Including Noncontrolling Interests": -10055876.0,
        "Net Income Continuous Operations": -10055876.0,
        "Tax Provision": 402342.0,
        "Pretax Income": -9653534.0,
        "Other Income Expense": 411298.0,
        "Other Non Operating Income Expenses": 411528.0,
        "Special Income Charges": -230.0,
        "Other Special Charges": 230.0,
        "Restructuring And Mergern Acquisition": NaN,
        "Net Non Operating Interest Income Expense": -1273316.0,
        "Interest Expense Non Operating": 1273316.0,
        "Operating Income": -8791516.0,
        "Operating Expense": 18107010.0,
        "Selling General And Administration": 9277010.0,
        "General And Administrative Expense": 9277010.0,
        "Other Gand A": 4481416.0,
        "Salaries And Wages": 4795594.0,
        "Gross Profit": 9315494.0,
        "Cost Of Revenue": 31695672.0,
        "Total Revenue": 41011166.0,
        "Operating Revenue": 41011166.0
    },
    "2024-06-30": {
        "Tax Effect Of Unusual Items": 0.0,
        "Tax Rate For Calcs": 0.08,
        "Normalized EBITDA": -1463000.0,
        "Total Unusual Items": 0.0,
        "Total Unusual Items Excluding Goodwill": 0.0,
        "Net Income From Continuing Operation Net Minority Interest": -590000.0,
        "Reconciled Depreciation": 594000.0,
        "Reconciled Cost Of Revenue": 15924000.0,
        "EBITDA": -1463000.0,
        "EBIT": -2057000.0,
        "Net Interest Income": -1358000.0,
        "Interest Expense": 1358000.0,
        "Normalized Income": -590000.0,
        "Net Income From Continuing And Discontinued Operation": -590000.0,
        "Total Expenses": 23920000.0,
        "Total Operating Income As Reported": -2065000.0,
        "Diluted Average Shares": 3701000.0,
        "Basic Average Shares": 3701000.0,
        "Diluted EPS": -0.16,
        "Basic EPS": -0.16,
        "Diluted NI Availto Com Stockholders": -590000.0,
        "Net Income Common Stockholders": -590000.0,
        "Otherunder Preferred Stock Dividend": 0.0,
        "Net Income": -590000.0,
        "Minority Interests": 2551000.0,
        "Net Income Including Noncontrolling Interests": -3141000.0,
        "Net Income Continuous Operations": -3141000.0,
        "Tax Provision": -274000.0,
        "Pretax Income": -3415000.0,
        "Other Income Expense": 8000.0,
        "Other Non Operating Income Expenses": 8000.0,
        "Special Income Charges": 0.0,
        "Other Special Charges": NaN,
        "Restructuring And Mergern Acquisition": NaN,
        "Net Non Operating Interest Income Expense": -1358000.0,
        "Interest Expense Non Operating": 1358000.0,
        "Operating Income": -2065000.0,
        "Operating Expense": 7996000.0,
        "Selling General And Administration": 7996000.0,
        "General And Administrative Expense": 7996000.0,
        "Other Gand A": 3830000.0,
        "Salaries And Wages": 4166000.0,
        "Gross Profit": 5931000.0,
        "Cost Of Revenue": 15924000.0,
        "Total Revenue": 21855000.0,
        "Operating Revenue": 21855000.0
    },
    "2024-03-31": {
        "Tax Effect Of Unusual Items": 0.0,
        "Tax Rate For Calcs": 0.05,
        "Normalized EBITDA": -2126000.0,
        "Total Unusual Items": 0.0,
        "Total Unusual Items Excluding Goodwill": 0.0,
        "Net Income From Continuing Operation Net Minority Interest": -775000.0,
        "Reconciled Depreciation": 596000.0,
        "Reconciled Cost Of Revenue": 17277000.0,
        "EBITDA": -2126000.0,
        "EBIT": -2722000.0,
        "Net Interest Income": -1297000.0,
        "Interest Expense": 1297000.0,
        "Normalized Income": -775000.0,
        "Net Income From Continuing And Discontinued Operation": -775000.0,
        "Total Expenses": 25082000.0,
        "Total Operating Income As Reported": -2807000.0,
        "Diluted Average Shares": 3509000.0,
        "Basic Average Shares": 3509000.0,
        "Diluted EPS": -0.22,
        "Basic EPS": -0.22,
        "Diluted NI Availto Com Stockholders": -775000.0,
        "Net Income Common Stockholders": -775000.0,
        "Otherunder Preferred Stock Dividend": NaN,
        "Net Income": -775000.0,
        "Minority Interests": 3044000.0,
        "Net Income Including Noncontrolling Interests": -3819000.0,
        "Net Income Continuous Operations": -3819000.0,
        "Tax Provision": -200000.0,
        "Pretax Income": -4019000.0,
        "Other Income Expense": 85000.0,
        "Other Non Operating Income Expenses": 85000.0,
        "Special Income Charges": 0.0,
        "Other Special Charges": NaN,
        "Restructuring And Mergern Acquisition": NaN,
        "Net Non Operating Interest Income Expense": -1297000.0,
        "Interest Expense Non Operating": 1297000.0,
        "Operating Income": -2807000.0,
        "Operating Expense": 7805000.0,
        "Selling General And Administration": 7805000.0,
        "General And Administrative Expense": 7805000.0,
        "Other Gand A": 3281000.0,
        "Salaries And Wages": 4524000.0,
        "Gross Profit": 4998000.0,
        "Cost Of Revenue": 17277000.0,
        "Total Revenue": 22275000.0,
        "Operating Revenue": 22275000.0
    }
}