{
    "2022-06-30": {
        "Diluted EPS": 0.0,
        "Total Revenue": NaN,
        "Gross Profit": NaN,
        "Operating Income": NaN,
        "EBIT": NaN,
        "Net Income": NaN
    },
    "2021-12-31": {
        "Diluted EPS": 0.0,
        "Total Revenue": NaN,
        "Gross Profit": NaN,
        "Operating Income": NaN,
        "Net Income": NaN
    },
    "2021-06-30": {
        "Diluted EPS": 0.0,
        "Total Revenue": NaN,
        "Gross Profit": NaN,
        "Operating Income": NaN,
        "EBIT": NaN,
        "Net Income": NaN
    },
    "2020-06-30": {
        "Diluted EPS": 0.0,
        "Total Revenue": NaN,
        "Gross Profit": NaN,
        "Operating Income": NaN,
        "EBIT": NaN,
        "Net Income": NaN
    },
    "2019-12-31": {
        "Diluted EPS": 0.0,
        "Total Revenue": NaN,
        "Gross Profit": NaN,
        "Operating Income": NaN,
        "EBIT": NaN,
        "Net Income": NaN
    },
    "2019-06-30": {
        "Diluted EPS": 0.0,
        "Total Revenue": NaN,
        "Gross Profit": NaN,
        "Operating Income": NaN,
        "EBIT": NaN,
        "Net Income": NaN
    },
    "2018-12-31": {
        "Diluted EPS": 0.0,
        "Total Revenue": NaN,
        "Gross Profit": NaN,
        "Operating Income": NaN,
        "EBIT": NaN,
        "Net Income": NaN
    },
    "2018-06-30": {
        "Diluted EPS": 0.0,
        "Total Revenue": NaN,
        "Gross Profit": NaN,
        "Operating Income": NaN,
        "EBIT": NaN,
        "Net Income": NaN
    },
    "2017-12-31": {
        "Diluted EPS": 0.0,
        "Total Revenue": NaN,
        "Gross Profit": NaN,
        "Operating Income": NaN,
        "EBIT": NaN,
        "Net Income": NaN
    },
    "2017-06-30": {
        "Diluted EPS": 0.0,
        "Total Revenue": NaN,
        "Gross Profit": NaN,
        "Operating Income": NaN,
        "EBIT": NaN,
        "Net Income": NaN
    },
    "2016-06-30": {
        "Diluted EPS": 0.0,
        "Total Revenue": NaN,
        "Gross Profit": NaN,
        "Operating Income": NaN,
        "EBIT": NaN,
        "Net Income": NaN
    },
    "2016-03-31": {
        "Diluted EPS": 0.0,
        "Total Revenue": NaN,
        "Gross Profit": NaN,
        "Operating Income": NaN,
        "EBIT": NaN,
        "Net Income": NaN
    },
    "2015-12-31": {
        "Diluted EPS": 0.0,
        "Total Revenue": NaN,
        "Gross Profit": NaN,
        "Operating Income": NaN,
        "EBIT": NaN,
        "Net Income": NaN
    },
    "2015-06-30": {
        "Diluted EPS": 0.12,
        "Total Revenue": 49,
        "Gross Profit": 7,
        "Operating Income": 4,
        "EBIT": -8,
        "Net Income": 5
    },
    "2015-03-31": {
        "Diluted EPS": 0.03,
        "Total Revenue": 50,
        "Gross Profit": 13,
        "Operating Income": 8,
        "EBIT": 12,
        "Net Income": 1
    },
    "2014-12-31": {
        "Diluted EPS": 0.0,
        "Total Revenue": 42,
        "Gross Profit": 6,
        "Operating Income": 0,
        "EBIT": 5,
        "Net Income": 0
    },
    "2014-09-30": {
        "Diluted EPS": -0.01,
        "Total Revenue": 49,
        "Gross Profit": 7,
        "Operating Income": 2,
        "EBIT": 6,
        "Net Income": 0
    },
    "2014-06-30": {
        "Diluted EPS": -0.01,
        "Total Revenue": 42,
        "Gross Profit": -9,
        "Operating Income": 3,
        "EBIT": 6,
        "Net Income": 0
    },
    "2014-03-31": {
        "Diluted EPS": -0.06,
        "Total Revenue": 39,
        "Gross Profit": 5,
        "Operating Income": -3,
        "EBIT": 1,
        "Net Income": -2
    },
    "2013-12-31": {
        "Diluted EPS": -0.01,
        "Total Revenue": 41,
        "Gross Profit": 5,
        "Operating Income": 1,
        "EBIT": 5,
        "Net Income": 0
    },
    "2013-09-30": {
        "Diluted EPS": -0.03,
        "Total Revenue": 48,
        "Gross Profit": 7,
        "Operating Income": -1,
        "EBIT": 3,
        "Net Income": -1
    },
    "2013-06-30": {
        "Diluted EPS": -0.49,
        "Total Revenue": 46,
        "Gross Profit": 137,
        "Operating Income": 183,
        "EBIT": 175,
        "Net Income": -18
    },
    "2013-03-31": {
        "Diluted EPS": 0.18,
        "Total Revenue": 59,
        "Gross Profit": -121,
        "Operating Income": -171,
        "EBIT": -127,
        "Net Income": 7
    },
    "2012-12-31": {
        "Diluted EPS": 0.28,
        "Total Revenue": 67,
        "Gross Profit": 27,
        "Operating Income": 17,
        "EBIT": 21,
        "Net Income": 11
    },
    "2012-09-30": {
        "Diluted EPS": 0.26,
        "Total Revenue": 64,
        "Gross Profit": 23,
        "Operating Income": 12,
        "EBIT": 16,
        "Net Income": 10
    },
    "2012-06-30": {
        "Diluted EPS": 0.2,
        "Total Revenue": 51,
        "Gross Profit": -116,
        "Operating Income": -102,
        "EBIT": -86,
        "Net Income": 8
    },
    "2012-03-31": {
        "Diluted EPS": 0.17,
        "Total Revenue": 59,
        "Gross Profit": 21,
        "Operating Income": 10,
        "EBIT": 2,
        "Net Income": 6
    },
    "2011-12-31": {
        "Diluted EPS": 0.4,
        "Total Revenue": 57,
        "Gross Profit": 23,
        "Operating Income": 14,
        "EBIT": 18,
        "Net Income": 16
    },
    "2011-09-30": {
        "Diluted EPS": 0.28,
        "Total Revenue": 114,
        "Gross Profit": 29,
        "Operating Income": 20,
        "EBIT": 23,
        "Net Income": 11
    },
    "2011-06-30": {
        "Diluted EPS": -1.42,
        "Total Revenue": 93,
        "Gross Profit": 16,
        "Operating Income": 4,
        "EBIT": 87,
        "Net Income": -54
    },
    "2011-03-31": {
        "Diluted EPS": 0.18,
        "Total Revenue": 94,
        "Gross Profit": 21,
        "Operating Income": 10,
        "EBIT": 14,
        "Net Income": 7
    },
    "2010-12-31": {
        "Diluted EPS": 0.12,
        "Total Revenue": 95,
        "Gross Profit": 22,
        "Operating Income": 12,
        "EBIT": 17,
        "Net Income": 5
    },
    "2010-09-30": {
        "Diluted EPS": 0.0,
        "Total Revenue": 90,
        "Gross Profit": 14,
        "Operating Income": 5,
        "EBIT": 9,
        "Net Income": 0
    },
    "2010-06-30": {
        "Diluted EPS": 0.85,
        "Total Revenue": 71,
        "Gross Profit": -9,
        "Operating Income": 17,
        "EBIT": -1,
        "Net Income": 33
    },
    "2010-03-31": {
        "Diluted EPS": 0.04,
        "Total Revenue": 70,
        "Gross Profit": 13,
        "Operating Income": 0,
        "EBIT": 6,
        "Net Income": 2
    },
    "2009-12-31": {
        "Diluted EPS": 0.02,
        "Total Revenue": 67,
        "Gross Profit": 12,
        "Operating Income": 2,
        "EBIT": 9,
        "Net Income": 1
    },
    "2009-09-30": {
        "Diluted EPS": -0.2,
        "Total Revenue": 57,
        "Gross Profit": 0,
        "Operating Income": -12,
        "EBIT": -6,
        "Net Income": -8
    },
    "2009-06-30": {
        "Diluted EPS": 0.1,
        "Total Revenue": 50,
        "Gross Profit": 5,
        "Operating Income": -8,
        "EBIT": -8,
        "Net Income": 5
    },
    "2009-03-31": {
        "Diluted EPS": 0.0,
        "Total Revenue": 54,
        "Gross Profit": 12,
        "Operating Income": 8,
        "EBIT": 8,
        "Net Income": 4
    }
}