{
    "2023-06-30": {
        "Tax Effect Of Unusual Items": 2318410.026858,
        "Tax Rate For Calcs": 0.376365,
        "Normalized EBITDA": -556000.0,
        "Total Unusual Items": 6160000.0,
        "Total Unusual Items Excluding Goodwill": 6160000.0,
        "Net Income From Continuing Operation Net Minority Interest": 3483000.0,
        "Reconciled Depreciation": 7049000.0,
        "Reconciled Cost Of Revenue": 65711000.0,
        "EBITDA": 5604000.0,
        "EBIT": 5604000.0,
        "Net Interest Income": 1979000.0,
        "Interest Expense": 19000.0,
        "Interest Income": 1998000.0,
        "Normalized Income": -358589.973142,
        "Net Income From Continuing And Discontinued Operation": 3483000.0,
        "Total Expenses": 92161000.0,
        "Total Operating Income As Reported": 3606000.0,
        "Diluted Average Shares": 34490000.0,
        "Basic Average Shares": 34130000.0,
        "Diluted EPS": 0.1,
        "Basic EPS": 0.1,
        "Diluted NI Availto Com Stockholders": 3483000.0,
        "Net Income Common Stockholders": 3483000.0,
        "Net Income": 3483000.0,
        "Net Income Including Noncontrolling Interests": 3483000.0,
        "Net Income Continuous Operations": 3483000.0,
        "Tax Provision": 2102000.0,
        "Pretax Income": 5585000.0,
        "Other Income Expense": 6160000.0,
        "Special Income Charges": 1348000.0,
        "Gain On Sale Of Ppe": 738000.0,
        "Write Off": NaN,
        "Impairment Of Capital Assets": NaN,
        "Restructuring And Mergern Acquisition": -610000.0,
        "Gain On Sale Of Security": 4812000.0,
        "Net Non Operating Interest Income Expense": 1979000.0,
        "Interest Expense Non Operating": 19000.0,
        "Interest Income Non Operating": 1998000.0,
        "Operating Income": -2554000.0,
        "Operating Expense": 26450000.0,
        "Research And Development": 3202000.0,
        "Selling General And Administration": 23248000.0,
        "Gross Profit": 23896000.0,
        "Cost Of Revenue": 65711000.0,
        "Total Revenue": 89607000.0,
        "Operating Revenue": 89607000.0
    },
    "2023-03-31": {
        "Tax Effect Of Unusual Items": 799890.0,
        "Tax Rate For Calcs": 0.21,
        "Normalized EBITDA": 2206000.0,
        "Total Unusual Items": 3809000.0,
        "Total Unusual Items Excluding Goodwill": 3809000.0,
        "Net Income From Continuing Operation Net Minority Interest": 2311000.0,
        "Reconciled Depreciation": 6889000.0,
        "Reconciled Cost Of Revenue": 65502000.0,
        "EBITDA": 6015000.0,
        "EBIT": 6015000.0,
        "Net Interest Income": 2747000.0,
        "Interest Expense": 80000.0,
        "Interest Income": 2827000.0,
        "Normalized Income": -698110.0,
        "Net Income From Continuing And Discontinued Operation": 2311000.0,
        "Total Expenses": 91486000.0,
        "Total Operating Income As Reported": 3188000.0,
        "Diluted Average Shares": 34489000.0,
        "Basic Average Shares": 34128000.0,
        "Diluted EPS": 0.07,
        "Basic EPS": 0.07,
        "Diluted NI Availto Com Stockholders": 2311000.0,
        "Net Income Common Stockholders": 2311000.0,
        "Net Income": 2311000.0,
        "Net Income Including Noncontrolling Interests": 2311000.0,
        "Net Income Continuous Operations": 2311000.0,
        "Tax Provision": 3624000.0,
        "Pretax Income": 5935000.0,
        "Other Income Expense": 3809000.0,
        "Special Income Charges": 4929000.0,
        "Gain On Sale Of Ppe": 6647000.0,
        "Write Off": NaN,
        "Impairment Of Capital Assets": NaN,
        "Restructuring And Mergern Acquisition": 1718000.0,
        "Gain On Sale Of Security": -1120000.0,
        "Net Non Operating Interest Income Expense": 2747000.0,
        "Interest Expense Non Operating": 80000.0,
        "Interest Income Non Operating": 2827000.0,
        "Operating Income": -621000.0,
        "Operating Expense": 25984000.0,
        "Research And Development": 3399000.0,
        "Selling General And Administration": 22585000.0,
        "Gross Profit": 25363000.0,
        "Cost Of Revenue": 65502000.0,
        "Total Revenue": 90865000.0,
        "Operating Revenue": 90865000.0
    },
    "2022-12-31": {
        "Tax Effect Of Unusual Items": -637350.0,
        "Tax Rate For Calcs": 0.21,
        "Normalized EBITDA": 3706000.0,
        "Total Unusual Items": -3035000.0,
        "Total Unusual Items Excluding Goodwill": -3035000.0,
        "Net Income From Continuing Operation Net Minority Interest": -252000.0,
        "Reconciled Depreciation": 7069000.0,
        "Reconciled Cost Of Revenue": 66567000.0,
        "EBITDA": 671000.0,
        "EBIT": 671000.0,
        "Net Interest Income": 3378000.0,
        "Interest Expense": -68000.0,
        "Interest Income": 3378000.0,
        "Normalized Income": 2145650.0,
        "Net Income From Continuing And Discontinued Operation": -252000.0,
        "Total Expenses": 96143000.0,
        "Total Operating Income As Reported": -2364000.0,
        "Diluted Average Shares": 34038000.0,
        "Basic Average Shares": 34038000.0,
        "Diluted EPS": -0.01,
        "Basic EPS": -0.01,
        "Diluted NI Availto Com Stockholders": -252000.0,
        "Net Income Common Stockholders": -252000.0,
        "Net Income": -252000.0,
        "Net Income Including Noncontrolling Interests": -252000.0,
        "Net Income Continuous Operations": -252000.0,
        "Tax Provision": 1266000.0,
        "Pretax Income": 1014000.0,
        "Other Income Expense": -3035000.0,
        "Special Income Charges": -1217000.0,
        "Gain On Sale Of Ppe": 2249000.0,
        "Write Off": 0.0,
        "Impairment Of Capital Assets": 623000.0,
        "Restructuring And Mergern Acquisition": 3466000.0,
        "Gain On Sale Of Security": -1818000.0,
        "Net Non Operating Interest Income Expense": 3378000.0,
        "Interest Expense Non Operating": -68000.0,
        "Interest Income Non Operating": 3378000.0,
        "Operating Income": 671000.0,
        "Operating Expense": 29576000.0,
        "Research And Development": 2699000.0,
        "Selling General And Administration": 26877000.0,
        "Gross Profit": 30247000.0,
        "Cost Of Revenue": 66567000.0,
        "Total Revenue": 96814000.0,
        "Operating Revenue": 96814000.0
    },
    "2022-09-30": {
        "Tax Effect Of Unusual Items": 6798800.0,
        "Tax Rate For Calcs": 0.4,
        "Normalized EBITDA": 4857000.0,
        "Total Unusual Items": 16997000.0,
        "Total Unusual Items Excluding Goodwill": 16997000.0,
        "Net Income From Continuing Operation Net Minority Interest": 15210000.0,
        "Reconciled Depreciation": 7123000.0,
        "Reconciled Cost Of Revenue": 65710000.0,
        "EBITDA": 21854000.0,
        "EBIT": 14731000.0,
        "Net Interest Income": 248000.0,
        "Interest Expense": 131000.0,
        "Interest Income": 379000.0,
        "Normalized Income": 5011800.0,
        "Net Income From Continuing And Discontinued Operation": 15210000.0,
        "Total Expenses": 90786000.0,
        "Total Operating Income As Reported": 14352000.0,
        "Diluted Average Shares": 34232000.0,
        "Basic Average Shares": 33948000.0,
        "Diluted EPS": 0.44,
        "Basic EPS": 0.45,
        "Diluted NI Availto Com Stockholders": 15210000.0,
        "Net Income Common Stockholders": 15210000.0,
        "Net Income": 15210000.0,
        "Net Income Including Noncontrolling Interests": 15210000.0,
        "Net Income Continuous Operations": 15210000.0,
        "Tax Provision": -610000.0,
        "Pretax Income": 14600000.0,
        "Other Income Expense": 16997000.0,
        "Special Income Charges": 15096000.0,
        "Gain On Sale Of Ppe": 17276000.0,
        "Write Off": 0.0,
        "Impairment Of Capital Assets": 0.0,
        "Restructuring And Mergern Acquisition": 2180000.0,
        "Gain On Sale Of Security": 1901000.0,
        "Net Non Operating Interest Income Expense": 248000.0,
        "Interest Expense Non Operating": 131000.0,
        "Interest Income Non Operating": 379000.0,
        "Operating Income": -2645000.0,
        "Operating Expense": 25076000.0,
        "Research And Development": 2645000.0,
        "Selling General And Administration": 22431000.0,
        "Gross Profit": 22431000.0,
        "Cost Of Revenue": 65710000.0,
        "Total Revenue": 88141000.0,
        "Operating Revenue": 88141000.0
    },
    "2022-06-30": {
        "Tax Effect Of Unusual Items": -1186400.0,
        "Tax Rate For Calcs": 0.4,
        "Normalized EBITDA": 7340000.0,
        "Total Unusual Items": -2966000.0,
        "Total Unusual Items Excluding Goodwill": -2966000.0,
        "Net Income From Continuing Operation Net Minority Interest": -5570000.0,
        "Reconciled Depreciation": 7670000.0,
        "Reconciled Cost Of Revenue": 69663000.0,
        "EBITDA": 4374000.0,
        "EBIT": -3296000.0,
        "Net Interest Income": 474000.0,
        "Interest Expense": 99000.0,
        "Interest Income": 573000.0,
        "Normalized Income": -3790400.0,
        "Net Income From Continuing And Discontinued Operation": -5570000.0,
        "Total Expenses": 94881000.0,
        "Total Operating Income As Reported": -3869000.0,
        "Diluted Average Shares": 34476000.0,
        "Basic Average Shares": 34476000.0,
        "Diluted EPS": -0.16,
        "Basic EPS": -0.16,
        "Diluted NI Availto Com Stockholders": -5570000.0,
        "Net Income Common Stockholders": -5570000.0,
        "Net Income": -5570000.0,
        "Net Income Including Noncontrolling Interests": -5570000.0,
        "Net Income Continuous Operations": -5570000.0,
        "Tax Provision": 2175000.0,
        "Pretax Income": -3395000.0,
        "Other Income Expense": -2966000.0,
        "Special Income Charges": -5385000.0,
        "Gain On Sale Of Ppe": 380000.0,
        "Write Off": 0.0,
        "Impairment Of Capital Assets": 5055000.0,
        "Restructuring And Mergern Acquisition": 710000.0,
        "Gain On Sale Of Security": 2419000.0,
        "Net Non Operating Interest Income Expense": 474000.0,
        "Interest Expense Non Operating": 99000.0,
        "Interest Income Non Operating": 573000.0,
        "Operating Income": -903000.0,
        "Operating Expense": 25218000.0,
        "Research And Development": 2720000.0,
        "Selling General And Administration": 22498000.0,
        "Gross Profit": 24315000.0,
        "Cost Of Revenue": 69663000.0,
        "Total Revenue": 93978000.0,
        "Operating Revenue": 93978000.0
    },
    "2022-03-31": {
        "Diluted EPS": -0.26,
        "Total Revenue": 83,
        "Gross Profit": 19,
        "Operating Income": -6,
        "EBIT": 2,
        "Net Income": -9
    },
    "2021-12-31": {
        "Diluted EPS": -1.8,
        "Total Revenue": 78,
        "Gross Profit": 17,
        "Operating Income": -72,
        "EBIT": -64,
        "Net Income": -63
    },
    "2021-09-30": {
        "Diluted EPS": -0.31,
        "Total Revenue": 83,
        "Gross Profit": 20,
        "Operating Income": -7,
        "EBIT": 1,
        "Net Income": -11
    },
    "2021-06-30": {
        "Diluted EPS": -0.54,
        "Total Revenue": 81,
        "Gross Profit": 19,
        "Operating Income": -15,
        "EBIT": -7,
        "Net Income": -19
    },
    "2021-03-31": {
        "Diluted EPS": -0.97,
        "Total Revenue": 81,
        "Gross Profit": 24,
        "Operating Income": -32,
        "EBIT": -24,
        "Net Income": -34
    },
    "2020-12-31": {
        "Diluted EPS": -0.33,
        "Total Revenue": 87,
        "Gross Profit": 23,
        "Operating Income": -12,
        "EBIT": -4,
        "Net Income": -11
    },
    "2020-09-30": {
        "Diluted EPS": 0.41,
        "Total Revenue": 91,
        "Gross Profit": 24,
        "Operating Income": -2,
        "EBIT": 6,
        "Net Income": 14
    },
    "2020-06-30": {
        "Diluted EPS": -0.4,
        "Total Revenue": 90,
        "Gross Profit": 24,
        "Operating Income": -8,
        "EBIT": 0,
        "Net Income": -14
    },
    "2020-03-31": {
        "Diluted EPS": -0.55,
        "Total Revenue": 96,
        "Gross Profit": 25,
        "Operating Income": -42,
        "EBIT": -33,
        "Net Income": -20
    },
    "2019-12-31": {
        "Diluted EPS": 0.21,
        "Total Revenue": 108,
        "Gross Profit": 33,
        "Operating Income": 6,
        "EBIT": 15,
        "Net Income": 7
    },
    "2019-09-30": {
        "Diluted EPS": -0.04,
        "Total Revenue": 108,
        "Gross Profit": 32,
        "Operating Income": 0,
        "EBIT": 9,
        "Net Income": -1
    },
    "2019-06-30": {
        "Diluted EPS": 0.05,
        "Total Revenue": 104,
        "Gross Profit": 30,
        "Operating Income": 2,
        "EBIT": 11,
        "Net Income": 2
    },
    "2019-03-31": {
        "Diluted EPS": -0.17,
        "Total Revenue": 94,
        "Gross Profit": 25,
        "Operating Income": -6,
        "EBIT": 3,
        "Net Income": -6
    },
    "2018-12-31": {
        "Diluted EPS": -2.02,
        "Total Revenue": 97,
        "Gross Profit": 24,
        "Operating Income": -99,
        "EBIT": -89,
        "Net Income": -75
    },
    "2018-09-30": {
        "Diluted EPS": -0.28,
        "Total Revenue": 93,
        "Gross Profit": 22,
        "Operating Income": -14,
        "EBIT": -5,
        "Net Income": -10
    },
    "2018-06-30": {
        "Diluted EPS": -0.08,
        "Total Revenue": 95,
        "Gross Profit": 19,
        "Operating Income": -4,
        "EBIT": 5,
        "Net Income": -3
    },
    "2018-03-31": {
        "Diluted EPS": -0.2,
        "Total Revenue": 99,
        "Gross Profit": 26,
        "Operating Income": -6,
        "EBIT": 2,
        "Net Income": -7
    },
    "2017-12-31": {
        "Diluted EPS": -1.91,
        "Total Revenue": 108,
        "Gross Profit": 11,
        "Operating Income": -5,
        "EBIT": 4,
        "Net Income": -71
    },
    "2017-09-30": {
        "Diluted EPS": -0.78,
        "Total Revenue": 100,
        "Gross Profit": 37,
        "Operating Income": -62,
        "EBIT": -53,
        "Net Income": -29
    },
    "2017-06-30": {
        "Diluted EPS": 0.0,
        "Total Revenue": 128,
        "Gross Profit": 40,
        "Operating Income": -1,
        "EBIT": 12,
        "Net Income": 0
    },
    "2017-03-31": {
        "Diluted EPS": 0.0,
        "Total Revenue": 119,
        "Gross Profit": 37,
        "Operating Income": -1,
        "EBIT": 9,
        "Net Income": 0
    },
    "2016-12-31": {
        "Diluted EPS": 0.03,
        "Total Revenue": 106,
        "Gross Profit": 28,
        "Operating Income": -5,
        "EBIT": 4,
        "Net Income": 1
    },
    "2016-09-30": {
        "Diluted EPS": 0.51,
        "Total Revenue": 124,
        "Gross Profit": 46,
        "Operating Income": 23,
        "EBIT": 31,
        "Net Income": 19
    },
    "2016-06-30": {
        "Diluted EPS": 0.96,
        "Total Revenue": 142,
        "Gross Profit": 63,
        "Operating Income": 45,
        "EBIT": 53,
        "Net Income": 36
    },
    "2016-03-31": {
        "Diluted EPS": 0.97,
        "Total Revenue": 167,
        "Gross Profit": 73,
        "Operating Income": 49,
        "EBIT": 57,
        "Net Income": 37
    },
    "2015-12-31": {
        "Diluted EPS": 1.27,
        "Total Revenue": 202,
        "Gross Profit": 93,
        "Operating Income": 60,
        "EBIT": 68,
        "Net Income": 48
    },
    "2015-09-30": {
        "Diluted EPS": 1.32,
        "Total Revenue": 201,
        "Gross Profit": 93,
        "Operating Income": 64,
        "EBIT": 72,
        "Net Income": 51
    },
    "2015-06-30": {
        "Diluted EPS": 1.01,
        "Total Revenue": 215,
        "Gross Profit": 98,
        "Operating Income": 53,
        "EBIT": 60,
        "Net Income": 39
    },
    "2015-03-31": {
        "Diluted EPS": 1.38,
        "Total Revenue": 226,
        "Gross Profit": 101,
        "Operating Income": 72,
        "EBIT": 79,
        "Net Income": 54
    },
    "2014-12-31": {
        "Diluted EPS": 1.48,
        "Total Revenue": 255,
        "Gross Profit": 112,
        "Operating Income": 78,
        "EBIT": 87,
        "Net Income": 59
    },
    "2014-09-30": {
        "Diluted EPS": 1.4,
        "Total Revenue": 242,
        "Gross Profit": 107,
        "Operating Income": 73,
        "EBIT": 81,
        "Net Income": 56
    },
    "2014-06-30": {
        "Diluted EPS": 1.27,
        "Total Revenue": 230,
        "Gross Profit": 105,
        "Operating Income": 69,
        "EBIT": 76,
        "Net Income": 51
    },
    "2014-03-31": {
        "Diluted EPS": 1.04,
        "Total Revenue": 204,
        "Gross Profit": 93,
        "Operating Income": 59,
        "EBIT": 66,
        "Net Income": 43
    },
    "2013-12-31": {
        "Diluted EPS": 1.15,
        "Total Revenue": 232,
        "Gross Profit": 100,
        "Operating Income": 63,
        "EBIT": 71,
        "Net Income": 47
    },
    "2013-09-30": {
        "Diluted EPS": 0.98,
        "Total Revenue": 225,
        "Gross Profit": 93,
        "Operating Income": 52,
        "EBIT": 59,
        "Net Income": 40
    },
    "2013-06-30": {
        "Diluted EPS": 1.05,
        "Total Revenue": 222,
        "Gross Profit": 89,
        "Operating Income": 56,
        "EBIT": 64,
        "Net Income": 43
    },
    "2013-03-31": {
        "Diluted EPS": 0.98,
        "Total Revenue": 193,
        "Gross Profit": 77,
        "Operating Income": 52,
        "EBIT": 59,
        "Net Income": 40
    },
    "2012-12-31": {
        "Diluted EPS": 0.76,
        "Total Revenue": 188,
        "Gross Profit": 74,
        "Operating Income": 42,
        "EBIT": 48,
        "Net Income": 31
    },
    "2012-09-30": {
        "Diluted EPS": 0.73,
        "Total Revenue": 191,
        "Gross Profit": 69,
        "Operating Income": 39,
        "EBIT": 46,
        "Net Income": 30
    },
    "2012-06-30": {
        "Diluted EPS": 0.74,
        "Total Revenue": 177,
        "Gross Profit": 68,
        "Operating Income": 41,
        "EBIT": 48,
        "Net Income": 30
    },
    "2012-03-31": {
        "Diluted EPS": 0.71,
        "Total Revenue": 177,
        "Gross Profit": 70,
        "Operating Income": 40,
        "EBIT": 46,
        "Net Income": 29
    },
    "2011-12-31": {
        "Diluted EPS": 0.69,
        "Total Revenue": 172,
        "Gross Profit": 68,
        "Operating Income": 37,
        "EBIT": 43,
        "Net Income": 28
    },
    "2011-09-30": {
        "Diluted EPS": 0.58,
        "Total Revenue": 155,
        "Gross Profit": 59,
        "Operating Income": 32,
        "EBIT": 38,
        "Net Income": 23
    },
    "2011-06-30": {
        "Diluted EPS": 0.55,
        "Total Revenue": 137,
        "Gross Profit": 55,
        "Operating Income": 30,
        "EBIT": 35,
        "Net Income": 22
    },
    "2011-03-31": {
        "Diluted EPS": 0.54,
        "Total Revenue": 138,
        "Gross Profit": 58,
        "Operating Income": 31,
        "EBIT": 36,
        "Net Income": 22
    },
    "2010-12-31": {
        "Diluted EPS": 0.52,
        "Total Revenue": 142,
        "Gross Profit": 60,
        "Operating Income": 27,
        "EBIT": 33,
        "Net Income": 21
    },
    "2010-09-30": {
        "Diluted EPS": 0.69,
        "Total Revenue": 140,
        "Gross Profit": 61,
        "Operating Income": 38,
        "EBIT": 43,
        "Net Income": 28
    },
    "2010-06-30": {
        "Diluted EPS": 0.7,
        "Total Revenue": 142,
        "Gross Profit": 62,
        "Operating Income": 39,
        "EBIT": 45,
        "Net Income": 28
    },
    "2010-03-31": {
        "Diluted EPS": 0.64,
        "Total Revenue": 143,
        "Gross Profit": 61,
        "Operating Income": 35,
        "EBIT": 39,
        "Net Income": 26
    },
    "2009-12-31": {
        "Diluted EPS": 0.72,
        "Total Revenue": 141,
        "Gross Profit": 59,
        "Operating Income": 37,
        "EBIT": 41,
        "Net Income": 29
    },
    "2009-09-30": {
        "Diluted EPS": 0.63,
        "Total Revenue": 138,
        "Gross Profit": 60,
        "Operating Income": 34,
        "EBIT": 39,
        "Net Income": 25
    },
    "2009-06-30": {
        "Diluted EPS": 0.68,
        "Total Revenue": 133,
        "Gross Profit": 56,
        "Operating Income": 36,
        "EBIT": 41,
        "Net Income": 27
    },
    "2009-03-31": {
        "Diluted EPS": 0.63,
        "Total Revenue": 128,
        "Gross Profit": 56,
        "Operating Income": 35,
        "EBIT": 39,
        "Net Income": 25
    },
    "2023-09-30": {
        "Tax Effect Of Unusual Items": -1608180.0,
        "Tax Rate For Calcs": 0.21,
        "Normalized EBITDA": 9245000.0,
        "Total Unusual Items": -7658000.0,
        "Total Unusual Items Excluding Goodwill": -7658000.0,
        "Net Income From Continuing Operation Net Minority Interest": -7034000.0,
        "Reconciled Depreciation": NaN,
        "Reconciled Cost Of Revenue": 85603000.0,
        "EBITDA": 1587000.0,
        "EBIT": 1587000.0,
        "Net Interest Income": 2312000.0,
        "Interest Expense": NaN,
        "Interest Income": 2312000.0,
        "Normalized Income": -984180.0,
        "Net Income From Continuing And Discontinued Operation": -7034000.0,
        "Total Expenses": 115657000.0,
        "Total Operating Income As Reported": -6071000.0,
        "Diluted Average Shares": 34132000.0,
        "Basic Average Shares": 34132000.0,
        "Diluted EPS": -0.21,
        "Basic EPS": -0.21,
        "Diluted NI Availto Com Stockholders": -7034000.0,
        "Net Income Common Stockholders": -7034000.0,
        "Net Income": -7034000.0,
        "Net Income Including Noncontrolling Interests": -7034000.0,
        "Net Income Continuous Operations": -7034000.0,
        "Tax Provision": 3275000.0,
        "Pretax Income": -3759000.0,
        "Other Income Expense": -7658000.0,
        "Special Income Charges": -6598000.0,
        "Gain On Sale Of Ppe": 1027000.0,
        "Write Off": NaN,
        "Impairment Of Capital Assets": NaN,
        "Restructuring And Mergern Acquisition": 7625000.0,
        "Gain On Sale Of Security": -1060000.0,
        "Net Non Operating Interest Income Expense": 2312000.0,
        "Interest Expense Non Operating": NaN,
        "Interest Income Non Operating": 2312000.0,
        "Operating Income": 1587000.0,
        "Operating Expense": 30054000.0,
        "Research And Development": 3061000.0,
        "Selling General And Administration": 26993000.0,
        "Gross Profit": 31641000.0,
        "Cost Of Revenue": 85603000.0,
        "Total Revenue": 117244000.0,
        "Operating Revenue": 117244000.0
    }
}