{
    "2023-03-31": {
        "Tax Effect Of Unusual Items": 0.0,
        "Tax Rate For Calcs": 0.4,
        "Normalized EBITDA": -8644000.0,
        "Net Income From Continuing Operation Net Minority Interest": -8187000.0,
        "Reconciled Depreciation": NaN,
        "EBITDA": -8644000.0,
        "EBIT": -8644000.0,
        "Net Interest Income": 478000.0,
        "Normalized Income": -8187000.0,
        "Net Income From Continuing And Discontinued Operation": -8187000.0,
        "Total Expenses": 8644000.0,
        "Total Operating Income As Reported": -8644000.0,
        "Diluted Average Shares": 69205654.0,
        "Basic Average Shares": 69205654.0,
        "Diluted EPS": -0.12,
        "Basic EPS": -0.12,
        "Diluted NI Availto Com Stockholders": -8187000.0,
        "Net Income Common Stockholders": -8187000.0,
        "Net Income": -8187000.0,
        "Net Income Including Noncontrolling Interests": -8187000.0,
        "Net Income Continuous Operations": -8187000.0,
        "Tax Provision": 21000.0,
        "Pretax Income": -8166000.0,
        "Net Non Operating Interest Income Expense": 478000.0,
        "Total Other Finance Cost": -478000.0,
        "Operating Income": -8644000.0,
        "Operating Expense": 8644000.0,
        "Research And Development": 6306000.0,
        "Selling General And Administration": 2338000.0,
        "Selling And Marketing Expense": 400000.0,
        "General And Administrative Expense": 1938000.0,
        "Other Gand A": 1938000.0,
        "Total Revenue": 0.0,
        "Operating Revenue": 0.0
    },
    "2022-12-31": {
        "Tax Effect Of Unusual Items": 0.0,
        "Tax Rate For Calcs": 0.4,
        "Normalized EBITDA": -7985000.0,
        "Net Income From Continuing Operation Net Minority Interest": -3396000.0,
        "Reconciled Depreciation": NaN,
        "EBITDA": -7985000.0,
        "EBIT": -7985000.0,
        "Net Interest Income": 7967000.0,
        "Normalized Income": -3396000.0,
        "Net Income From Continuing And Discontinued Operation": -3396000.0,
        "Total Expenses": 7985000.0,
        "Total Operating Income As Reported": -7985000.0,
        "Diluted Average Shares": 69175100.0,
        "Basic Average Shares": 69175100.0,
        "Diluted EPS": -0.04,
        "Basic EPS": -0.04,
        "Diluted NI Availto Com Stockholders": -3396000.0,
        "Net Income Common Stockholders": -3396000.0,
        "Net Income": -3396000.0,
        "Net Income Including Noncontrolling Interests": -3396000.0,
        "Net Income Continuous Operations": -3396000.0,
        "Tax Provision": 3000.0,
        "Pretax Income": -3393000.0,
        "Net Non Operating Interest Income Expense": 7967000.0,
        "Total Other Finance Cost": -6177000.0,
        "Operating Income": -7985000.0,
        "Operating Expense": 7985000.0,
        "Research And Development": 5380000.0,
        "Selling General And Administration": 2605000.0,
        "Selling And Marketing Expense": 397000.0,
        "General And Administrative Expense": 2208000.0,
        "Other Gand A": 2208000.0,
        "Total Revenue": 0.0,
        "Operating Revenue": 0.0
    },
    "2022-09-30": {
        "Tax Effect Of Unusual Items": 0.0,
        "Tax Rate For Calcs": 0.4,
        "Normalized EBITDA": -7358000.0,
        "Net Income From Continuing Operation Net Minority Interest": -2623000.0,
        "Reconciled Depreciation": NaN,
        "EBITDA": -7358000.0,
        "EBIT": -7358000.0,
        "Net Interest Income": 4744000.0,
        "Normalized Income": -2623000.0,
        "Net Income From Continuing And Discontinued Operation": -2623000.0,
        "Total Expenses": 7358000.0,
        "Total Operating Income As Reported": -7358000.0,
        "Diluted Average Shares": 68798251.0,
        "Basic Average Shares": 68798251.0,
        "Diluted EPS": -0.04,
        "Basic EPS": -0.04,
        "Diluted NI Availto Com Stockholders": -2623000.0,
        "Net Income Common Stockholders": -2623000.0,
        "Net Income": -2623000.0,
        "Net Income Including Noncontrolling Interests": -2623000.0,
        "Net Income Continuous Operations": -2623000.0,
        "Tax Provision": 9000.0,
        "Pretax Income": -2614000.0,
        "Net Non Operating Interest Income Expense": 4744000.0,
        "Total Other Finance Cost": -4744000.0,
        "Operating Income": -7358000.0,
        "Operating Expense": 7358000.0,
        "Research And Development": 4827000.0,
        "Selling General And Administration": 2531000.0,
        "Selling And Marketing Expense": 248000.0,
        "General And Administrative Expense": 2283000.0,
        "Other Gand A": 2283000.0,
        "Total Revenue": 0.0,
        "Operating Revenue": 0.0
    },
    "2022-06-30": {
        "Tax Effect Of Unusual Items": 0.0,
        "Tax Rate For Calcs": 0.4,
        "Normalized EBITDA": -8012000.0,
        "Net Income From Continuing Operation Net Minority Interest": -1999000.0,
        "Reconciled Depreciation": 244000.0,
        "EBITDA": -8012000.0,
        "EBIT": -8012000.0,
        "Net Interest Income": 6019000.0,
        "Normalized Income": -1999000.0,
        "Net Income From Continuing And Discontinued Operation": -1999000.0,
        "Total Expenses": 8012000.0,
        "Total Operating Income As Reported": -8012000.0,
        "Diluted Average Shares": 68427180.0,
        "Basic Average Shares": 68427180.0,
        "Diluted EPS": -0.03,
        "Basic EPS": -0.03,
        "Diluted NI Availto Com Stockholders": -1999000.0,
        "Net Income Common Stockholders": -1999000.0,
        "Net Income": -1999000.0,
        "Net Income Including Noncontrolling Interests": -1999000.0,
        "Net Income Continuous Operations": -1999000.0,
        "Tax Provision": 6000.0,
        "Pretax Income": -1993000.0,
        "Net Non Operating Interest Income Expense": 6019000.0,
        "Total Other Finance Cost": -6019000.0,
        "Operating Income": -8012000.0,
        "Operating Expense": 8012000.0,
        "Research And Development": 5448000.0,
        "Selling General And Administration": 2564000.0,
        "Selling And Marketing Expense": 121000.0,
        "General And Administrative Expense": 2443000.0,
        "Other Gand A": 2443000.0,
        "Total Revenue": 0.0,
        "Operating Revenue": 0.0
    },
    "2022-03-31": {
        "Diluted EPS": -0.54,
        "Total Revenue": NaN,
        "Gross Profit": NaN,
        "Operating Income": -9,
        "EBIT": -9,
        "Net Income": -26
    },
    "2021-12-31": {
        "Diluted EPS": -0.09,
        "Total Revenue": NaN,
        "Gross Profit": NaN,
        "Operating Income": -4,
        "EBIT": -4,
        "Net Income": -4
    },
    "2021-09-30": {
        "Diluted EPS": -0.12,
        "Total Revenue": NaN,
        "Gross Profit": NaN,
        "Operating Income": -4,
        "EBIT": -4,
        "Net Income": -5
    },
    "2021-06-30": {
        "Diluted EPS": -0.17,
        "Total Revenue": NaN,
        "Gross Profit": NaN,
        "Operating Income": -3,
        "EBIT": -3,
        "Net Income": -7
    },
    "2021-03-31": {
        "Diluted EPS": -0.29,
        "Total Revenue": NaN,
        "Gross Profit": NaN,
        "Operating Income": -3,
        "EBIT": -3,
        "Net Income": -12
    },
    "2020-12-31": {
        "Diluted EPS": 0.0,
        "Total Revenue": NaN,
        "Gross Profit": NaN,
        "Operating Income": NaN,
        "EBIT": NaN,
        "Net Income": NaN
    },
    "2020-09-30": {
        "Diluted EPS": 0.0,
        "Total Revenue": NaN,
        "Gross Profit": NaN,
        "Operating Income": 0,
        "EBIT": 0,
        "Net Income": 0
    },
    "2019-12-31": {
        "Diluted EPS": 0.0,
        "Total Revenue": NaN,
        "Gross Profit": NaN,
        "Operating Income": NaN,
        "EBIT": NaN,
        "Net Income": NaN
    },
    "2023-06-30": {
        "Tax Effect Of Unusual Items": 0.0,
        "Tax Rate For Calcs": 0.4,
        "Normalized EBITDA": -8168000.0,
        "Net Income From Continuing Operation Net Minority Interest": -8693000.0,
        "Reconciled Depreciation": NaN,
        "EBITDA": -8168000.0,
        "EBIT": -8168000.0,
        "Net Interest Income": 1445000.0,
        "Normalized Income": -8693000.0,
        "Net Income From Continuing And Discontinued Operation": -8693000.0,
        "Total Expenses": 8168000.0,
        "Total Operating Income As Reported": -8168000.0,
        "Diluted Average Shares": NaN,
        "Basic Average Shares": NaN,
        "Diluted EPS": NaN,
        "Basic EPS": NaN,
        "Diluted NI Availto Com Stockholders": -8693000.0,
        "Net Income Common Stockholders": -8693000.0,
        "Net Income": -8693000.0,
        "Net Income Including Noncontrolling Interests": -8693000.0,
        "Net Income Continuous Operations": -8693000.0,
        "Tax Provision": 26000.0,
        "Pretax Income": -8667000.0,
        "Net Non Operating Interest Income Expense": 1445000.0,
        "Total Other Finance Cost": 489000.0,
        "Operating Income": -8168000.0,
        "Operating Expense": 8168000.0,
        "Research And Development": 5955000.0,
        "Selling General And Administration": 2213000.0,
        "Selling And Marketing Expense": 520000.0,
        "General And Administrative Expense": 1693000.0,
        "Other Gand A": 1693000.0,
        "Total Revenue": 0.0,
        "Operating Revenue": 0.0
    }
}