{
    "2023-03-31": {
        "Tax Effect Of Unusual Items": NaN,
        "Tax Rate For Calcs": NaN,
        "Normalized EBITDA": NaN,
        "Total Unusual Items": NaN,
        "Total Unusual Items Excluding Goodwill": NaN,
        "Net Income From Continuing Operation Net Minority Interest": NaN,
        "Reconciled Depreciation": NaN,
        "Reconciled Cost Of Revenue": NaN,
        "EBITDA": NaN,
        "EBIT": NaN,
        "Net Interest Income": NaN,
        "Interest Expense": NaN,
        "Normalized Income": NaN,
        "Net Income From Continuing And Discontinued Operation": NaN,
        "Total Expenses": NaN,
        "Total Operating Income As Reported": NaN,
        "Diluted Average Shares": NaN,
        "Basic Average Shares": NaN,
        "Diluted EPS": NaN,
        "Basic EPS": NaN,
        "Diluted NI Availto Com Stockholders": NaN,
        "Average Dilution Earnings": -559000.0,
        "Net Income Common Stockholders": NaN,
        "Net Income": NaN,
        "Minority Interests": 0.0,
        "Net Income Including Noncontrolling Interests": NaN,
        "Net Income Continuous Operations": NaN,
        "Tax Provision": NaN,
        "Pretax Income": NaN,
        "Other Income Expense": NaN,
        "Special Income Charges": NaN,
        "Other Special Charges": NaN,
        "Write Off": NaN,
        "Impairment Of Capital Assets": 167000.0,
        "Restructuring And Mergern Acquisition": NaN,
        "Gain On Sale Of Security": NaN,
        "Net Non Operating Interest Income Expense": NaN,
        "Interest Expense Non Operating": NaN,
        "Operating Income": NaN,
        "Operating Expense": NaN,
        "Other Operating Expenses": NaN,
        "Depreciation Amortization Depletion Income Statement": NaN,
        "Depreciation And Amortization In Income Statement": NaN,
        "Selling General And Administration": NaN,
        "Selling And Marketing Expense": NaN,
        "General And Administrative Expense": NaN,
        "Other Gand A": NaN,
        "Gross Profit": NaN,
        "Cost Of Revenue": NaN,
        "Total Revenue": NaN,
        "Operating Revenue": NaN
    },
    "2022-12-31": {
        "Tax Effect Of Unusual Items": NaN,
        "Tax Rate For Calcs": NaN,
        "Normalized EBITDA": NaN,
        "Total Unusual Items": NaN,
        "Total Unusual Items Excluding Goodwill": NaN,
        "Net Income From Continuing Operation Net Minority Interest": NaN,
        "Reconciled Depreciation": NaN,
        "Reconciled Cost Of Revenue": NaN,
        "EBITDA": NaN,
        "EBIT": NaN,
        "Net Interest Income": NaN,
        "Interest Expense": NaN,
        "Normalized Income": NaN,
        "Net Income From Continuing And Discontinued Operation": NaN,
        "Total Expenses": NaN,
        "Total Operating Income As Reported": NaN,
        "Diluted Average Shares": NaN,
        "Basic Average Shares": NaN,
        "Diluted EPS": NaN,
        "Basic EPS": NaN,
        "Diluted NI Availto Com Stockholders": NaN,
        "Average Dilution Earnings": 397000.0,
        "Net Income Common Stockholders": NaN,
        "Net Income": NaN,
        "Minority Interests": NaN,
        "Net Income Including Noncontrolling Interests": NaN,
        "Net Income Continuous Operations": NaN,
        "Tax Provision": NaN,
        "Pretax Income": NaN,
        "Other Income Expense": NaN,
        "Special Income Charges": NaN,
        "Write Off": NaN,
        "Impairment Of Capital Assets": 0.0,
        "Restructuring And Mergern Acquisition": NaN,
        "Gain On Sale Of Security": NaN,
        "Net Non Operating Interest Income Expense": NaN,
        "Interest Expense Non Operating": NaN,
        "Operating Income": NaN,
        "Operating Expense": NaN,
        "Other Operating Expenses": NaN,
        "Depreciation Amortization Depletion Income Statement": NaN,
        "Depreciation And Amortization In Income Statement": NaN,
        "Selling General And Administration": NaN,
        "Selling And Marketing Expense": NaN,
        "General And Administrative Expense": NaN,
        "Other Gand A": NaN,
        "Gross Profit": NaN,
        "Cost Of Revenue": NaN,
        "Total Revenue": NaN,
        "Operating Revenue": NaN
    },
    "2022-09-30": {
        "Tax Effect Of Unusual Items": -5694570.342205,
        "Tax Rate For Calcs": 0.273764,
        "Normalized EBITDA": 137505000.0,
        "Total Unusual Items": -20801000.0,
        "Total Unusual Items Excluding Goodwill": -20801000.0,
        "Net Income From Continuing Operation Net Minority Interest": 38391000.0,
        "Reconciled Depreciation": 36518000.0,
        "Reconciled Cost Of Revenue": 232816000.0,
        "EBITDA": 116704000.0,
        "EBIT": 80186000.0,
        "Net Interest Income": -27323000.0,
        "Interest Expense": 27323000.0,
        "Normalized Income": 53497429.657795,
        "Net Income From Continuing And Discontinued Operation": 38391000.0,
        "Total Expenses": 415607000.0,
        "Total Operating Income As Reported": 95768000.0,
        "Diluted Average Shares": 166831000.0,
        "Basic Average Shares": 162760000.0,
        "Diluted EPS": 0.23,
        "Basic EPS": 0.23,
        "Diluted NI Availto Com Stockholders": 38391000.0,
        "Average Dilution Earnings": -721000.0,
        "Net Income Common Stockholders": 38391000.0,
        "Net Income": 38391000.0,
        "Minority Interests": 0.0,
        "Net Income Including Noncontrolling Interests": 38391000.0,
        "Net Income Continuous Operations": 38391000.0,
        "Tax Provision": 14472000.0,
        "Pretax Income": 52863000.0,
        "Other Income Expense": -20801000.0,
        "Special Income Charges": -5219000.0,
        "Write Off": 2894000.0,
        "Impairment Of Capital Assets": 0.0,
        "Restructuring And Mergern Acquisition": 2325000.0,
        "Gain On Sale Of Security": -15582000.0,
        "Net Non Operating Interest Income Expense": -27323000.0,
        "Interest Expense Non Operating": 27323000.0,
        "Operating Income": 100987000.0,
        "Operating Expense": 182791000.0,
        "Other Operating Expenses": 41795000.0,
        "Depreciation Amortization Depletion Income Statement": 36518000.0,
        "Depreciation And Amortization In Income Statement": 36518000.0,
        "Selling General And Administration": 104478000.0,
        "Selling And Marketing Expense": 22018000.0,
        "General And Administrative Expense": 82460000.0,
        "Other Gand A": 82460000.0,
        "Gross Profit": 283778000.0,
        "Cost Of Revenue": 232816000.0,
        "Total Revenue": 516594000.0,
        "Operating Revenue": 516594000.0
    },
    "2022-06-30": {
        "Tax Effect Of Unusual Items": -35227123.59669,
        "Tax Rate For Calcs": 0.248353,
        "Normalized EBITDA": 130308000.0,
        "Total Unusual Items": -141843000.0,
        "Total Unusual Items Excluding Goodwill": -141843000.0,
        "Net Income From Continuing Operation Net Minority Interest": -57044000.0,
        "Reconciled Depreciation": 38087000.0,
        "Reconciled Cost Of Revenue": 221782000.0,
        "EBITDA": -11535000.0,
        "EBIT": -49622000.0,
        "Net Interest Income": -26270000.0,
        "Interest Expense": 26270000.0,
        "Normalized Income": 49571876.40331,
        "Net Income From Continuing And Discontinued Operation": -57044000.0,
        "Total Expenses": 416403000.0,
        "Total Operating Income As Reported": -35685000.0,
        "Diluted Average Shares": 162781000.0,
        "Basic Average Shares": 162781000.0,
        "Diluted EPS": -0.34,
        "Basic EPS": -0.34,
        "Diluted NI Availto Com Stockholders": -57044000.0,
        "Average Dilution Earnings": NaN,
        "Net Income Common Stockholders": -57044000.0,
        "Net Income": -57044000.0,
        "Minority Interests": 0.0,
        "Net Income Including Noncontrolling Interests": -57044000.0,
        "Net Income Continuous Operations": -57044000.0,
        "Tax Provision": -18848000.0,
        "Pretax Income": -75892000.0,
        "Other Income Expense": -141843000.0,
        "Special Income Charges": -127906000.0,
        "Write Off": -882000.0,
        "Impairment Of Capital Assets": 125450000.0,
        "Restructuring And Mergern Acquisition": 3338000.0,
        "Gain On Sale Of Security": -13937000.0,
        "Net Non Operating Interest Income Expense": -26270000.0,
        "Interest Expense Non Operating": 26270000.0,
        "Operating Income": 92221000.0,
        "Operating Expense": 194621000.0,
        "Other Operating Expenses": 36466000.0,
        "Depreciation Amortization Depletion Income Statement": 38087000.0,
        "Depreciation And Amortization In Income Statement": 38087000.0,
        "Selling General And Administration": 120068000.0,
        "Selling And Marketing Expense": 22091000.0,
        "General And Administrative Expense": 97977000.0,
        "Other Gand A": 97977000.0,
        "Gross Profit": 286842000.0,
        "Cost Of Revenue": 221782000.0,
        "Total Revenue": 508624000.0,
        "Operating Revenue": 508624000.0
    },
    "2023-06-30": {
        "Tax Effect Of Unusual Items": NaN,
        "Tax Rate For Calcs": NaN,
        "Normalized EBITDA": NaN,
        "Total Unusual Items": NaN,
        "Total Unusual Items Excluding Goodwill": NaN,
        "Net Income From Continuing Operation Net Minority Interest": NaN,
        "Reconciled Depreciation": NaN,
        "Reconciled Cost Of Revenue": NaN,
        "EBITDA": NaN,
        "EBIT": NaN,
        "Net Interest Income": NaN,
        "Interest Expense": NaN,
        "Normalized Income": NaN,
        "Net Income From Continuing And Discontinued Operation": NaN,
        "Total Expenses": NaN,
        "Total Operating Income As Reported": NaN,
        "Diluted Average Shares": NaN,
        "Basic Average Shares": NaN,
        "Diluted EPS": NaN,
        "Basic EPS": NaN,
        "Diluted NI Availto Com Stockholders": NaN,
        "Average Dilution Earnings": NaN,
        "Net Income Common Stockholders": NaN,
        "Net Income": NaN,
        "Minority Interests": 0.0,
        "Net Income Including Noncontrolling Interests": NaN,
        "Net Income Continuous Operations": NaN,
        "Tax Provision": NaN,
        "Pretax Income": NaN,
        "Other Income Expense": NaN,
        "Special Income Charges": NaN,
        "Other Special Charges": NaN,
        "Write Off": NaN,
        "Impairment Of Capital Assets": 0.0,
        "Restructuring And Mergern Acquisition": NaN,
        "Gain On Sale Of Security": NaN,
        "Net Non Operating Interest Income Expense": NaN,
        "Interest Expense Non Operating": NaN,
        "Operating Income": NaN,
        "Operating Expense": NaN,
        "Other Operating Expenses": NaN,
        "Depreciation Amortization Depletion Income Statement": NaN,
        "Depreciation And Amortization In Income Statement": NaN,
        "Selling General And Administration": NaN,
        "Selling And Marketing Expense": NaN,
        "General And Administrative Expense": NaN,
        "Other Gand A": NaN,
        "Gross Profit": NaN,
        "Cost Of Revenue": NaN,
        "Total Revenue": NaN,
        "Operating Revenue": NaN
    },
    "2022-03-31": {
        "Diluted EPS": 0.2,
        "Total Revenue": 468,
        "Gross Profit": 205,
        "Operating Income": 74,
        "EBIT": 109,
        "Net Income": 34
    },
    "2021-12-31": {
        "Diluted EPS": -0.21,
        "Total Revenue": 392,
        "Gross Profit": 169,
        "Operating Income": 0,
        "EBIT": 36,
        "Net Income": -39
    },
    "2021-09-30": {
        "Diluted EPS": 0.19,
        "Total Revenue": 371,
        "Gross Profit": 165,
        "Operating Income": 64,
        "EBIT": 94,
        "Net Income": 33
    },
    "2021-06-30": {
        "Diluted EPS": 0.21,
        "Total Revenue": 375,
        "Gross Profit": 171,
        "Operating Income": 64,
        "EBIT": 92,
        "Net Income": 35
    },
    "2021-03-31": {
        "Diluted EPS": -0.13,
        "Total Revenue": 329,
        "Gross Profit": 146,
        "Operating Income": 50,
        "EBIT": 76,
        "Net Income": -20
    },
    "2020-12-31": {
        "Diluted EPS": -0.06,
        "Total Revenue": 289,
        "Gross Profit": 119,
        "Operating Income": 20,
        "EBIT": 53,
        "Net Income": -7
    },
    "2020-09-30": {
        "Diluted EPS": 0.04,
        "Total Revenue": 268,
        "Gross Profit": 123,
        "Operating Income": 38,
        "EBIT": 59,
        "Net Income": 4
    },
    "2020-06-30": {
        "Diluted EPS": 0.03,
        "Total Revenue": 168,
        "Gross Profit": 81,
        "Operating Income": 21,
        "EBIT": 31,
        "Net Income": 3
    },
    "2020-03-31": {
        "Diluted EPS": -0.04,
        "Total Revenue": 180,
        "Gross Profit": 79,
        "Operating Income": 16,
        "EBIT": 25,
        "Net Income": -4
    },
    "2019-12-31": {
        "Diluted EPS": 0.0,
        "Total Revenue": NaN,
        "Gross Profit": NaN,
        "Operating Income": NaN,
        "EBIT": NaN,
        "Net Income": NaN
    },
    "2018-12-31": {
        "Diluted EPS": 0.0,
        "Total Revenue": NaN,
        "Gross Profit": NaN,
        "Operating Income": NaN,
        "EBIT": NaN,
        "Net Income": NaN
    },
    "2023-09-30": {
        "Tax Effect Of Unusual Items": -154328323.716341,
        "Tax Rate For Calcs": 0.159619,
        "Normalized EBITDA": 103649000.0,
        "Total Unusual Items": -966856000.0,
        "Total Unusual Items Excluding Goodwill": -966856000.0,
        "Net Income From Continuing Operation Net Minority Interest": -799311000.0,
        "Reconciled Depreciation": 46630000.0,
        "Reconciled Cost Of Revenue": 287064000.0,
        "EBITDA": -863207000.0,
        "EBIT": -909837000.0,
        "Net Interest Income": -41292000.0,
        "Interest Expense": 41292000.0,
        "Normalized Income": 13216676.283659,
        "Net Income From Continuing And Discontinued Operation": -799311000.0,
        "Total Expenses": 524015000.0,
        "Total Operating Income As Reported": -906857000.0,
        "Diluted Average Shares": 162398000.0,
        "Basic Average Shares": 162398000.0,
        "Diluted EPS": -4.83,
        "Basic EPS": -4.82,
        "Diluted NI Availto Com Stockholders": -799311000.0,
        "Average Dilution Earnings": 15051000.0,
        "Net Income Common Stockholders": -799311000.0,
        "Net Income": -799311000.0,
        "Minority Interests": 0.0,
        "Net Income Including Noncontrolling Interests": -799311000.0,
        "Net Income Continuous Operations": -799311000.0,
        "Tax Provision": -151818000.0,
        "Pretax Income": -951129000.0,
        "Other Income Expense": -966856000.0,
        "Special Income Charges": -963876000.0,
        "Other Special Charges": NaN,
        "Write Off": 111239000.0,
        "Impairment Of Capital Assets": 850970000.0,
        "Restructuring And Mergern Acquisition": 1667000.0,
        "Gain On Sale Of Security": -2980000.0,
        "Net Non Operating Interest Income Expense": -41292000.0,
        "Interest Expense Non Operating": 41292000.0,
        "Operating Income": 57019000.0,
        "Operating Expense": 235960000.0,
        "Other Operating Expenses": 40188000.0,
        "Depreciation Amortization Depletion Income Statement": 45639000.0,
        "Depreciation And Amortization In Income Statement": 45639000.0,
        "Selling General And Administration": 150133000.0,
        "Selling And Marketing Expense": 27121000.0,
        "General And Administrative Expense": 123012000.0,
        "Other Gand A": 123012000.0,
        "Gross Profit": 292979000.0,
        "Cost Of Revenue": 288055000.0,
        "Total Revenue": 581034000.0,
        "Operating Revenue": 581034000.0
    },
    "2023-12-31": {
        "Tax Effect Of Unusual Items": -3839220.0,
        "Tax Rate For Calcs": 0.21,
        "Normalized EBITDA": 112948000.0,
        "Total Unusual Items": -18282000.0,
        "Total Unusual Items Excluding Goodwill": -18282000.0,
        "Net Income From Continuing Operation Net Minority Interest": -13149000.0,
        "Reconciled Depreciation": 46040000.0,
        "Reconciled Cost Of Revenue": 263724000.0,
        "EBITDA": 94666000.0,
        "EBIT": 48626000.0,
        "Net Interest Income": -43892000.0,
        "Interest Expense": 43892000.0,
        "Normalized Income": 1293780.0,
        "Net Income From Continuing And Discontinued Operation": -13149000.0,
        "Total Expenses": 486769000.0,
        "Total Operating Income As Reported": 45545000.0,
        "Diluted Average Shares": 159573000.0,
        "Basic Average Shares": 159573000.0,
        "Diluted EPS": -0.08,
        "Basic EPS": -0.08,
        "Diluted NI Availto Com Stockholders": -14726000.0,
        "Average Dilution Earnings": -17250000.0,
        "Net Income Common Stockholders": 2524000.0,
        "Net Income": -13149000.0,
        "Minority Interests": 0.0,
        "Net Income Including Noncontrolling Interests": -13149000.0,
        "Net Income Continuous Operations": -13149000.0,
        "Tax Provision": 17883000.0,
        "Pretax Income": 4734000.0,
        "Other Income Expense": -18282000.0,
        "Special Income Charges": -21363000.0,
        "Other Special Charges": NaN,
        "Write Off": 15453000.0,
        "Impairment Of Capital Assets": 0.0,
        "Restructuring And Mergern Acquisition": 5910000.0,
        "Gain On Sale Of Security": 3081000.0,
        "Net Non Operating Interest Income Expense": -43892000.0,
        "Interest Expense Non Operating": 43892000.0,
        "Operating Income": 66908000.0,
        "Operating Expense": 223045000.0,
        "Other Operating Expenses": 42305000.0,
        "Depreciation Amortization Depletion Income Statement": 46040000.0,
        "Depreciation And Amortization In Income Statement": 46040000.0,
        "Selling General And Administration": 134700000.0,
        "Selling And Marketing Expense": 23743000.0,
        "General And Administrative Expense": 110957000.0,
        "Other Gand A": 110957000.0,
        "Gross Profit": 289953000.0,
        "Cost Of Revenue": 263724000.0,
        "Total Revenue": 553677000.0,
        "Operating Revenue": 553677000.0
    },
    "2024-03-31": {
        "Tax Effect Of Unusual Items": -5342610.0,
        "Tax Rate For Calcs": 0.21,
        "Normalized EBITDA": 124212000.0,
        "Total Unusual Items": -25441000.0,
        "Total Unusual Items Excluding Goodwill": -25441000.0,
        "Net Income From Continuing Operation Net Minority Interest": 4261000.0,
        "Reconciled Depreciation": 44574000.0,
        "Reconciled Cost Of Revenue": 270063000.0,
        "EBITDA": 98771000.0,
        "EBIT": 54197000.0,
        "Net Interest Income": -43772000.0,
        "Interest Expense": 43772000.0,
        "Normalized Income": 24359390.0,
        "Net Income From Continuing And Discontinued Operation": 4261000.0,
        "Total Expenses": 492588000.0,
        "Total Operating Income As Reported": 58518000.0,
        "Diluted Average Shares": 160604000.0,
        "Basic Average Shares": 159631000.0,
        "Diluted EPS": 0.03,
        "Basic EPS": 0.03,
        "Diluted NI Availto Com Stockholders": 4244000.0,
        "Average Dilution Earnings": -17000.0,
        "Net Income Common Stockholders": 4261000.0,
        "Net Income": 4261000.0,
        "Minority Interests": 0.0,
        "Net Income Including Noncontrolling Interests": 4261000.0,
        "Net Income Continuous Operations": 4261000.0,
        "Tax Provision": 6164000.0,
        "Pretax Income": 10425000.0,
        "Other Income Expense": -25441000.0,
        "Special Income Charges": -21120000.0,
        "Other Special Charges": NaN,
        "Write Off": 19326000.0,
        "Impairment Of Capital Assets": NaN,
        "Restructuring And Mergern Acquisition": 1794000.0,
        "Gain On Sale Of Security": -4321000.0,
        "Net Non Operating Interest Income Expense": -43772000.0,
        "Interest Expense Non Operating": 43772000.0,
        "Operating Income": 79638000.0,
        "Operating Expense": 221180000.0,
        "Other Operating Expenses": 37479000.0,
        "Depreciation Amortization Depletion Income Statement": 43229000.0,
        "Depreciation And Amortization In Income Statement": 43229000.0,
        "Selling General And Administration": 140472000.0,
        "Selling And Marketing Expense": 24070000.0,
        "General And Administrative Expense": 116402000.0,
        "Other Gand A": 116402000.0,
        "Gross Profit": 300818000.0,
        "Cost Of Revenue": 271408000.0,
        "Total Revenue": 572226000.0,
        "Operating Revenue": 572226000.0
    },
    "2024-06-30": {
        "Tax Effect Of Unusual Items": -5003028.0,
        "Tax Rate For Calcs": 0.372,
        "Normalized EBITDA": 138977000.0,
        "Total Unusual Items": -13449000.0,
        "Total Unusual Items Excluding Goodwill": -13449000.0,
        "Net Income From Continuing Operation Net Minority Interest": 30159000.0,
        "Reconciled Depreciation": 45702000.0,
        "Reconciled Cost Of Revenue": 285061000.0,
        "EBITDA": 125528000.0,
        "EBIT": 79826000.0,
        "Net Interest Income": -31796000.0,
        "Interest Expense": 31796000.0,
        "Normalized Income": 38604972.0,
        "Net Income From Continuing And Discontinued Operation": 30159000.0,
        "Total Expenses": 518291000.0,
        "Total Operating Income As Reported": 80507000.0,
        "Diluted Average Shares": 160765000.0,
        "Basic Average Shares": 159795000.0,
        "Diluted EPS": 0.18,
        "Basic EPS": 0.18,
        "Diluted NI Availto Com Stockholders": 30159000.0,
        "Average Dilution Earnings": NaN,
        "Net Income Common Stockholders": 30159000.0,
        "Net Income": 30159000.0,
        "Minority Interests": NaN,
        "Net Income Including Noncontrolling Interests": 30159000.0,
        "Net Income Continuous Operations": 30159000.0,
        "Tax Provision": 17871000.0,
        "Pretax Income": 48030000.0,
        "Other Income Expense": -13449000.0,
        "Special Income Charges": -12768000.0,
        "Other Special Charges": NaN,
        "Write Off": 12497000.0,
        "Impairment Of Capital Assets": NaN,
        "Restructuring And Mergern Acquisition": 271000.0,
        "Gain On Sale Of Security": -681000.0,
        "Net Non Operating Interest Income Expense": -31796000.0,
        "Interest Expense Non Operating": 31796000.0,
        "Operating Income": 93275000.0,
        "Operating Expense": 232161000.0,
        "Other Operating Expenses": 41494000.0,
        "Depreciation Amortization Depletion Income Statement": 44633000.0,
        "Depreciation And Amortization In Income Statement": 44633000.0,
        "Selling General And Administration": 146034000.0,
        "Selling And Marketing Expense": 24911000.0,
        "General And Administrative Expense": 121123000.0,
        "Other Gand A": 121123000.0,
        "Gross Profit": 325436000.0,
        "Cost Of Revenue": 286130000.0,
        "Total Revenue": 611566000.0,
        "Operating Revenue": 611566000.0
    },
    "2024-09-30": {
        "Tax Effect Of Unusual Items": -5139750.0,
        "Tax Rate For Calcs": 0.21,
        "Normalized EBITDA": 107391000.0,
        "Total Unusual Items": -24475000.0,
        "Total Unusual Items Excluding Goodwill": -24475000.0,
        "Net Income From Continuing Operation Net Minority Interest": -14947000.0,
        "Reconciled Depreciation": 44379000.0,
        "Reconciled Cost Of Revenue": 270433000.0,
        "EBITDA": 82916000.0,
        "EBIT": 38537000.0,
        "Net Interest Income": -43677000.0,
        "Interest Expense": 43677000.0,
        "Normalized Income": 4388250.0,
        "Net Income From Continuing And Discontinued Operation": -14947000.0,
        "Total Expenses": 528667000.0,
        "Total Operating Income As Reported": 39507000.0,
        "Diluted Average Shares": 159804000.0,
        "Basic Average Shares": 159804000.0,
        "Diluted EPS": -0.09,
        "Basic EPS": -0.09,
        "Diluted NI Availto Com Stockholders": -14947000.0,
        "Average Dilution Earnings": NaN,
        "Net Income Common Stockholders": -14947000.0,
        "Net Income": -14947000.0,
        "Minority Interests": NaN,
        "Net Income Including Noncontrolling Interests": -14947000.0,
        "Net Income Continuous Operations": -14947000.0,
        "Tax Provision": 9807000.0,
        "Pretax Income": -5140000.0,
        "Other Income Expense": -24475000.0,
        "Special Income Charges": -23710000.0,
        "Other Special Charges": 205000.0,
        "Write Off": 24111000.0,
        "Impairment Of Capital Assets": 0.0,
        "Restructuring And Mergern Acquisition": -606000.0,
        "Gain On Sale Of Security": -765000.0,
        "Net Non Operating Interest Income Expense": -43677000.0,
        "Interest Expense Non Operating": 43677000.0,
        "Operating Income": 63012000.0,
        "Operating Expense": 257212000.0,
        "Other Operating Expenses": 37266000.0,
        "Depreciation Amortization Depletion Income Statement": 43357000.0,
        "Depreciation And Amortization In Income Statement": 43357000.0,
        "Selling General And Administration": 176589000.0,
        "Selling And Marketing Expense": 26823000.0,
        "General And Administrative Expense": 149766000.0,
        "Other Gand A": 149766000.0,
        "Gross Profit": 320224000.0,
        "Cost Of Revenue": 271455000.0,
        "Total Revenue": 591679000.0,
        "Operating Revenue": 591679000.0
    }
}