{
    "2023-03-31": {
        "Tax Effect Of Unusual Items": 0.0,
        "Tax Rate For Calcs": 0.0,
        "Normalized EBITDA": -21651000.0,
        "Net Income From Continuing Operation Net Minority Interest": -19294000.0,
        "Reconciled Depreciation": 129000.0,
        "EBITDA": -21651000.0,
        "EBIT": -21651000.0,
        "Normalized Income": -19294000.0,
        "Net Income From Continuing And Discontinued Operation": -19294000.0,
        "Total Expenses": 21651000.0,
        "Total Operating Income As Reported": -21651000.0,
        "Diluted Average Shares": 55908033.0,
        "Basic Average Shares": 55908033.0,
        "Diluted EPS": -0.35,
        "Basic EPS": -0.35,
        "Diluted NI Availto Com Stockholders": -19294000.0,
        "Net Income Common Stockholders": -19294000.0,
        "Net Income": -19294000.0,
        "Net Income Including Noncontrolling Interests": -19294000.0,
        "Net Income Continuous Operations": -19294000.0,
        "Pretax Income": -19294000.0,
        "Other Income Expense": 2357000.0,
        "Other Non Operating Income Expenses": 2357000.0,
        "Operating Income": -21651000.0,
        "Operating Expense": 21651000.0,
        "Research And Development": 15730000.0,
        "Selling General And Administration": 5921000.0,
        "General And Administrative Expense": 5921000.0,
        "Other Gand A": 5921000.0,
        "Total Revenue": 0.0,
        "Operating Revenue": 0.0
    },
    "2022-12-31": {
        "Tax Effect Of Unusual Items": 0.0,
        "Tax Rate For Calcs": 0.0,
        "Normalized EBITDA": -19392000.0,
        "Net Income From Continuing Operation Net Minority Interest": -17340000.0,
        "Reconciled Depreciation": 124000.0,
        "EBITDA": -19392000.0,
        "EBIT": -19392000.0,
        "Normalized Income": -17340000.0,
        "Net Income From Continuing And Discontinued Operation": -17340000.0,
        "Total Expenses": 19392000.0,
        "Total Operating Income As Reported": -19392000.0,
        "Diluted Average Shares": 55866598.0,
        "Basic Average Shares": 55866598.0,
        "Diluted EPS": -0.31,
        "Basic EPS": -0.31,
        "Diluted NI Availto Com Stockholders": -17340000.0,
        "Net Income Common Stockholders": -17340000.0,
        "Net Income": -17340000.0,
        "Net Income Including Noncontrolling Interests": -17340000.0,
        "Net Income Continuous Operations": -17340000.0,
        "Pretax Income": -17340000.0,
        "Other Income Expense": 2052000.0,
        "Other Non Operating Income Expenses": 2052000.0,
        "Operating Income": -19392000.0,
        "Operating Expense": 19392000.0,
        "Research And Development": 14255000.0,
        "Selling General And Administration": 5137000.0,
        "General And Administrative Expense": 5137000.0,
        "Other Gand A": 5137000.0,
        "Total Revenue": 0.0,
        "Operating Revenue": 0.0
    },
    "2022-09-30": {
        "Tax Effect Of Unusual Items": 0.0,
        "Tax Rate For Calcs": 0.0,
        "Normalized EBITDA": -19084000.0,
        "Net Income From Continuing Operation Net Minority Interest": -17704000.0,
        "Reconciled Depreciation": 108000.0,
        "EBITDA": -19084000.0,
        "EBIT": -19192000.0,
        "Normalized Income": -17704000.0,
        "Net Income From Continuing And Discontinued Operation": -17704000.0,
        "Total Expenses": 19192000.0,
        "Total Operating Income As Reported": -19192000.0,
        "Diluted Average Shares": 55782329.0,
        "Basic Average Shares": 55782329.0,
        "Diluted EPS": -0.32,
        "Basic EPS": -0.32,
        "Diluted NI Availto Com Stockholders": -17704000.0,
        "Net Income Common Stockholders": -17704000.0,
        "Net Income": -17704000.0,
        "Net Income Including Noncontrolling Interests": -17704000.0,
        "Net Income Continuous Operations": -17704000.0,
        "Pretax Income": -17704000.0,
        "Other Income Expense": 1488000.0,
        "Other Non Operating Income Expenses": 1488000.0,
        "Operating Income": -19192000.0,
        "Operating Expense": 19192000.0,
        "Research And Development": 14304000.0,
        "Selling General And Administration": 4888000.0,
        "General And Administrative Expense": 4888000.0,
        "Other Gand A": 4888000.0,
        "Total Revenue": 0.0,
        "Operating Revenue": 0.0
    },
    "2022-06-30": {
        "Tax Effect Of Unusual Items": 0.0,
        "Tax Rate For Calcs": 0.0,
        "Normalized EBITDA": -15547000.0,
        "Net Income From Continuing Operation Net Minority Interest": -14999000.0,
        "Reconciled Depreciation": 92000.0,
        "EBITDA": -15547000.0,
        "EBIT": -15639000.0,
        "Normalized Income": -14999000.0,
        "Net Income From Continuing And Discontinued Operation": -14999000.0,
        "Total Expenses": 15639000.0,
        "Total Operating Income As Reported": -15639000.0,
        "Diluted Average Shares": 55670780.0,
        "Basic Average Shares": 55670780.0,
        "Diluted EPS": -0.27,
        "Basic EPS": -0.27,
        "Diluted NI Availto Com Stockholders": -14999000.0,
        "Net Income Common Stockholders": -14999000.0,
        "Net Income": -14999000.0,
        "Net Income Including Noncontrolling Interests": -14999000.0,
        "Net Income Continuous Operations": -14999000.0,
        "Pretax Income": -14999000.0,
        "Other Income Expense": 640000.0,
        "Other Non Operating Income Expenses": 640000.0,
        "Operating Income": -15639000.0,
        "Operating Expense": 15639000.0,
        "Research And Development": 11295000.0,
        "Selling General And Administration": 4344000.0,
        "General And Administrative Expense": 4344000.0,
        "Other Gand A": 4344000.0,
        "Total Revenue": 0.0,
        "Operating Revenue": 0.0
    },
    "2022-03-31": {
        "Diluted EPS": -0.24,
        "Total Revenue": NaN,
        "Gross Profit": NaN,
        "Operating Income": -13,
        "EBIT": -13,
        "Net Income": -13
    },
    "2021-12-31": {
        "Diluted EPS": -0.11,
        "Total Revenue": NaN,
        "Gross Profit": NaN,
        "Operating Income": -11,
        "EBIT": -11,
        "Net Income": -11
    },
    "2021-09-30": {
        "Diluted EPS": -0.21,
        "Total Revenue": NaN,
        "Gross Profit": NaN,
        "Operating Income": -11,
        "EBIT": -11,
        "Net Income": -11
    },
    "2021-06-30": {
        "Diluted EPS": -0.14,
        "Total Revenue": NaN,
        "Gross Profit": NaN,
        "Operating Income": -8,
        "EBIT": -8,
        "Net Income": -8
    },
    "2021-03-31": {
        "Diluted EPS": -0.31,
        "Total Revenue": NaN,
        "Gross Profit": NaN,
        "Operating Income": -6,
        "EBIT": -6,
        "Net Income": -6
    },
    "2020-12-31": {
        "Diluted EPS": -0.33,
        "Total Revenue": 0,
        "Gross Profit": 0,
        "Operating Income": -4,
        "EBIT": -4,
        "Net Income": -4
    },
    "2020-09-30": {
        "Diluted EPS": -0.09,
        "Total Revenue": 0,
        "Gross Profit": 0,
        "Operating Income": -2,
        "EBIT": -2,
        "Net Income": -2
    },
    "2020-06-30": {
        "Diluted EPS": -0.06,
        "Total Revenue": 0,
        "Gross Profit": 0,
        "Operating Income": -1,
        "EBIT": -1,
        "Net Income": -1
    },
    "2020-03-31": {
        "Diluted EPS": -0.04,
        "Total Revenue": 0,
        "Gross Profit": 0,
        "Operating Income": -1,
        "EBIT": -1,
        "Net Income": -1
    },
    "2023-06-30": {
        "Tax Effect Of Unusual Items": 0.0,
        "Tax Rate For Calcs": 0.0,
        "Normalized EBITDA": -22463000.0,
        "Net Income From Continuing Operation Net Minority Interest": -19937000.0,
        "Reconciled Depreciation": 133000.0,
        "EBITDA": -22463000.0,
        "EBIT": -22596000.0,
        "Normalized Income": -19937000.0,
        "Net Income From Continuing And Discontinued Operation": -19937000.0,
        "Total Expenses": 22596000.0,
        "Total Operating Income As Reported": -22596000.0,
        "Diluted Average Shares": 55948990.0,
        "Basic Average Shares": 55948990.0,
        "Diluted EPS": -0.36,
        "Basic EPS": -0.36,
        "Diluted NI Availto Com Stockholders": -19937000.0,
        "Net Income Common Stockholders": -19937000.0,
        "Net Income": -19937000.0,
        "Net Income Including Noncontrolling Interests": -19937000.0,
        "Net Income Continuous Operations": -19937000.0,
        "Pretax Income": -19937000.0,
        "Other Income Expense": 2659000.0,
        "Other Non Operating Income Expenses": 2659000.0,
        "Operating Income": -22596000.0,
        "Operating Expense": 22596000.0,
        "Research And Development": 17064000.0,
        "Selling General And Administration": 5532000.0,
        "General And Administrative Expense": 5532000.0,
        "Other Gand A": 5532000.0,
        "Total Revenue": 0.0,
        "Operating Revenue": 0.0
    }
}