{
    "2023-03-31": {
        "Tax Effect Of Unusual Items": 798000.0,
        "Tax Rate For Calcs": 0.21,
        "Normalized EBITDA": 34800000.0,
        "Total Unusual Items": 3800000.0,
        "Total Unusual Items Excluding Goodwill": 3800000.0,
        "Net Income From Continuing Operation Net Minority Interest": 500000.0,
        "Reconciled Depreciation": 25100000.0,
        "Reconciled Cost Of Revenue": 352400000.0,
        "EBITDA": 38600000.0,
        "EBIT": 13500000.0,
        "Net Interest Income": -11200000.0,
        "Interest Expense": 12600000.0,
        "Interest Income": 1400000.0,
        "Normalized Income": -2502000.0,
        "Net Income From Continuing And Discontinued Operation": 500000.0,
        "Total Expenses": 391700000.0,
        "Total Operating Income As Reported": 11900000.0,
        "Diluted Average Shares": 45143654.0,
        "Basic Average Shares": 45143654.0,
        "Diluted EPS": -0.05,
        "Basic EPS": -0.05,
        "Diluted NI Availto Com Stockholders": -2200000.0,
        "Average Dilution Earnings": 0.0,
        "Net Income Common Stockholders": -2200000.0,
        "Otherunder Preferred Stock Dividend": NaN,
        "Preferred Stock Dividends": 2700000.0,
        "Net Income": 500000.0,
        "Net Income Including Noncontrolling Interests": 500000.0,
        "Net Income Continuous Operations": 1300000.0,
        "Tax Provision": -400000.0,
        "Pretax Income": 900000.0,
        "Other Income Expense": 4000000.0,
        "Other Non Operating Income Expenses": 200000.0,
        "Special Income Charges": 3800000.0,
        "Gain On Sale Of Ppe": 5200000.0,
        "Impairment Of Capital Assets": NaN,
        "Restructuring And Mergern Acquisition": 1400000.0,
        "Net Non Operating Interest Income Expense": -11200000.0,
        "Interest Expense Non Operating": 12600000.0,
        "Interest Income Non Operating": 1400000.0,
        "Operating Income": 8100000.0,
        "Operating Expense": 39300000.0,
        "Other Taxes": 3800000.0,
        "Selling General And Administration": 35500000.0,
        "General And Administrative Expense": 35500000.0,
        "Other Gand A": 18800000.0,
        "Insurance And Claims": 16700000.0,
        "Gross Profit": 47400000.0,
        "Cost Of Revenue": 352400000.0,
        "Total Revenue": 399800000.0,
        "Operating Revenue": 399800000.0
    },
    "2022-12-31": {
        "Tax Effect Of Unusual Items": 1029000.0,
        "Tax Rate For Calcs": 0.21,
        "Normalized EBITDA": 36800000.0,
        "Total Unusual Items": 4900000.0,
        "Total Unusual Items Excluding Goodwill": 4900000.0,
        "Net Income From Continuing Operation Net Minority Interest": 6900000.0,
        "Reconciled Depreciation": 24600000.0,
        "Reconciled Cost Of Revenue": 360900000.0,
        "EBITDA": 41700000.0,
        "EBIT": 17100000.0,
        "Net Interest Income": -10300000.0,
        "Interest Expense": 11600000.0,
        "Interest Income": 1300000.0,
        "Normalized Income": 3029000.0,
        "Net Income From Continuing And Discontinued Operation": 6900000.0,
        "Total Expenses": 397900000.0,
        "Total Operating Income As Reported": 15200000.0,
        "Diluted Average Shares": 54430235.0,
        "Basic Average Shares": 52026143.0,
        "Diluted EPS": 0.09,
        "Basic EPS": 0.1,
        "Diluted NI Availto Com Stockholders": 4900000.0,
        "Average Dilution Earnings": 0.0,
        "Net Income Common Stockholders": 4900000.0,
        "Otherunder Preferred Stock Dividend": 0.0,
        "Preferred Stock Dividends": 2000000.0,
        "Net Income": 6900000.0,
        "Net Income Including Noncontrolling Interests": 6900000.0,
        "Net Income Continuous Operations": 6900000.0,
        "Tax Provision": -1400000.0,
        "Pretax Income": 5500000.0,
        "Other Income Expense": 5500000.0,
        "Other Non Operating Income Expenses": 600000.0,
        "Special Income Charges": 4900000.0,
        "Gain On Sale Of Ppe": 7000000.0,
        "Impairment Of Capital Assets": 1600000.0,
        "Restructuring And Mergern Acquisition": 500000.0,
        "Gain On Sale Of Security": 0.0,
        "Net Non Operating Interest Income Expense": -10300000.0,
        "Interest Expense Non Operating": 11600000.0,
        "Interest Income Non Operating": 1300000.0,
        "Operating Income": 10300000.0,
        "Operating Expense": 37000000.0,
        "Other Taxes": 4300000.0,
        "Selling General And Administration": 32700000.0,
        "General And Administrative Expense": 33900000.0,
        "Other Gand A": 18200000.0,
        "Insurance And Claims": 15700000.0,
        "Gross Profit": 47300000.0,
        "Cost Of Revenue": 360900000.0,
        "Total Revenue": 408200000.0,
        "Operating Revenue": 408200000.0
    },
    "2022-09-30": {
        "Tax Effect Of Unusual Items": 1480000.0,
        "Tax Rate For Calcs": 0.4,
        "Normalized EBITDA": 51900000.0,
        "Total Unusual Items": 3700000.0,
        "Total Unusual Items Excluding Goodwill": 3700000.0,
        "Net Income From Continuing Operation Net Minority Interest": 12600000.0,
        "Reconciled Depreciation": 23900000.0,
        "Reconciled Cost Of Revenue": 391900000.0,
        "EBITDA": 55600000.0,
        "EBIT": 31700000.0,
        "Net Interest Income": -8500000.0,
        "Interest Expense": 9200000.0,
        "Interest Income": 700000.0,
        "Normalized Income": 10380000.0,
        "Net Income From Continuing And Discontinued Operation": 12600000.0,
        "Total Expenses": 434300000.0,
        "Total Operating Income As Reported": 32200000.0,
        "Diluted Average Shares": 66270641.0,
        "Basic Average Shares": 63535897.0,
        "Diluted EPS": 0.17,
        "Basic EPS": 0.18,
        "Diluted NI Availto Com Stockholders": 11300000.0,
        "Average Dilution Earnings": 0.0,
        "Net Income Common Stockholders": 11300000.0,
        "Otherunder Preferred Stock Dividend": 0.0,
        "Preferred Stock Dividends": 1300000.0,
        "Net Income": 12600000.0,
        "Net Income Including Noncontrolling Interests": 12600000.0,
        "Net Income Continuous Operations": 12600000.0,
        "Tax Provision": 9900000.0,
        "Pretax Income": 22500000.0,
        "Other Income Expense": 2500000.0,
        "Other Non Operating Income Expenses": -1200000.0,
        "Special Income Charges": 3700000.0,
        "Gain On Sale Of Ppe": 4900000.0,
        "Impairment Of Capital Assets": 0.0,
        "Restructuring And Mergern Acquisition": 1200000.0,
        "Gain On Sale Of Security": NaN,
        "Net Non Operating Interest Income Expense": -8500000.0,
        "Interest Expense Non Operating": 9200000.0,
        "Interest Income Non Operating": 700000.0,
        "Operating Income": 28500000.0,
        "Operating Expense": 42400000.0,
        "Other Taxes": 3900000.0,
        "Selling General And Administration": 38500000.0,
        "Selling And Marketing Expense": 200000.0,
        "General And Administrative Expense": 38300000.0,
        "Other Gand A": 18300000.0,
        "Insurance And Claims": 20000000.0,
        "Gross Profit": 70900000.0,
        "Cost Of Revenue": 391900000.0,
        "Total Revenue": 462800000.0,
        "Operating Revenue": 462800000.0
    },
    "2022-06-30": {
        "Tax Effect Of Unusual Items": -1757400.0,
        "Tax Rate For Calcs": 0.303,
        "Normalized EBITDA": 61400000.0,
        "Total Unusual Items": -5800000.0,
        "Total Unusual Items Excluding Goodwill": -5800000.0,
        "Net Income From Continuing Operation Net Minority Interest": 17700000.0,
        "Reconciled Depreciation": 22700000.0,
        "Reconciled Cost Of Revenue": 402300000.0,
        "EBITDA": 55600000.0,
        "EBIT": 32900000.0,
        "Net Interest Income": -6800000.0,
        "Interest Expense": 7500000.0,
        "Interest Income": 700000.0,
        "Normalized Income": 21742600.0,
        "Net Income From Continuing And Discontinued Operation": 17700000.0,
        "Total Expenses": 442700000.0,
        "Total Operating Income As Reported": 32800000.0,
        "Diluted Average Shares": 71555039.0,
        "Basic Average Shares": 63470040.0,
        "Diluted EPS": 0.24,
        "Basic EPS": 0.26,
        "Diluted NI Availto Com Stockholders": 17500000.0,
        "Average Dilution Earnings": 1200000.0,
        "Net Income Common Stockholders": 16300000.0,
        "Otherunder Preferred Stock Dividend": 200000.0,
        "Preferred Stock Dividends": 1200000.0,
        "Net Income": 17700000.0,
        "Net Income Including Noncontrolling Interests": 17700000.0,
        "Net Income Continuous Operations": 17700000.0,
        "Tax Provision": 7700000.0,
        "Pretax Income": 25400000.0,
        "Other Income Expense": -6400000.0,
        "Other Non Operating Income Expenses": -600000.0,
        "Special Income Charges": -5800000.0,
        "Gain On Sale Of Ppe": 4500000.0,
        "Impairment Of Capital Assets": 7800000.0,
        "Restructuring And Mergern Acquisition": 2500000.0,
        "Gain On Sale Of Security": NaN,
        "Net Non Operating Interest Income Expense": -6800000.0,
        "Interest Expense Non Operating": 7500000.0,
        "Interest Income Non Operating": 700000.0,
        "Operating Income": 38600000.0,
        "Operating Expense": 40400000.0,
        "Other Taxes": 4100000.0,
        "Selling General And Administration": 36300000.0,
        "Selling And Marketing Expense": 600000.0,
        "General And Administrative Expense": 35700000.0,
        "Other Gand A": 18100000.0,
        "Insurance And Claims": 17600000.0,
        "Gross Profit": 79000000.0,
        "Cost Of Revenue": 402300000.0,
        "Total Revenue": 481300000.0,
        "Operating Revenue": 481300000.0
    },
    "2022-03-31": {
        "Diluted EPS": 0.18,
        "Total Revenue": 421,
        "Gross Profit": 214,
        "Operating Income": 18,
        "EBIT": 40,
        "Net Income": 12
    },
    "2021-12-31": {
        "Diluted EPS": 0.11,
        "Total Revenue": 394,
        "Gross Profit": 212,
        "Operating Income": 19,
        "EBIT": 41,
        "Net Income": 6
    },
    "2021-09-30": {
        "Diluted EPS": 0.3,
        "Total Revenue": 425,
        "Gross Profit": 230,
        "Operating Income": 40,
        "EBIT": 63,
        "Net Income": 20
    },
    "2021-06-30": {
        "Diluted EPS": 0.49,
        "Total Revenue": 404,
        "Gross Profit": 222,
        "Operating Income": 45,
        "EBIT": 68,
        "Net Income": 34
    },
    "2021-03-31": {
        "Diluted EPS": -0.13,
        "Total Revenue": 334,
        "Gross Profit": 187,
        "Operating Income": 8,
        "EBIT": 32,
        "Net Income": -9
    },
    "2020-12-31": {
        "Diluted EPS": 0.09,
        "Total Revenue": 336,
        "Gross Profit": 198,
        "Operating Income": 3,
        "EBIT": 31,
        "Net Income": 5
    },
    "2020-09-30": {
        "Diluted EPS": 0.17,
        "Total Revenue": 376,
        "Gross Profit": 228,
        "Operating Income": 28,
        "EBIT": 52,
        "Net Income": 11
    },
    "2020-06-30": {
        "Diluted EPS": 0.0,
        "Total Revenue": 352,
        "Gross Profit": 221,
        "Operating Income": 12,
        "EBIT": 36,
        "Net Income": 0
    },
    "2020-03-31": {
        "Diluted EPS": -0.27,
        "Total Revenue": 391,
        "Gross Profit": 228,
        "Operating Income": -8,
        "EBIT": 19,
        "Net Income": -18
    },
    "2019-12-31": {
        "Diluted EPS": -0.31,
        "Total Revenue": 403,
        "Gross Profit": 231,
        "Operating Income": -1,
        "EBIT": 28,
        "Net Income": -18
    },
    "2019-09-30": {
        "Diluted EPS": -4.25,
        "Total Revenue": 450,
        "Gross Profit": 261,
        "Operating Income": -317,
        "EBIT": -275,
        "Net Income": -275
    },
    "2019-06-30": {
        "Diluted EPS": -0.12,
        "Total Revenue": 451,
        "Gross Profit": 258,
        "Operating Income": 5,
        "EBIT": 45,
        "Net Income": -8
    },
    "2019-03-31": {
        "Diluted EPS": -0.16,
        "Total Revenue": 433,
        "Gross Profit": 251,
        "Operating Income": 1,
        "EBIT": 43,
        "Net Income": -11
    },
    "2018-12-31": {
        "Diluted EPS": 0.73,
        "Total Revenue": 447,
        "Gross Profit": 251,
        "Operating Income": -8,
        "EBIT": 30,
        "Net Income": 44
    },
    "2018-09-30": {
        "Diluted EPS": 0.01,
        "Total Revenue": 462,
        "Gross Profit": 252,
        "Operating Income": 14,
        "EBIT": 52,
        "Net Income": 1
    },
    "2018-06-30": {
        "Diluted EPS": 0.2,
        "Total Revenue": 377,
        "Gross Profit": 204,
        "Operating Income": 9,
        "EBIT": 41,
        "Net Income": 12
    },
    "2018-03-31": {
        "Diluted EPS": -0.04,
        "Total Revenue": 328,
        "Gross Profit": 177,
        "Operating Income": 8,
        "EBIT": 34,
        "Net Income": -2
    },
    "2017-12-31": {
        "Diluted EPS": 1.06,
        "Total Revenue": 257,
        "Gross Profit": 152,
        "Operating Income": -2,
        "EBIT": 21,
        "Net Income": 38
    },
    "2017-09-30": {
        "Diluted EPS": -0.03,
        "Total Revenue": 231,
        "Gross Profit": 145,
        "Operating Income": 6,
        "EBIT": 26,
        "Net Income": -1
    },
    "2017-06-30": {
        "Diluted EPS": -0.15,
        "Total Revenue": 197,
        "Gross Profit": 127,
        "Operating Income": 4,
        "EBIT": 23,
        "Net Income": -6
    },
    "2017-03-31": {
        "Diluted EPS": -0.32,
        "Total Revenue": 160,
        "Gross Profit": 104,
        "Operating Income": -1,
        "EBIT": 20,
        "Net Income": -9
    },
    "2016-12-31": {
        "Diluted EPS": -0.56,
        "Total Revenue": 150,
        "Gross Profit": 99,
        "Operating Income": -6,
        "EBIT": 12,
        "Net Income": -12
    },
    "2016-09-30": {
        "Diluted EPS": -0.12,
        "Total Revenue": 174,
        "Gross Profit": 114,
        "Operating Income": 6,
        "EBIT": 23,
        "Net Income": -3
    },
    "2016-06-30": {
        "Diluted EPS": -0.01,
        "Total Revenue": 170,
        "Gross Profit": 112,
        "Operating Income": 7,
        "EBIT": 24,
        "Net Income": 0
    },
    "2016-03-31": {
        "Diluted EPS": -0.12,
        "Total Revenue": 157,
        "Gross Profit": 106,
        "Operating Income": 3,
        "EBIT": 20,
        "Net Income": -2
    },
    "2015-12-31": {
        "Diluted EPS": 0.0,
        "Total Revenue": NaN,
        "Gross Profit": NaN,
        "Operating Income": NaN,
        "EBIT": NaN,
        "Net Income": NaN
    },
    "2015-09-30": {
        "Diluted EPS": -0.01,
        "Total Revenue": NaN,
        "Gross Profit": NaN,
        "Operating Income": 0,
        "EBIT": 0,
        "Net Income": 0
    },
    "2015-06-30": {
        "Diluted EPS": 0.0,
        "Total Revenue": NaN,
        "Gross Profit": NaN,
        "Operating Income": NaN,
        "EBIT": NaN,
        "Net Income": NaN
    },
    "2023-06-30": {
        "Tax Effect Of Unusual Items": 640000.0,
        "Tax Rate For Calcs": 0.4,
        "Normalized EBITDA": 46900000.0,
        "Total Unusual Items": 1600000.0,
        "Total Unusual Items Excluding Goodwill": 1600000.0,
        "Net Income From Continuing Operation Net Minority Interest": 5700000.0,
        "Reconciled Depreciation": 25900000.0,
        "Reconciled Cost Of Revenue": 351300000.0,
        "EBITDA": 48500000.0,
        "EBIT": 22600000.0,
        "Net Interest Income": -11900000.0,
        "Interest Expense": 13100000.0,
        "Interest Income": 1200000.0,
        "Normalized Income": 4740000.0,
        "Net Income From Continuing And Discontinued Operation": 5700000.0,
        "Total Expenses": 387800000.0,
        "Total Operating Income As Reported": 21100000.0,
        "Diluted Average Shares": 47514098.0,
        "Basic Average Shares": 45521935.0,
        "Diluted EPS": 0.07,
        "Basic EPS": 0.07,
        "Diluted NI Availto Com Stockholders": 3200000.0,
        "Average Dilution Earnings": 0.0,
        "Net Income Common Stockholders": 3200000.0,
        "Otherunder Preferred Stock Dividend": 0.0,
        "Preferred Stock Dividends": 2500000.0,
        "Net Income": 5700000.0,
        "Net Income Including Noncontrolling Interests": 5700000.0,
        "Net Income Continuous Operations": 5700000.0,
        "Tax Provision": 3800000.0,
        "Pretax Income": 9500000.0,
        "Other Income Expense": 1900000.0,
        "Other Non Operating Income Expenses": 300000.0,
        "Special Income Charges": 1600000.0,
        "Gain On Sale Of Ppe": 3200000.0,
        "Impairment Of Capital Assets": 1500000.0,
        "Restructuring And Mergern Acquisition": 100000.0,
        "Net Non Operating Interest Income Expense": -11900000.0,
        "Interest Expense Non Operating": 13100000.0,
        "Interest Income Non Operating": 1200000.0,
        "Operating Income": 19500000.0,
        "Operating Expense": 36500000.0,
        "Other Taxes": 4100000.0,
        "Selling General And Administration": 32400000.0,
        "General And Administrative Expense": 32400000.0,
        "Other Gand A": 16200000.0,
        "Insurance And Claims": 16200000.0,
        "Gross Profit": 56000000.0,
        "Cost Of Revenue": 351300000.0,
        "Total Revenue": 407300000.0,
        "Operating Revenue": 407300000.0
    },
    "2023-09-30": {
        "Tax Effect Of Unusual Items": 525000.0,
        "Tax Rate For Calcs": 0.21,
        "Normalized EBITDA": 47000000.0,
        "Total Unusual Items": 2500000.0,
        "Total Unusual Items Excluding Goodwill": 2500000.0,
        "Net Income From Continuing Operation Net Minority Interest": 3200000.0,
        "Reconciled Depreciation": 28300000.0,
        "Reconciled Cost Of Revenue": 344200000.0,
        "EBITDA": 49500000.0,
        "EBIT": 21200000.0,
        "Net Interest Income": -12300000.0,
        "Interest Expense": 13400000.0,
        "Interest Income": 1100000.0,
        "Normalized Income": 1225000.0,
        "Net Income From Continuing And Discontinued Operation": 3200000.0,
        "Total Expenses": 384800000.0,
        "Total Operating Income As Reported": 20000000.0,
        "Diluted Average Shares": 47608158.0,
        "Basic Average Shares": 46089770.0,
        "Diluted EPS": 0.02,
        "Basic EPS": 0.02,
        "Diluted NI Availto Com Stockholders": 1100000.0,
        "Average Dilution Earnings": 0.0,
        "Net Income Common Stockholders": 1100000.0,
        "Otherunder Preferred Stock Dividend": 0.0,
        "Preferred Stock Dividends": 2100000.0,
        "Net Income": 3200000.0,
        "Net Income Including Noncontrolling Interests": 3200000.0,
        "Net Income Continuous Operations": 3200000.0,
        "Tax Provision": 4600000.0,
        "Pretax Income": 7800000.0,
        "Other Income Expense": 2600000.0,
        "Other Non Operating Income Expenses": 100000.0,
        "Special Income Charges": 2500000.0,
        "Gain On Sale Of Ppe": 2600000.0,
        "Impairment Of Capital Assets": 0.0,
        "Restructuring And Mergern Acquisition": 100000.0,
        "Net Non Operating Interest Income Expense": -12300000.0,
        "Interest Expense Non Operating": 13400000.0,
        "Interest Income Non Operating": 1100000.0,
        "Operating Income": 17500000.0,
        "Operating Expense": 40600000.0,
        "Other Taxes": 4000000.0,
        "Selling General And Administration": 36600000.0,
        "General And Administrative Expense": 36600000.0,
        "Other Gand A": 20400000.0,
        "Insurance And Claims": 16200000.0,
        "Gross Profit": 58100000.0,
        "Cost Of Revenue": 344200000.0,
        "Total Revenue": 402300000.0,
        "Operating Revenue": 402300000.0
    },
    "2023-12-31": {
        "Tax Effect Of Unusual Items": -812937.062937,
        "Tax Rate For Calcs": 0.052448,
        "Normalized EBITDA": 27200000.0,
        "Total Unusual Items": -15500000.0,
        "Total Unusual Items Excluding Goodwill": -15500000.0,
        "Net Income From Continuing Operation Net Minority Interest": -27100000.0,
        "Reconciled Depreciation": 27200000.0,
        "Reconciled Cost Of Revenue": 321700000.0,
        "EBITDA": 11700000.0,
        "EBIT": -15500000.0,
        "Net Interest Income": -12200000.0,
        "Interest Expense": 13100000.0,
        "Interest Income": 900000.0,
        "Normalized Income": -12412937.062937,
        "Net Income From Continuing And Discontinued Operation": -27100000.0,
        "Total Expenses": 361300000.0,
        "Total Operating Income As Reported": -16800000.0,
        "Diluted Average Shares": NaN,
        "Basic Average Shares": NaN,
        "Diluted EPS": NaN,
        "Basic EPS": NaN,
        "Diluted NI Availto Com Stockholders": -29100000.0,
        "Average Dilution Earnings": 0.0,
        "Net Income Common Stockholders": -29100000.0,
        "Otherunder Preferred Stock Dividend": 0.0,
        "Preferred Stock Dividends": 2000000.0,
        "Net Income": -27100000.0,
        "Net Income Including Noncontrolling Interests": -27100000.0,
        "Net Income Continuous Operations": -27100000.0,
        "Tax Provision": -1500000.0,
        "Pretax Income": -28600000.0,
        "Other Income Expense": -15100000.0,
        "Other Non Operating Income Expenses": 400000.0,
        "Special Income Charges": -15500000.0,
        "Gain On Sale Of Ppe": 1300000.0,
        "Impairment Of Capital Assets": 16400000.0,
        "Restructuring And Mergern Acquisition": 400000.0,
        "Net Non Operating Interest Income Expense": -12200000.0,
        "Interest Expense Non Operating": 13100000.0,
        "Interest Income Non Operating": 900000.0,
        "Operating Income": -1300000.0,
        "Operating Expense": 39600000.0,
        "Other Taxes": 4200000.0,
        "Selling General And Administration": 35400000.0,
        "General And Administrative Expense": 35400000.0,
        "Other Gand A": 23100000.0,
        "Insurance And Claims": 12300000.0,
        "Gross Profit": 38300000.0,
        "Cost Of Revenue": 321700000.0,
        "Total Revenue": 360000000.0,
        "Operating Revenue": 360000000.0
    }
}