{
    "2023-03-31": {
        "Tax Effect Of Unusual Items": 0.0,
        "Tax Rate For Calcs": 0.0,
        "Normalized EBITDA": -7696000.0,
        "Total Unusual Items": NaN,
        "Total Unusual Items Excluding Goodwill": NaN,
        "Net Income From Continuing Operation Net Minority Interest": -2480000.0,
        "Reconciled Depreciation": 3412000.0,
        "Reconciled Cost Of Revenue": 23337000.0,
        "EBITDA": -7696000.0,
        "EBIT": -11108000.0,
        "Net Interest Income": 1819000.0,
        "Interest Income": 1819000.0,
        "Normalized Income": -2480000.0,
        "Net Income From Continuing And Discontinued Operation": -2480000.0,
        "Total Expenses": 52828000.0,
        "Total Operating Income As Reported": -11108000.0,
        "Diluted Average Shares": 14748000.0,
        "Basic Average Shares": 14748000.0,
        "Diluted EPS": -0.17,
        "Basic EPS": -0.17,
        "Diluted NI Availto Com Stockholders": -2480000.0,
        "Net Income Common Stockholders": -2480000.0,
        "Net Income": -2480000.0,
        "Minority Interests": 6896000.0,
        "Net Income Including Noncontrolling Interests": -9376000.0,
        "Net Income Continuous Operations": -9376000.0,
        "Tax Provision": 0.0,
        "Pretax Income": -9376000.0,
        "Other Income Expense": -87000.0,
        "Other Non Operating Income Expenses": -87000.0,
        "Special Income Charges": NaN,
        "Net Non Operating Interest Income Expense": 1819000.0,
        "Total Other Finance Cost": -1819000.0,
        "Interest Income Non Operating": 1819000.0,
        "Operating Income": -11108000.0,
        "Operating Expense": 29491000.0,
        "Research And Development": 5894000.0,
        "Selling General And Administration": 23597000.0,
        "Selling And Marketing Expense": 12169000.0,
        "General And Administrative Expense": 11428000.0,
        "Other Gand A": 11428000.0,
        "Gross Profit": 18383000.0,
        "Cost Of Revenue": 23337000.0,
        "Total Revenue": 41720000.0,
        "Operating Revenue": 41720000.0
    },
    "2022-12-31": {
        "Tax Effect Of Unusual Items": NaN,
        "Tax Rate For Calcs": NaN,
        "Normalized EBITDA": NaN,
        "Total Unusual Items": 0.0,
        "Total Unusual Items Excluding Goodwill": 0.0,
        "Net Income From Continuing Operation Net Minority Interest": NaN,
        "Reconciled Depreciation": NaN,
        "Reconciled Cost Of Revenue": NaN,
        "EBITDA": NaN,
        "EBIT": NaN,
        "Net Interest Income": NaN,
        "Interest Income": NaN,
        "Normalized Income": NaN,
        "Net Income From Continuing And Discontinued Operation": NaN,
        "Total Expenses": NaN,
        "Total Operating Income As Reported": NaN,
        "Diluted Average Shares": 14504000.0,
        "Basic Average Shares": 14504000.0,
        "Diluted EPS": -0.15,
        "Basic EPS": -0.15,
        "Diluted NI Availto Com Stockholders": NaN,
        "Net Income Common Stockholders": NaN,
        "Net Income": NaN,
        "Minority Interests": NaN,
        "Net Income Including Noncontrolling Interests": NaN,
        "Net Income Continuous Operations": NaN,
        "Tax Provision": NaN,
        "Pretax Income": NaN,
        "Other Income Expense": NaN,
        "Other Non Operating Income Expenses": NaN,
        "Special Income Charges": 0.0,
        "Net Non Operating Interest Income Expense": NaN,
        "Total Other Finance Cost": -1199000.0,
        "Interest Income Non Operating": NaN,
        "Operating Income": NaN,
        "Operating Expense": NaN,
        "Research And Development": NaN,
        "Selling General And Administration": NaN,
        "Selling And Marketing Expense": NaN,
        "General And Administrative Expense": NaN,
        "Other Gand A": NaN,
        "Gross Profit": NaN,
        "Cost Of Revenue": NaN,
        "Total Revenue": NaN,
        "Operating Revenue": NaN
    },
    "2022-09-30": {
        "Tax Effect Of Unusual Items": NaN,
        "Tax Rate For Calcs": NaN,
        "Normalized EBITDA": NaN,
        "Total Unusual Items": 0.0,
        "Total Unusual Items Excluding Goodwill": 0.0,
        "Net Income From Continuing Operation Net Minority Interest": NaN,
        "Reconciled Depreciation": NaN,
        "Reconciled Cost Of Revenue": NaN,
        "EBITDA": NaN,
        "EBIT": NaN,
        "Net Interest Income": NaN,
        "Interest Income": NaN,
        "Normalized Income": NaN,
        "Net Income From Continuing And Discontinued Operation": NaN,
        "Total Expenses": NaN,
        "Total Operating Income As Reported": NaN,
        "Diluted Average Shares": NaN,
        "Basic Average Shares": NaN,
        "Diluted EPS": NaN,
        "Basic EPS": NaN,
        "Diluted NI Availto Com Stockholders": NaN,
        "Net Income Common Stockholders": NaN,
        "Net Income": NaN,
        "Minority Interests": NaN,
        "Net Income Including Noncontrolling Interests": NaN,
        "Net Income Continuous Operations": NaN,
        "Tax Provision": 0.0,
        "Pretax Income": NaN,
        "Other Income Expense": NaN,
        "Other Non Operating Income Expenses": NaN,
        "Special Income Charges": 0.0,
        "Net Non Operating Interest Income Expense": NaN,
        "Total Other Finance Cost": NaN,
        "Interest Income Non Operating": NaN,
        "Operating Income": NaN,
        "Operating Expense": NaN,
        "Research And Development": NaN,
        "Selling General And Administration": NaN,
        "Selling And Marketing Expense": NaN,
        "General And Administrative Expense": NaN,
        "Other Gand A": NaN,
        "Gross Profit": NaN,
        "Cost Of Revenue": NaN,
        "Total Revenue": NaN,
        "Operating Revenue": NaN
    },
    "2022-06-30": {
        "Tax Effect Of Unusual Items": 0.0,
        "Tax Rate For Calcs": 0.0,
        "Normalized EBITDA": -10188000.0,
        "Total Unusual Items": 0.0,
        "Total Unusual Items Excluding Goodwill": 0.0,
        "Net Income From Continuing Operation Net Minority Interest": -3401000.0,
        "Reconciled Depreciation": 3883000.0,
        "Reconciled Cost Of Revenue": 30950000.0,
        "EBITDA": -10188000.0,
        "EBIT": -14071000.0,
        "Net Interest Income": -21000.0,
        "Interest Expense": 21000.0,
        "Normalized Income": -3401000.0,
        "Net Income From Continuing And Discontinued Operation": -3401000.0,
        "Total Expenses": 64972000.0,
        "Total Operating Income As Reported": -13772000.0,
        "Diluted Average Shares": 14114000.0,
        "Basic Average Shares": 14114000.0,
        "Diluted EPS": -0.24,
        "Basic EPS": -0.24,
        "Diluted NI Availto Com Stockholders": -3401000.0,
        "Net Income Common Stockholders": -3401000.0,
        "Net Income": -3401000.0,
        "Minority Interests": 10691000.0,
        "Net Income Including Noncontrolling Interests": -14092000.0,
        "Net Income Continuous Operations": -14092000.0,
        "Pretax Income": -14092000.0,
        "Other Income Expense": -299000.0,
        "Other Non Operating Income Expenses": -299000.0,
        "Special Income Charges": 0.0,
        "Net Non Operating Interest Income Expense": -21000.0,
        "Total Other Finance Cost": NaN,
        "Interest Expense Non Operating": 21000.0,
        "Operating Income": -13772000.0,
        "Operating Expense": 34022000.0,
        "Research And Development": 5011000.0,
        "Selling General And Administration": 29011000.0,
        "Selling And Marketing Expense": 17286000.0,
        "General And Administrative Expense": 11725000.0,
        "Other Gand A": 11725000.0,
        "Gross Profit": 20250000.0,
        "Cost Of Revenue": 30950000.0,
        "Total Revenue": 51200000.0,
        "Operating Revenue": 51200000.0
    },
    "2022-03-31": {
        "Diluted EPS": -0.23,
        "Total Revenue": 43,
        "Gross Profit": 43,
        "Operating Income": -13,
        "EBIT": -10,
        "Net Income": -3
    },
    "2021-12-31": {
        "Diluted EPS": 0.16,
        "Total Revenue": 83,
        "Gross Profit": 83,
        "Operating Income": 8,
        "EBIT": 11,
        "Net Income": 2
    },
    "2021-09-30": {
        "Diluted EPS": -0.2,
        "Total Revenue": 51,
        "Gross Profit": 51,
        "Operating Income": -12,
        "EBIT": -9,
        "Net Income": -3
    },
    "2021-06-30": {
        "Diluted EPS": -0.32,
        "Total Revenue": 50,
        "Gross Profit": 50,
        "Operating Income": -24,
        "EBIT": -21,
        "Net Income": -4
    },
    "2021-03-31": {
        "Diluted EPS": -0.27,
        "Total Revenue": 40,
        "Gross Profit": 40,
        "Operating Income": -15,
        "EBIT": -12,
        "Net Income": -3
    },
    "2020-12-31": {
        "Diluted EPS": 12.86,
        "Total Revenue": 56,
        "Gross Profit": 56,
        "Operating Income": 13,
        "EBIT": 16,
        "Net Income": 13
    },
    "2020-09-30": {
        "Diluted EPS": 7.48,
        "Total Revenue": 40,
        "Gross Profit": 40,
        "Operating Income": 8,
        "EBIT": 10,
        "Net Income": 7
    },
    "2020-06-30": {
        "Diluted EPS": -0.08,
        "Total Revenue": 30,
        "Gross Profit": 30,
        "Operating Income": 0,
        "EBIT": 3,
        "Net Income": 0
    },
    "2020-03-31": {
        "Diluted EPS": 0.33,
        "Total Revenue": 38,
        "Gross Profit": 38,
        "Operating Income": 1,
        "EBIT": 3,
        "Net Income": 0
    },
    "2019-12-31": {
        "Diluted EPS": 0.0,
        "Total Revenue": NaN,
        "Gross Profit": NaN,
        "Operating Income": NaN,
        "EBIT": NaN,
        "Net Income": NaN
    },
    "2018-12-31": {
        "Diluted EPS": 0.0,
        "Total Revenue": NaN,
        "Gross Profit": NaN,
        "Operating Income": NaN,
        "EBIT": NaN,
        "Net Income": NaN
    },
    "2023-06-30": {
        "Tax Effect Of Unusual Items": 0.0,
        "Tax Rate For Calcs": 0.0,
        "Normalized EBITDA": -1712000.0,
        "Total Unusual Items": NaN,
        "Total Unusual Items Excluding Goodwill": NaN,
        "Net Income From Continuing Operation Net Minority Interest": -1063000.0,
        "Reconciled Depreciation": 3539000.0,
        "Reconciled Cost Of Revenue": 33523000.0,
        "EBITDA": -1712000.0,
        "EBIT": -5251000.0,
        "Net Interest Income": 2049000.0,
        "Interest Income": NaN,
        "Normalized Income": -1063000.0,
        "Net Income From Continuing And Discontinued Operation": -1063000.0,
        "Total Expenses": 62474000.0,
        "Total Operating Income As Reported": -5251000.0,
        "Diluted Average Shares": 15135000.0,
        "Basic Average Shares": 15135000.0,
        "Diluted EPS": -0.07,
        "Basic EPS": -0.07,
        "Diluted NI Availto Com Stockholders": -1063000.0,
        "Net Income Common Stockholders": -1063000.0,
        "Net Income": -1063000.0,
        "Minority Interests": 2140000.0,
        "Net Income Including Noncontrolling Interests": -3203000.0,
        "Net Income Continuous Operations": -3203000.0,
        "Tax Provision": NaN,
        "Pretax Income": -3203000.0,
        "Other Income Expense": -1000.0,
        "Other Non Operating Income Expenses": -1000.0,
        "Special Income Charges": NaN,
        "Net Non Operating Interest Income Expense": 2049000.0,
        "Total Other Finance Cost": -2049000.0,
        "Interest Income Non Operating": NaN,
        "Operating Income": -5251000.0,
        "Operating Expense": 28951000.0,
        "Research And Development": 6172000.0,
        "Selling General And Administration": 22779000.0,
        "Selling And Marketing Expense": 11691000.0,
        "General And Administrative Expense": 11088000.0,
        "Other Gand A": 11088000.0,
        "Gross Profit": 23700000.0,
        "Cost Of Revenue": 33523000.0,
        "Total Revenue": 57223000.0,
        "Operating Revenue": 57223000.0
    },
    "2023-09-30": {
        "Tax Effect Of Unusual Items": 0.0,
        "Tax Rate For Calcs": 0.21,
        "Normalized EBITDA": 961000.0,
        "Total Unusual Items": NaN,
        "Total Unusual Items Excluding Goodwill": NaN,
        "Net Income From Continuing Operation Net Minority Interest": -526000.0,
        "Reconciled Depreciation": 3780000.0,
        "Reconciled Cost Of Revenue": 30965000.0,
        "EBITDA": 961000.0,
        "EBIT": -2819000.0,
        "Net Interest Income": 2329000.0,
        "Interest Income": NaN,
        "Normalized Income": -526000.0,
        "Net Income From Continuing And Discontinued Operation": -526000.0,
        "Total Expenses": 62404000.0,
        "Total Operating Income As Reported": -2819000.0,
        "Diluted Average Shares": 15388000.0,
        "Basic Average Shares": 15388000.0,
        "Diluted EPS": -0.03,
        "Basic EPS": -0.03,
        "Diluted NI Availto Com Stockholders": -526000.0,
        "Net Income Common Stockholders": -526000.0,
        "Net Income": -526000.0,
        "Minority Interests": 146000.0,
        "Net Income Including Noncontrolling Interests": -672000.0,
        "Net Income Continuous Operations": -672000.0,
        "Tax Provision": 181000.0,
        "Pretax Income": -491000.0,
        "Other Income Expense": -1000.0,
        "Other Non Operating Income Expenses": -1000.0,
        "Special Income Charges": NaN,
        "Net Non Operating Interest Income Expense": 2329000.0,
        "Total Other Finance Cost": -2329000.0,
        "Interest Income Non Operating": NaN,
        "Operating Income": -2819000.0,
        "Operating Expense": 31439000.0,
        "Research And Development": 6151000.0,
        "Selling General And Administration": 25288000.0,
        "Selling And Marketing Expense": 14146000.0,
        "General And Administrative Expense": 11142000.0,
        "Other Gand A": 11142000.0,
        "Gross Profit": 28620000.0,
        "Cost Of Revenue": 30965000.0,
        "Total Revenue": 59585000.0,
        "Operating Revenue": 59585000.0
    },
    "2023-12-31": {
        "Tax Effect Of Unusual Items": 0.0,
        "Tax Rate For Calcs": 0.21,
        "Normalized EBITDA": 4882000.0,
        "Total Unusual Items": NaN,
        "Total Unusual Items Excluding Goodwill": NaN,
        "Net Income From Continuing Operation Net Minority Interest": 627000.0,
        "Reconciled Depreciation": 4000000.0,
        "Reconciled Cost Of Revenue": 32654000.0,
        "EBITDA": 4882000.0,
        "EBIT": 882000.0,
        "Net Interest Income": 2397000.0,
        "Interest Income": NaN,
        "Normalized Income": 627000.0,
        "Net Income From Continuing And Discontinued Operation": 627000.0,
        "Total Expenses": 63524000.0,
        "Total Operating Income As Reported": 882000.0,
        "Diluted Average Shares": NaN,
        "Basic Average Shares": NaN,
        "Diluted EPS": NaN,
        "Basic EPS": NaN,
        "Diluted NI Availto Com Stockholders": 627000.0,
        "Net Income Common Stockholders": 627000.0,
        "Net Income": 627000.0,
        "Minority Interests": -2681000.0,
        "Net Income Including Noncontrolling Interests": 3308000.0,
        "Net Income Continuous Operations": 3308000.0,
        "Tax Provision": -30000.0,
        "Pretax Income": 3278000.0,
        "Other Income Expense": -1000.0,
        "Other Non Operating Income Expenses": -1000.0,
        "Special Income Charges": NaN,
        "Net Non Operating Interest Income Expense": 2397000.0,
        "Total Other Finance Cost": -2397000.0,
        "Interest Income Non Operating": NaN,
        "Operating Income": 882000.0,
        "Operating Expense": 30870000.0,
        "Research And Development": 6539000.0,
        "Selling General And Administration": 24331000.0,
        "Selling And Marketing Expense": 12644000.0,
        "General And Administrative Expense": 11687000.0,
        "Other Gand A": 11687000.0,
        "Gross Profit": 31752000.0,
        "Cost Of Revenue": 32654000.0,
        "Total Revenue": 64406000.0,
        "Operating Revenue": 64406000.0
    },
    "2024-03-31": {
        "Tax Effect Of Unusual Items": 0.0,
        "Tax Rate For Calcs": 0.03,
        "Normalized EBITDA": -1546000.0,
        "Total Unusual Items": NaN,
        "Total Unusual Items Excluding Goodwill": NaN,
        "Net Income From Continuing Operation Net Minority Interest": -947000.0,
        "Reconciled Depreciation": 4146000.0,
        "Reconciled Cost Of Revenue": 29880000.0,
        "EBITDA": -1546000.0,
        "EBIT": -5692000.0,
        "Net Interest Income": 2381000.0,
        "Interest Income": 2381000.0,
        "Normalized Income": -947000.0,
        "Net Income From Continuing And Discontinued Operation": -947000.0,
        "Total Expenses": 59085000.0,
        "Total Operating Income As Reported": -5692000.0,
        "Diluted Average Shares": 15949000.0,
        "Basic Average Shares": 15949000.0,
        "Diluted EPS": -0.06,
        "Basic EPS": -0.06,
        "Diluted NI Availto Com Stockholders": -947000.0,
        "Net Income Common Stockholders": -947000.0,
        "Net Income": -947000.0,
        "Minority Interests": 2267000.0,
        "Net Income Including Noncontrolling Interests": -3214000.0,
        "Net Income Continuous Operations": -3214000.0,
        "Tax Provision": -99000.0,
        "Pretax Income": -3313000.0,
        "Other Income Expense": -2000.0,
        "Other Non Operating Income Expenses": -2000.0,
        "Special Income Charges": NaN,
        "Net Non Operating Interest Income Expense": 2381000.0,
        "Total Other Finance Cost": NaN,
        "Interest Income Non Operating": 2381000.0,
        "Operating Income": -5692000.0,
        "Operating Expense": 29205000.0,
        "Research And Development": 5232000.0,
        "Selling General And Administration": 23973000.0,
        "Selling And Marketing Expense": 12899000.0,
        "General And Administrative Expense": 11074000.0,
        "Other Gand A": 11074000.0,
        "Gross Profit": 23513000.0,
        "Cost Of Revenue": 29880000.0,
        "Total Revenue": 53393000.0,
        "Operating Revenue": 53393000.0
    }
}