{
    "2023-03-31": {
        "Tax Effect Of Unusual Items": 0.0,
        "Tax Rate For Calcs": 0.317073,
        "Normalized EBITDA": 209000000.0,
        "Total Unusual Items": NaN,
        "Total Unusual Items Excluding Goodwill": NaN,
        "Net Income From Continuing Operation Net Minority Interest": 81000000.0,
        "Reconciled Depreciation": 48000000.0,
        "EBITDA": 209000000.0,
        "EBIT": 161000000.0,
        "Net Interest Income": -38000000.0,
        "Interest Expense": 38000000.0,
        "Interest Income": NaN,
        "Normalized Income": 81000000.0,
        "Net Income From Continuing And Discontinued Operation": 81000000.0,
        "Total Expenses": 110000000.0,
        "Total Operating Income As Reported": 110000000.0,
        "Diluted Average Shares": 97400000.0,
        "Basic Average Shares": 96800000.0,
        "Diluted EPS": 0.84,
        "Basic EPS": 0.84,
        "Diluted NI Availto Com Stockholders": 81000000.0,
        "Net Income Common Stockholders": 81000000.0,
        "Net Income": 81000000.0,
        "Minority Interests": -3000000.0,
        "Net Income Including Noncontrolling Interests": 84000000.0,
        "Net Income Continuous Operations": 84000000.0,
        "Tax Provision": 39000000.0,
        "Pretax Income": 123000000.0,
        "Other Income Expense": 51000000.0,
        "Other Non Operating Income Expenses": 1000000.0,
        "Special Income Charges": NaN,
        "Gain On Sale Of Ppe": NaN,
        "Earnings From Equity Interest": 50000000.0,
        "Net Non Operating Interest Income Expense": -38000000.0,
        "Total Other Finance Cost": NaN,
        "Interest Expense Non Operating": 38000000.0,
        "Interest Income Non Operating": NaN,
        "Operating Income": 110000000.0,
        "Operating Expense": 110000000.0,
        "Other Taxes": 9000000.0,
        "Depreciation Amortization Depletion Income Statement": 43000000.0,
        "Depreciation And Amortization In Income Statement": 43000000.0,
        "Total Revenue": 220000000.0,
        "Operating Revenue": 220000000.0
    },
    "2022-12-31": {
        "Tax Effect Of Unusual Items": 0.0,
        "Tax Rate For Calcs": 0.284553,
        "Normalized EBITDA": 210000000.0,
        "Total Unusual Items": 0.0,
        "Total Unusual Items Excluding Goodwill": 0.0,
        "Net Income From Continuing Operation Net Minority Interest": 85000000.0,
        "Reconciled Depreciation": 49000000.0,
        "EBITDA": 210000000.0,
        "EBIT": 161000000.0,
        "Net Interest Income": -37000000.0,
        "Interest Expense": 38000000.0,
        "Interest Income": 1000000.0,
        "Normalized Income": 85000000.0,
        "Net Income From Continuing And Discontinued Operation": 85000000.0,
        "Total Expenses": 127000000.0,
        "Total Operating Income As Reported": 116000000.0,
        "Diluted Average Shares": NaN,
        "Basic Average Shares": NaN,
        "Diluted EPS": NaN,
        "Basic EPS": NaN,
        "Diluted NI Availto Com Stockholders": 85000000.0,
        "Net Income Common Stockholders": 85000000.0,
        "Net Income": 85000000.0,
        "Minority Interests": -3000000.0,
        "Net Income Including Noncontrolling Interests": 88000000.0,
        "Net Income Continuous Operations": 88000000.0,
        "Tax Provision": 35000000.0,
        "Pretax Income": 123000000.0,
        "Other Income Expense": 44000000.0,
        "Other Non Operating Income Expenses": NaN,
        "Special Income Charges": 0.0,
        "Gain On Sale Of Ppe": 0.0,
        "Earnings From Equity Interest": 43000000.0,
        "Net Non Operating Interest Income Expense": -37000000.0,
        "Total Other Finance Cost": 0.0,
        "Interest Expense Non Operating": 38000000.0,
        "Interest Income Non Operating": 1000000.0,
        "Operating Income": 116000000.0,
        "Operating Expense": 127000000.0,
        "Other Taxes": 5000000.0,
        "Depreciation Amortization Depletion Income Statement": 44000000.0,
        "Depreciation And Amortization In Income Statement": 44000000.0,
        "Total Revenue": 243000000.0,
        "Operating Revenue": 243000000.0
    },
    "2022-09-30": {
        "Tax Effect Of Unusual Items": 0.0,
        "Tax Rate For Calcs": 0.06,
        "Normalized EBITDA": 205000000.0,
        "Total Unusual Items": 0.0,
        "Total Unusual Items Excluding Goodwill": 0.0,
        "Net Income From Continuing Operation Net Minority Interest": 113000000.0,
        "Reconciled Depreciation": 47000000.0,
        "EBITDA": 205000000.0,
        "EBIT": 158000000.0,
        "Net Interest Income": -34000000.0,
        "Interest Expense": 35000000.0,
        "Interest Income": 1000000.0,
        "Normalized Income": 113000000.0,
        "Net Income From Continuing And Discontinued Operation": 113000000.0,
        "Total Expenses": 114000000.0,
        "Total Operating Income As Reported": 121000000.0,
        "Diluted Average Shares": 97000000.0,
        "Basic Average Shares": 96700000.0,
        "Diluted EPS": 1.16,
        "Basic EPS": 1.17,
        "Diluted NI Availto Com Stockholders": 113000000.0,
        "Net Income Common Stockholders": 113000000.0,
        "Net Income": 113000000.0,
        "Minority Interests": -3000000.0,
        "Net Income Including Noncontrolling Interests": 116000000.0,
        "Net Income Continuous Operations": 116000000.0,
        "Tax Provision": 7000000.0,
        "Pretax Income": 123000000.0,
        "Other Income Expense": 36000000.0,
        "Other Non Operating Income Expenses": NaN,
        "Special Income Charges": 0.0,
        "Gain On Sale Of Ppe": 0.0,
        "Earnings From Equity Interest": 36000000.0,
        "Net Non Operating Interest Income Expense": -34000000.0,
        "Total Other Finance Cost": NaN,
        "Interest Expense Non Operating": 35000000.0,
        "Interest Income Non Operating": 1000000.0,
        "Operating Income": 121000000.0,
        "Operating Expense": 114000000.0,
        "Other Taxes": 7000000.0,
        "Depreciation Amortization Depletion Income Statement": 42000000.0,
        "Depreciation And Amortization In Income Statement": 42000000.0,
        "Total Revenue": 235000000.0,
        "Operating Revenue": 235000000.0
    },
    "2022-06-30": {
        "Tax Effect Of Unusual Items": 5980000.0,
        "Tax Rate For Calcs": 0.26,
        "Normalized EBITDA": 183000000.0,
        "Total Unusual Items": 23000000.0,
        "Total Unusual Items Excluding Goodwill": 23000000.0,
        "Net Income From Continuing Operation Net Minority Interest": 91000000.0,
        "Reconciled Depreciation": 46000000.0,
        "EBITDA": 206000000.0,
        "EBIT": 160000000.0,
        "Net Interest Income": -45000000.0,
        "Interest Expense": 33000000.0,
        "Interest Income": 1000000.0,
        "Normalized Income": 73980000.0,
        "Net Income From Continuing And Discontinued Operation": 91000000.0,
        "Total Expenses": 113000000.0,
        "Total Operating Income As Reported": 137000000.0,
        "Diluted Average Shares": 97100000.0,
        "Basic Average Shares": 96700000.0,
        "Diluted EPS": 0.93,
        "Basic EPS": 0.93,
        "Diluted NI Availto Com Stockholders": 91000000.0,
        "Net Income Common Stockholders": 91000000.0,
        "Net Income": 91000000.0,
        "Minority Interests": -3000000.0,
        "Net Income Including Noncontrolling Interests": 94000000.0,
        "Net Income Continuous Operations": 94000000.0,
        "Tax Provision": 33000000.0,
        "Pretax Income": 127000000.0,
        "Other Income Expense": 58000000.0,
        "Other Non Operating Income Expenses": NaN,
        "Special Income Charges": 23000000.0,
        "Gain On Sale Of Ppe": 23000000.0,
        "Earnings From Equity Interest": 35000000.0,
        "Net Non Operating Interest Income Expense": -45000000.0,
        "Total Other Finance Cost": 13000000.0,
        "Interest Expense Non Operating": 33000000.0,
        "Interest Income Non Operating": 1000000.0,
        "Operating Income": 114000000.0,
        "Operating Expense": 113000000.0,
        "Other Taxes": 8000000.0,
        "Depreciation Amortization Depletion Income Statement": 42000000.0,
        "Depreciation And Amortization In Income Statement": 42000000.0,
        "Total Revenue": 227000000.0,
        "Operating Revenue": 227000000.0
    },
    "2023-06-30": {
        "Tax Effect Of Unusual Items": 720000.0,
        "Tax Rate For Calcs": 0.24,
        "Normalized EBITDA": 204000000.0,
        "Total Unusual Items": 3000000.0,
        "Total Unusual Items Excluding Goodwill": 3000000.0,
        "Net Income From Continuing Operation Net Minority Interest": 91000000.0,
        "Reconciled Depreciation": 48000000.0,
        "EBITDA": 207000000.0,
        "EBIT": 159000000.0,
        "Net Interest Income": -34000000.0,
        "Interest Expense": 35000000.0,
        "Interest Income": 1000000.0,
        "Normalized Income": 88720000.0,
        "Net Income From Continuing And Discontinued Operation": 91000000.0,
        "Total Expenses": 110000000.0,
        "Total Operating Income As Reported": 117000000.0,
        "Diluted Average Shares": 97400000.0,
        "Basic Average Shares": 96900000.0,
        "Diluted EPS": 0.93,
        "Basic EPS": 0.93,
        "Diluted NI Availto Com Stockholders": 91000000.0,
        "Net Income Common Stockholders": 91000000.0,
        "Net Income": 91000000.0,
        "Minority Interests": -3000000.0,
        "Net Income Including Noncontrolling Interests": 94000000.0,
        "Net Income Continuous Operations": 94000000.0,
        "Tax Provision": 30000000.0,
        "Pretax Income": 124000000.0,
        "Other Income Expense": 44000000.0,
        "Other Non Operating Income Expenses": NaN,
        "Special Income Charges": 3000000.0,
        "Gain On Sale Of Ppe": 3000000.0,
        "Earnings From Equity Interest": 41000000.0,
        "Net Non Operating Interest Income Expense": -34000000.0,
        "Total Other Finance Cost": NaN,
        "Interest Expense Non Operating": 35000000.0,
        "Interest Income Non Operating": 1000000.0,
        "Operating Income": 114000000.0,
        "Operating Expense": 110000000.0,
        "Other Taxes": 6000000.0,
        "Depreciation Amortization Depletion Income Statement": 44000000.0,
        "Depreciation And Amortization In Income Statement": 44000000.0,
        "Total Revenue": 224000000.0,
        "Operating Revenue": 224000000.0
    },
    "2022-03-31": {
        "Diluted EPS": 0.84,
        "Total Revenue": 215,
        "Gross Profit": 215,
        "Operating Income": 104,
        "EBIT": 151,
        "Net Income": 81
    },
    "2021-12-31": {
        "Diluted EPS": 0.89,
        "Total Revenue": 223,
        "Gross Profit": 223,
        "Operating Income": 110,
        "EBIT": 157,
        "Net Income": 87
    },
    "2021-09-30": {
        "Diluted EPS": 0.77,
        "Total Revenue": 212,
        "Gross Profit": 212,
        "Operating Income": 106,
        "EBIT": 152,
        "Net Income": 74
    },
    "2021-06-30": {
        "Diluted EPS": 0.7,
        "Total Revenue": 208,
        "Gross Profit": 208,
        "Operating Income": 86,
        "EBIT": 132,
        "Net Income": 68
    },
    "2021-03-31": {
        "Diluted EPS": 0.8,
        "Total Revenue": 197,
        "Gross Profit": 197,
        "Operating Income": 100,
        "EBIT": 145,
        "Net Income": 78
    },
    "2020-12-31": {
        "Diluted EPS": 0.0,
        "Total Revenue": NaN,
        "Gross Profit": NaN,
        "Operating Income": NaN,
        "EBIT": NaN,
        "Net Income": NaN
    },
    "2020-09-30": {
        "Diluted EPS": 1.05,
        "Total Revenue": 203,
        "Gross Profit": 203,
        "Operating Income": 124,
        "EBIT": 162,
        "Net Income": 101
    },
    "2020-06-30": {
        "Diluted EPS": 0.73,
        "Total Revenue": 174,
        "Gross Profit": 174,
        "Operating Income": 100,
        "EBIT": 100,
        "Net Income": 71
    },
    "2019-12-31": {
        "Diluted EPS": 0.0,
        "Total Revenue": NaN,
        "Gross Profit": NaN,
        "Operating Income": NaN,
        "EBIT": NaN,
        "Net Income": NaN
    },
    "2018-12-31": {
        "Diluted EPS": 0.0,
        "Total Revenue": NaN,
        "Gross Profit": NaN,
        "Operating Income": NaN,
        "EBIT": NaN,
        "Net Income": NaN
    },
    "2023-09-30": {
        "Tax Effect Of Unusual Items": 260000.0,
        "Tax Rate For Calcs": 0.26,
        "Normalized EBITDA": 215000000.0,
        "Total Unusual Items": 1000000.0,
        "Total Unusual Items Excluding Goodwill": 1000000.0,
        "Net Income From Continuing Operation Net Minority Interest": 91000000.0,
        "Reconciled Depreciation": 51000000.0,
        "EBITDA": 216000000.0,
        "EBIT": 165000000.0,
        "Net Interest Income": -38000000.0,
        "Interest Expense": 38000000.0,
        "Interest Income": 0.0,
        "Normalized Income": 90260000.0,
        "Net Income From Continuing And Discontinued Operation": 91000000.0,
        "Total Expenses": 111000000.0,
        "Total Operating Income As Reported": 124000000.0,
        "Diluted Average Shares": 97500000.0,
        "Basic Average Shares": 97000000.0,
        "Diluted EPS": 0.94,
        "Basic EPS": 0.94,
        "Diluted NI Availto Com Stockholders": 91000000.0,
        "Net Income Common Stockholders": 91000000.0,
        "Net Income": 91000000.0,
        "Minority Interests": -3000000.0,
        "Net Income Including Noncontrolling Interests": 94000000.0,
        "Net Income Continuous Operations": 94000000.0,
        "Tax Provision": 33000000.0,
        "Pretax Income": 127000000.0,
        "Other Income Expense": 42000000.0,
        "Other Non Operating Income Expenses": NaN,
        "Special Income Charges": 1000000.0,
        "Gain On Sale Of Ppe": 1000000.0,
        "Earnings From Equity Interest": 41000000.0,
        "Net Non Operating Interest Income Expense": -38000000.0,
        "Total Other Finance Cost": NaN,
        "Interest Expense Non Operating": 38000000.0,
        "Interest Income Non Operating": 0.0,
        "Operating Income": 123000000.0,
        "Operating Expense": 111000000.0,
        "Other Taxes": 7000000.0,
        "Depreciation Amortization Depletion Income Statement": 46000000.0,
        "Depreciation And Amortization In Income Statement": 46000000.0,
        "Total Revenue": 234000000.0,
        "Operating Revenue": 234000000.0
    },
    "2023-12-31": {
        "Tax Effect Of Unusual Items": 0.0,
        "Tax Rate For Calcs": 0.015873,
        "Normalized EBITDA": 218000000.0,
        "Total Unusual Items": 0.0,
        "Total Unusual Items Excluding Goodwill": 0.0,
        "Net Income From Continuing Operation Net Minority Interest": 121000000.0,
        "Reconciled Depreciation": 53000000.0,
        "EBITDA": 218000000.0,
        "EBIT": 165000000.0,
        "Net Interest Income": -39000000.0,
        "Interest Expense": 39000000.0,
        "Interest Income": 0.0,
        "Normalized Income": 121000000.0,
        "Net Income From Continuing And Discontinued Operation": 121000000.0,
        "Total Expenses": 124000000.0,
        "Total Operating Income As Reported": 120000000.0,
        "Diluted Average Shares": NaN,
        "Basic Average Shares": NaN,
        "Diluted EPS": NaN,
        "Basic EPS": NaN,
        "Diluted NI Availto Com Stockholders": 121000000.0,
        "Net Income Common Stockholders": 121000000.0,
        "Net Income": 121000000.0,
        "Minority Interests": -3000000.0,
        "Net Income Including Noncontrolling Interests": 124000000.0,
        "Net Income Continuous Operations": 124000000.0,
        "Tax Provision": 2000000.0,
        "Pretax Income": 126000000.0,
        "Other Income Expense": 45000000.0,
        "Other Non Operating Income Expenses": 0.0,
        "Special Income Charges": 0.0,
        "Gain On Sale Of Ppe": 0.0,
        "Earnings From Equity Interest": 45000000.0,
        "Net Non Operating Interest Income Expense": -39000000.0,
        "Total Other Finance Cost": NaN,
        "Interest Expense Non Operating": 39000000.0,
        "Interest Income Non Operating": 0.0,
        "Operating Income": 120000000.0,
        "Operating Expense": 124000000.0,
        "Other Taxes": 6000000.0,
        "Depreciation Amortization Depletion Income Statement": 49000000.0,
        "Depreciation And Amortization In Income Statement": 49000000.0,
        "Total Revenue": 244000000.0,
        "Operating Revenue": 244000000.0
    }
}