{
    "2022-12-31": {
        "Tax Effect Of Unusual Items": 0.0,
        "Tax Rate For Calcs": 0.4,
        "Normalized EBITDA": -7081135.0,
        "Total Unusual Items": NaN,
        "Total Unusual Items Excluding Goodwill": NaN,
        "Net Income From Continuing Operation Net Minority Interest": -5198366.0,
        "EBITDA": -7081135.0,
        "EBIT": -7081135.0,
        "Net Interest Income": NaN,
        "Interest Income": NaN,
        "Normalized Income": -5198366.0,
        "Net Income From Continuing And Discontinued Operation": -5198366.0,
        "Total Expenses": 7081135.0,
        "Total Operating Income As Reported": -7081135.0,
        "Diluted Average Shares": 37212874.0,
        "Basic Average Shares": 37212874.0,
        "Diluted EPS": -0.14,
        "Basic EPS": -0.14,
        "Diluted NI Availto Com Stockholders": -5198366.0,
        "Net Income Common Stockholders": -5198366.0,
        "Net Income": -5198366.0,
        "Net Income Including Noncontrolling Interests": -5198366.0,
        "Net Income Continuous Operations": -5198366.0,
        "Tax Provision": 622216.0,
        "Pretax Income": -4576150.0,
        "Other Income Expense": NaN,
        "Special Income Charges": NaN,
        "Other Special Charges": NaN,
        "Net Non Operating Interest Income Expense": NaN,
        "Interest Income Non Operating": NaN,
        "Operating Income": -7081135.0,
        "Operating Expense": 7081135.0,
        "Other Operating Expenses": NaN,
        "Other Taxes": NaN,
        "Selling General And Administration": NaN,
        "General And Administrative Expense": NaN,
        "Other Gand A": NaN,
        "Total Revenue": 0.0,
        "Operating Revenue": 0.0
    },
    "2022-09-30": {
        "Tax Effect Of Unusual Items": 530782.8,
        "Tax Rate For Calcs": 0.4,
        "Normalized EBITDA": -6128489.0,
        "Total Unusual Items": 1326957.0,
        "Total Unusual Items Excluding Goodwill": 1326957.0,
        "Net Income From Continuing Operation Net Minority Interest": -3797121.0,
        "EBITDA": -4801532.0,
        "EBIT": -4801532.0,
        "Net Interest Income": NaN,
        "Interest Income": NaN,
        "Normalized Income": -4593295.2,
        "Net Income From Continuing And Discontinued Operation": -3797121.0,
        "Total Expenses": 4801532.0,
        "Total Operating Income As Reported": -4801532.0,
        "Diluted Average Shares": 37214734.0,
        "Basic Average Shares": 37214734.0,
        "Diluted EPS": -0.1,
        "Basic EPS": -0.1,
        "Diluted NI Availto Com Stockholders": -3797121.0,
        "Net Income Common Stockholders": -3797121.0,
        "Net Income": -3797121.0,
        "Net Income Including Noncontrolling Interests": -3797121.0,
        "Net Income Continuous Operations": -3797121.0,
        "Tax Provision": 322546.0,
        "Pretax Income": -3474575.0,
        "Other Income Expense": 1326957.0,
        "Special Income Charges": NaN,
        "Other Special Charges": NaN,
        "Gain On Sale Of Security": 1326957.0,
        "Net Non Operating Interest Income Expense": NaN,
        "Interest Income Non Operating": NaN,
        "Operating Income": -4801532.0,
        "Operating Expense": 4801532.0,
        "Other Operating Expenses": NaN,
        "Other Taxes": NaN,
        "Selling General And Administration": 4801532.0,
        "General And Administrative Expense": 4801532.0,
        "Other Gand A": 4801532.0,
        "Total Revenue": 0.0,
        "Operating Revenue": 0.0
    },
    "2022-06-30": {
        "Tax Effect Of Unusual Items": 158398.4,
        "Tax Rate For Calcs": 0.4,
        "Normalized EBITDA": -5098666.0,
        "Total Unusual Items": 395996.0,
        "Total Unusual Items Excluding Goodwill": 395996.0,
        "Net Income From Continuing Operation Net Minority Interest": -4341387.0,
        "EBITDA": -4702670.0,
        "EBIT": -4702670.0,
        "Normalized Income": -4578984.6,
        "Net Income From Continuing And Discontinued Operation": -4341387.0,
        "Total Expenses": 4702670.0,
        "Total Operating Income As Reported": -4702670.0,
        "Diluted Average Shares": 37214734.0,
        "Basic Average Shares": 37214734.0,
        "Diluted EPS": -0.12,
        "Basic EPS": -0.12,
        "Diluted NI Availto Com Stockholders": -4341387.0,
        "Net Income Common Stockholders": -4341387.0,
        "Net Income": -4341387.0,
        "Net Income Including Noncontrolling Interests": -4341387.0,
        "Net Income Continuous Operations": -4341387.0,
        "Tax Provision": 34713.0,
        "Pretax Income": -4306674.0,
        "Other Income Expense": 395996.0,
        "Gain On Sale Of Security": 395996.0,
        "Operating Income": -4702670.0,
        "Operating Expense": 4702670.0,
        "Selling General And Administration": 4702670.0,
        "General And Administrative Expense": 4702670.0,
        "Other Gand A": 4702670.0,
        "Total Revenue": 0.0,
        "Operating Revenue": 0.0
    },
    "2022-03-31": {
        "Diluted EPS": -0.05,
        "Total Revenue": NaN,
        "Gross Profit": -2,
        "Operating Income": -2,
        "EBIT": -2,
        "Net Income": -2
    },
    "2021-12-31": {
        "Diluted EPS": -0.07,
        "Total Revenue": NaN,
        "Gross Profit": -1,
        "Operating Income": -1,
        "EBIT": -1,
        "Net Income": -1
    },
    "2021-09-30": {
        "Diluted EPS": -0.01,
        "Total Revenue": NaN,
        "Gross Profit": 0,
        "Operating Income": 0,
        "EBIT": 0,
        "Net Income": 0
    },
    "2021-06-30": {
        "Diluted EPS": 0.0,
        "Total Revenue": NaN,
        "Gross Profit": 0,
        "Operating Income": 0,
        "EBIT": 0,
        "Net Income": 0
    },
    "2021-03-31": {
        "Diluted EPS": 0.0,
        "Total Revenue": NaN,
        "Gross Profit": 0,
        "Operating Income": 0,
        "EBIT": 0,
        "Net Income": 0
    },
    "2023-06-30": {
        "Tax Effect Of Unusual Items": 0.0,
        "Tax Rate For Calcs": 0.21,
        "Normalized EBITDA": -11808058.0,
        "Total Unusual Items": NaN,
        "Total Unusual Items Excluding Goodwill": NaN,
        "Net Income From Continuing Operation Net Minority Interest": -9093767.0,
        "EBITDA": -11808058.0,
        "EBIT": -11808058.0,
        "Net Interest Income": 3618804.0,
        "Interest Income": 3618804.0,
        "Normalized Income": -9093767.0,
        "Net Income From Continuing And Discontinued Operation": -9093767.0,
        "Total Expenses": 11808058.0,
        "Total Operating Income As Reported": -11808058.0,
        "Diluted Average Shares": 37209076.0,
        "Basic Average Shares": 37209076.0,
        "Diluted EPS": -0.24,
        "Basic EPS": -0.24,
        "Diluted NI Availto Com Stockholders": -9093767.0,
        "Net Income Common Stockholders": -9093767.0,
        "Net Income": -9093767.0,
        "Net Income Including Noncontrolling Interests": -9093767.0,
        "Net Income Continuous Operations": -9093767.0,
        "Tax Provision": 904513.0,
        "Pretax Income": -8189254.0,
        "Other Income Expense": NaN,
        "Special Income Charges": NaN,
        "Other Special Charges": NaN,
        "Net Non Operating Interest Income Expense": 3618804.0,
        "Interest Income Non Operating": 3618804.0,
        "Operating Income": -11808058.0,
        "Operating Expense": 11808058.0,
        "Other Operating Expenses": 11369406.0,
        "Other Taxes": 50000.0,
        "Selling General And Administration": 388652.0,
        "General And Administrative Expense": 388652.0,
        "Other Gand A": 388652.0,
        "Total Revenue": 0.0,
        "Operating Revenue": 0.0
    },
    "2023-03-31": {
        "Tax Effect Of Unusual Items": 0.0,
        "Tax Rate For Calcs": 0.35,
        "Normalized EBITDA": -1023579.0,
        "Total Unusual Items": NaN,
        "Total Unusual Items Excluding Goodwill": NaN,
        "Net Income From Continuing Operation Net Minority Interest": 1279786.0,
        "EBITDA": -1023579.0,
        "EBIT": -1023579.0,
        "Net Interest Income": 3186658.0,
        "Interest Income": 3186658.0,
        "Normalized Income": 1279786.0,
        "Net Income From Continuing And Discontinued Operation": 1279786.0,
        "Total Expenses": 1023579.0,
        "Total Operating Income As Reported": -1023579.0,
        "Diluted Average Shares": 37209076.0,
        "Basic Average Shares": 37209076.0,
        "Diluted EPS": 0.03,
        "Basic EPS": 0.03,
        "Diluted NI Availto Com Stockholders": 1279786.0,
        "Net Income Common Stockholders": 1279786.0,
        "Net Income": 1279786.0,
        "Net Income Including Noncontrolling Interests": 1279786.0,
        "Net Income Continuous Operations": 1279786.0,
        "Tax Provision": 883293.0,
        "Pretax Income": 2163079.0,
        "Other Income Expense": NaN,
        "Special Income Charges": NaN,
        "Other Special Charges": NaN,
        "Net Non Operating Interest Income Expense": 3186658.0,
        "Interest Income Non Operating": 3186658.0,
        "Operating Income": -1023579.0,
        "Operating Expense": 1023579.0,
        "Other Operating Expenses": 221942.0,
        "Other Taxes": 132500.0,
        "Selling General And Administration": 669137.0,
        "General And Administrative Expense": 669137.0,
        "Other Gand A": 669137.0,
        "Total Revenue": 0.0,
        "Operating Revenue": 0.0
    },
    "2023-09-30": {
        "Tax Effect Of Unusual Items": 83732.24,
        "Tax Rate For Calcs": 0.08,
        "Normalized EBITDA": -16985746.0,
        "Total Unusual Items": 1046653.0,
        "Total Unusual Items Excluding Goodwill": 1046653.0,
        "Net Income From Continuing Operation Net Minority Interest": -12192367.0,
        "EBITDA": -15939093.0,
        "EBIT": -15939093.0,
        "Net Interest Income": 3599760.0,
        "Interest Income": 3599760.0,
        "Normalized Income": -13155287.76,
        "Net Income From Continuing And Discontinued Operation": -12192367.0,
        "Total Expenses": 15939093.0,
        "Total Operating Income As Reported": -15939093.0,
        "Diluted Average Shares": 37187830.0,
        "Basic Average Shares": 37187830.0,
        "Diluted EPS": -0.33,
        "Basic EPS": -0.33,
        "Diluted NI Availto Com Stockholders": -12192367.0,
        "Net Income Common Stockholders": -12192367.0,
        "Net Income": -12192367.0,
        "Net Income Including Noncontrolling Interests": -12192367.0,
        "Net Income Continuous Operations": -12192367.0,
        "Tax Provision": 899687.0,
        "Pretax Income": -11292680.0,
        "Other Income Expense": 1046653.0,
        "Special Income Charges": 1046653.0,
        "Other Special Charges": -1046653.0,
        "Net Non Operating Interest Income Expense": 3599760.0,
        "Interest Income Non Operating": 3599760.0,
        "Operating Income": -15939093.0,
        "Operating Expense": 15939093.0,
        "Other Operating Expenses": 4307852.0,
        "Other Taxes": 50000.0,
        "Selling General And Administration": 11581241.0,
        "General And Administrative Expense": 11581241.0,
        "Other Gand A": 11581241.0,
        "Total Revenue": 0.0,
        "Operating Revenue": 0.0
    }
}