{
    "2023-06-30": {
        "Tax Effect Of Unusual Items": NaN,
        "Tax Rate For Calcs": NaN,
        "Normalized EBITDA": NaN,
        "Net Income From Continuing Operation Net Minority Interest": NaN,
        "Reconciled Depreciation": NaN,
        "Reconciled Cost Of Revenue": NaN,
        "EBITDA": NaN,
        "EBIT": NaN,
        "Net Interest Income": NaN,
        "Interest Expense": NaN,
        "Interest Income": NaN,
        "Normalized Income": NaN,
        "Net Income From Continuing And Discontinued Operation": NaN,
        "Total Expenses": NaN,
        "Total Operating Income As Reported": NaN,
        "Diluted Average Shares": NaN,
        "Basic Average Shares": NaN,
        "Diluted EPS": NaN,
        "Basic EPS": NaN,
        "Diluted NI Availto Com Stockholders": NaN,
        "Average Dilution Earnings": NaN,
        "Net Income Common Stockholders": NaN,
        "Net Income": NaN,
        "Net Income Including Noncontrolling Interests": NaN,
        "Net Income Continuous Operations": NaN,
        "Tax Provision": NaN,
        "Pretax Income": NaN,
        "Other Income Expense": NaN,
        "Other Non Operating Income Expenses": NaN,
        "Earnings From Equity Interest": 0.0,
        "Net Non Operating Interest Income Expense": NaN,
        "Interest Expense Non Operating": NaN,
        "Interest Income Non Operating": NaN,
        "Operating Income": NaN,
        "Operating Expense": NaN,
        "Depreciation Amortization Depletion Income Statement": 1700000.0,
        "Depreciation And Amortization In Income Statement": 1700000.0,
        "Amortization": 1700000.0,
        "Amortization Of Intangibles Income Statement": 1700000.0,
        "Research And Development": NaN,
        "Selling General And Administration": NaN,
        "Gross Profit": NaN,
        "Cost Of Revenue": NaN,
        "Total Revenue": NaN,
        "Operating Revenue": NaN
    },
    "2023-03-31": {
        "Tax Effect Of Unusual Items": NaN,
        "Tax Rate For Calcs": NaN,
        "Normalized EBITDA": NaN,
        "Net Income From Continuing Operation Net Minority Interest": NaN,
        "Reconciled Depreciation": NaN,
        "Reconciled Cost Of Revenue": NaN,
        "EBITDA": NaN,
        "EBIT": NaN,
        "Net Interest Income": NaN,
        "Interest Expense": NaN,
        "Interest Income": NaN,
        "Normalized Income": NaN,
        "Net Income From Continuing And Discontinued Operation": NaN,
        "Total Expenses": NaN,
        "Total Operating Income As Reported": NaN,
        "Diluted Average Shares": NaN,
        "Basic Average Shares": NaN,
        "Diluted EPS": NaN,
        "Basic EPS": NaN,
        "Diluted NI Availto Com Stockholders": NaN,
        "Average Dilution Earnings": NaN,
        "Net Income Common Stockholders": NaN,
        "Net Income": NaN,
        "Net Income Including Noncontrolling Interests": NaN,
        "Net Income Continuous Operations": NaN,
        "Tax Provision": NaN,
        "Pretax Income": NaN,
        "Other Income Expense": NaN,
        "Other Non Operating Income Expenses": NaN,
        "Earnings From Equity Interest": 0.0,
        "Net Non Operating Interest Income Expense": NaN,
        "Interest Expense Non Operating": NaN,
        "Interest Income Non Operating": NaN,
        "Operating Income": NaN,
        "Operating Expense": NaN,
        "Depreciation Amortization Depletion Income Statement": 1800000.0,
        "Depreciation And Amortization In Income Statement": 1800000.0,
        "Amortization": 1800000.0,
        "Amortization Of Intangibles Income Statement": 1800000.0,
        "Research And Development": NaN,
        "Selling General And Administration": NaN,
        "Gross Profit": NaN,
        "Cost Of Revenue": NaN,
        "Total Revenue": NaN,
        "Operating Revenue": NaN
    },
    "2022-12-31": {
        "Tax Effect Of Unusual Items": NaN,
        "Tax Rate For Calcs": NaN,
        "Normalized EBITDA": NaN,
        "Net Income From Continuing Operation Net Minority Interest": NaN,
        "Reconciled Depreciation": NaN,
        "Reconciled Cost Of Revenue": NaN,
        "EBITDA": NaN,
        "EBIT": NaN,
        "Net Interest Income": NaN,
        "Interest Expense": NaN,
        "Interest Income": NaN,
        "Normalized Income": NaN,
        "Net Income From Continuing And Discontinued Operation": NaN,
        "Total Expenses": NaN,
        "Total Operating Income As Reported": NaN,
        "Diluted Average Shares": NaN,
        "Basic Average Shares": NaN,
        "Diluted EPS": NaN,
        "Basic EPS": NaN,
        "Diluted NI Availto Com Stockholders": NaN,
        "Average Dilution Earnings": NaN,
        "Net Income Common Stockholders": NaN,
        "Net Income": NaN,
        "Net Income Including Noncontrolling Interests": NaN,
        "Net Income Continuous Operations": NaN,
        "Tax Provision": NaN,
        "Pretax Income": NaN,
        "Other Income Expense": NaN,
        "Other Non Operating Income Expenses": NaN,
        "Earnings From Equity Interest": 0.0,
        "Net Non Operating Interest Income Expense": NaN,
        "Interest Expense Non Operating": NaN,
        "Interest Income Non Operating": NaN,
        "Operating Income": NaN,
        "Operating Expense": NaN,
        "Depreciation Amortization Depletion Income Statement": 1800000.0,
        "Depreciation And Amortization In Income Statement": 1800000.0,
        "Amortization": 1800000.0,
        "Amortization Of Intangibles Income Statement": 1800000.0,
        "Research And Development": NaN,
        "Selling General And Administration": NaN,
        "Gross Profit": NaN,
        "Cost Of Revenue": NaN,
        "Total Revenue": NaN,
        "Operating Revenue": NaN
    },
    "2022-09-30": {
        "Tax Effect Of Unusual Items": NaN,
        "Tax Rate For Calcs": NaN,
        "Normalized EBITDA": NaN,
        "Net Income From Continuing Operation Net Minority Interest": NaN,
        "Reconciled Depreciation": NaN,
        "Reconciled Cost Of Revenue": NaN,
        "EBITDA": NaN,
        "EBIT": NaN,
        "Net Interest Income": NaN,
        "Interest Expense": NaN,
        "Interest Income": NaN,
        "Normalized Income": NaN,
        "Net Income From Continuing And Discontinued Operation": NaN,
        "Total Expenses": NaN,
        "Total Operating Income As Reported": NaN,
        "Diluted Average Shares": NaN,
        "Basic Average Shares": NaN,
        "Diluted EPS": NaN,
        "Basic EPS": NaN,
        "Diluted NI Availto Com Stockholders": NaN,
        "Average Dilution Earnings": NaN,
        "Net Income Common Stockholders": NaN,
        "Net Income": NaN,
        "Net Income Including Noncontrolling Interests": NaN,
        "Net Income Continuous Operations": NaN,
        "Tax Provision": NaN,
        "Pretax Income": NaN,
        "Other Income Expense": NaN,
        "Other Non Operating Income Expenses": -2400000.0,
        "Earnings From Equity Interest": NaN,
        "Net Non Operating Interest Income Expense": NaN,
        "Interest Expense Non Operating": NaN,
        "Interest Income Non Operating": NaN,
        "Operating Income": NaN,
        "Operating Expense": NaN,
        "Depreciation Amortization Depletion Income Statement": 1800000.0,
        "Depreciation And Amortization In Income Statement": 1800000.0,
        "Amortization": 1800000.0,
        "Amortization Of Intangibles Income Statement": 1800000.0,
        "Research And Development": NaN,
        "Selling General And Administration": NaN,
        "Gross Profit": NaN,
        "Cost Of Revenue": NaN,
        "Total Revenue": NaN,
        "Operating Revenue": NaN
    },
    "2022-06-30": {
        "Tax Effect Of Unusual Items": 0.0,
        "Tax Rate For Calcs": 0.324037,
        "Normalized EBITDA": 123600000.0,
        "Total Unusual Items": NaN,
        "Total Unusual Items Excluding Goodwill": NaN,
        "Net Income From Continuing Operation Net Minority Interest": 50900000.0,
        "Reconciled Depreciation": 43600000.0,
        "Reconciled Cost Of Revenue": 205000000.0,
        "EBITDA": 123600000.0,
        "EBIT": 80000000.0,
        "Net Interest Income": -1700000.0,
        "Interest Expense": 4700000.0,
        "Interest Income": 3000000.0,
        "Normalized Income": 50900000.0,
        "Net Income From Continuing And Discontinued Operation": 50900000.0,
        "Total Expenses": 619200000.0,
        "Total Operating Income As Reported": 77000000.0,
        "Diluted Average Shares": 421400000.0,
        "Basic Average Shares": 392500000.0,
        "Diluted EPS": 0.12,
        "Basic EPS": 0.13,
        "Diluted NI Availto Com Stockholders": 52500000.0,
        "Average Dilution Earnings": 1600000.0,
        "Net Income Common Stockholders": 50900000.0,
        "Net Income": 50900000.0,
        "Net Income Including Noncontrolling Interests": 50900000.0,
        "Net Income Continuous Operations": 50900000.0,
        "Tax Provision": 24400000.0,
        "Pretax Income": 75300000.0,
        "Other Income Expense": NaN,
        "Special Income Charges": NaN,
        "Earnings From Equity Interest": 0.0,
        "Net Non Operating Interest Income Expense": -1700000.0,
        "Interest Expense Non Operating": 4700000.0,
        "Interest Income Non Operating": 3000000.0,
        "Operating Income": 77000000.0,
        "Operating Expense": 372500000.0,
        "Depreciation Amortization Depletion Income Statement": 1900000.0,
        "Depreciation And Amortization In Income Statement": 1900000.0,
        "Amortization": 1900000.0,
        "Amortization Of Intangibles Income Statement": 1900000.0,
        "Research And Development": 121700000.0,
        "Selling General And Administration": 248900000.0,
        "Gross Profit": 449500000.0,
        "Cost Of Revenue": 246700000.0,
        "Total Revenue": 696200000.0,
        "Operating Revenue": 696200000.0
    },
    "2022-03-31": {
        "Diluted EPS": 0.23,
        "Total Revenue": 629,
        "Gross Profit": 398,
        "Operating Income": 41,
        "EBIT": 78,
        "Net Income": 97
    },
    "2021-12-31": {
        "Diluted EPS": -0.01,
        "Total Revenue": 698,
        "Gross Profit": 473,
        "Operating Income": 1,
        "EBIT": 33,
        "Net Income": -5
    },
    "2021-09-30": {
        "Diluted EPS": 0.21,
        "Total Revenue": 650,
        "Gross Profit": 447,
        "Operating Income": 118,
        "EBIT": 144,
        "Net Income": 87
    },
    "2021-06-30": {
        "Diluted EPS": 0.19,
        "Total Revenue": 595,
        "Gross Profit": 417,
        "Operating Income": 101,
        "EBIT": 125,
        "Net Income": 78
    },
    "2021-03-31": {
        "Diluted EPS": 0.14,
        "Total Revenue": 505,
        "Gross Profit": 344,
        "Operating Income": 46,
        "EBIT": 67,
        "Net Income": 57
    },
    "2020-12-31": {
        "Diluted EPS": 0.98,
        "Total Revenue": 569,
        "Gross Profit": 399,
        "Operating Income": 104,
        "EBIT": 124,
        "Net Income": 411
    },
    "2020-09-30": {
        "Diluted EPS": 0.18,
        "Total Revenue": 501,
        "Gross Profit": 340,
        "Operating Income": 94,
        "EBIT": 113,
        "Net Income": 72
    },
    "2020-06-30": {
        "Diluted EPS": 0.12,
        "Total Revenue": 452,
        "Gross Profit": 284,
        "Operating Income": 68,
        "EBIT": 83,
        "Net Income": 46
    },
    "2020-03-31": {
        "Diluted EPS": 0.05,
        "Total Revenue": 405,
        "Gross Profit": 257,
        "Operating Income": 34,
        "EBIT": 47,
        "Net Income": 20
    },
    "2019-12-31": {
        "Diluted EPS": 0.26,
        "Total Revenue": 463,
        "Gross Profit": 309,
        "Operating Income": 102,
        "EBIT": 116,
        "Net Income": 93
    },
    "2019-09-30": {
        "Diluted EPS": 0.13,
        "Total Revenue": 396,
        "Gross Profit": 247,
        "Operating Income": 56,
        "EBIT": 69,
        "Net Income": 46
    },
    "2019-06-30": {
        "Diluted EPS": -0.03,
        "Total Revenue": 336,
        "Gross Profit": 207,
        "Operating Income": -1,
        "EBIT": 11,
        "Net Income": -11
    },
    "2019-03-31": {
        "Diluted EPS": -0.08,
        "Total Revenue": 281,
        "Gross Profit": 169,
        "Operating Income": -14,
        "EBIT": -5,
        "Net Income": -27
    },
    "2018-12-31": {
        "Diluted EPS": -0.51,
        "Total Revenue": 338,
        "Gross Profit": 223,
        "Operating Income": -165,
        "EBIT": -156,
        "Net Income": -180
    },
    "2018-09-30": {
        "Diluted EPS": 0.13,
        "Total Revenue": 267,
        "Gross Profit": 169,
        "Operating Income": 14,
        "EBIT": 22,
        "Net Income": 47
    },
    "2018-06-30": {
        "Diluted EPS": 0.09,
        "Total Revenue": 243,
        "Gross Profit": 154,
        "Operating Income": -5,
        "EBIT": 2,
        "Net Income": 30
    },
    "2018-03-31": {
        "Diluted EPS": -0.07,
        "Total Revenue": 184,
        "Gross Profit": 119,
        "Operating Income": -31,
        "EBIT": -25,
        "Net Income": -24
    },
    "2017-12-31": {
        "Diluted EPS": -0.03,
        "Total Revenue": 221,
        "Gross Profit": 154,
        "Operating Income": 12,
        "EBIT": 16,
        "Net Income": -9
    },
    "2017-09-30": {
        "Diluted EPS": -0.01,
        "Total Revenue": 185,
        "Gross Profit": 127,
        "Operating Income": -1,
        "EBIT": 4,
        "Net Income": -2
    },
    "2017-06-30": {
        "Diluted EPS": 0.01,
        "Total Revenue": 171,
        "Gross Profit": 118,
        "Operating Income": -14,
        "EBIT": -10,
        "Net Income": 3
    },
    "2017-03-31": {
        "Diluted EPS": -0.12,
        "Total Revenue": 142,
        "Gross Profit": 94,
        "Operating Income": -40,
        "EBIT": -37,
        "Net Income": -42
    },
    "2016-12-31": {
        "Diluted EPS": -0.02,
        "Total Revenue": 171,
        "Gross Profit": 117,
        "Operating Income": -6,
        "EBIT": -3,
        "Net Income": -7
    },
    "2016-09-30": {
        "Diluted EPS": -0.06,
        "Total Revenue": 149,
        "Gross Profit": 101,
        "Operating Income": -19,
        "EBIT": -14,
        "Net Income": -19
    },
    "2016-06-30": {
        "Diluted EPS": -0.06,
        "Total Revenue": 137,
        "Gross Profit": 86,
        "Operating Income": -20,
        "EBIT": -16,
        "Net Income": -20
    },
    "2016-03-31": {
        "Diluted EPS": -0.06,
        "Total Revenue": 116,
        "Gross Profit": 75,
        "Operating Income": -19,
        "EBIT": -16,
        "Net Income": -19
    },
    "2015-12-31": {
        "Diluted EPS": 0.01,
        "Total Revenue": 131,
        "Gross Profit": 91,
        "Operating Income": 2,
        "EBIT": 4,
        "Net Income": 2
    },
    "2015-09-30": {
        "Diluted EPS": -0.13,
        "Total Revenue": 105,
        "Gross Profit": 75,
        "Operating Income": -42,
        "EBIT": -40,
        "Net Income": -43
    },
    "2015-06-30": {
        "Diluted EPS": -0.01,
        "Total Revenue": 93,
        "Gross Profit": 66,
        "Operating Income": -4,
        "EBIT": -1,
        "Net Income": -4
    },
    "2015-03-31": {
        "Diluted EPS": -0.04,
        "Total Revenue": 73,
        "Gross Profit": 47,
        "Operating Income": -13,
        "EBIT": -10,
        "Net Income": -13
    },
    "2014-12-31": {
        "Diluted EPS": 0.01,
        "Total Revenue": 84,
        "Gross Profit": 59,
        "Operating Income": 2,
        "EBIT": 4,
        "Net Income": 1
    },
    "2014-09-30": {
        "Diluted EPS": -0.02,
        "Total Revenue": 69,
        "Gross Profit": 47,
        "Operating Income": -5,
        "EBIT": -3,
        "Net Income": -5
    },
    "2014-06-30": {
        "Diluted EPS": -0.02,
        "Total Revenue": 59,
        "Gross Profit": 40,
        "Operating Income": -6,
        "EBIT": -4,
        "Net Income": -6
    },
    "2014-03-31": {
        "Diluted EPS": -0.04,
        "Total Revenue": 47,
        "Gross Profit": 30,
        "Operating Income": -12,
        "EBIT": -10,
        "Net Income": -13
    },
    "2013-12-31": {
        "Diluted EPS": -0.01,
        "Total Revenue": 52,
        "Gross Profit": 34,
        "Operating Income": -2,
        "EBIT": 0,
        "Net Income": -3
    },
    "2013-09-30": {
        "Diluted EPS": -0.02,
        "Total Revenue": 43,
        "Gross Profit": 28,
        "Operating Income": -6,
        "EBIT": -4,
        "Net Income": -6
    },
    "2013-06-30": {
        "Diluted EPS": -0.04,
        "Total Revenue": 36,
        "Gross Profit": 22,
        "Operating Income": -10,
        "EBIT": -8,
        "Net Income": -10
    },
    "2013-03-31": {
        "Diluted EPS": -0.04,
        "Total Revenue": 30,
        "Gross Profit": 17,
        "Operating Income": -11,
        "EBIT": -9,
        "Net Income": -11
    },
    "2012-12-31": {
        "Diluted EPS": -0.03,
        "Total Revenue": 33,
        "Gross Profit": 18,
        "Operating Income": -8,
        "EBIT": -6,
        "Net Income": -8
    },
    "2012-09-30": {
        "Diluted EPS": -0.06,
        "Total Revenue": 23,
        "Gross Profit": 8,
        "Operating Income": -17,
        "EBIT": -15,
        "Net Income": -17
    },
    "2012-06-30": {
        "Diluted EPS": -0.05,
        "Total Revenue": 23,
        "Gross Profit": 11,
        "Operating Income": -15,
        "EBIT": -13,
        "Net Income": -15
    },
    "2012-03-31": {
        "Diluted EPS": -0.05,
        "Total Revenue": 20,
        "Gross Profit": 9,
        "Operating Income": -15,
        "EBIT": -14,
        "Net Income": -14
    },
    "2011-12-31": {
        "Diluted EPS": -0.05,
        "Total Revenue": 22,
        "Gross Profit": 11,
        "Operating Income": -12,
        "EBIT": -11,
        "Net Income": -12
    },
    "2011-09-30": {
        "Diluted EPS": -0.05,
        "Total Revenue": 18,
        "Gross Profit": 8,
        "Operating Income": -13,
        "EBIT": -12,
        "Net Income": -13
    },
    "2011-06-30": {
        "Diluted EPS": -0.03,
        "Total Revenue": 21,
        "Gross Profit": 12,
        "Operating Income": -7,
        "EBIT": -6,
        "Net Income": -7
    },
    "2011-03-31": {
        "Diluted EPS": -0.05,
        "Total Revenue": 14,
        "Gross Profit": 5,
        "Operating Income": -12,
        "EBIT": -11,
        "Net Income": -12
    },
    "2010-12-31": {
        "Diluted EPS": -0.04,
        "Total Revenue": 16,
        "Gross Profit": 7,
        "Operating Income": -10,
        "EBIT": -9,
        "Net Income": -10
    },
    "2010-09-30": {
        "Diluted EPS": -0.06,
        "Total Revenue": 12,
        "Gross Profit": 3,
        "Operating Income": -13,
        "EBIT": -12,
        "Net Income": -13
    },
    "2010-06-30": {
        "Diluted EPS": -0.05,
        "Total Revenue": 12,
        "Gross Profit": 5,
        "Operating Income": -11,
        "EBIT": -10,
        "Net Income": -12
    },
    "2010-03-31": {
        "Diluted EPS": -0.1,
        "Total Revenue": 10,
        "Gross Profit": 3,
        "Operating Income": -11,
        "EBIT": -10,
        "Net Income": -20
    },
    "2009-12-31": {
        "Diluted EPS": -0.07,
        "Total Revenue": 10,
        "Gross Profit": 4,
        "Operating Income": -9,
        "EBIT": -9,
        "Net Income": -12
    },
    "2009-09-30": {
        "Diluted EPS": -0.07,
        "Total Revenue": 7,
        "Gross Profit": 1,
        "Operating Income": -12,
        "EBIT": -11,
        "Net Income": -14
    },
    "2009-06-30": {
        "Diluted EPS": -0.08,
        "Total Revenue": 7,
        "Gross Profit": -1,
        "Operating Income": -13,
        "EBIT": -12,
        "Net Income": -15
    },
    "2009-03-31": {
        "Diluted EPS": -0.08,
        "Total Revenue": 5,
        "Gross Profit": 0,
        "Operating Income": -11,
        "EBIT": -10,
        "Net Income": -13
    },
    "2023-09-30": {
        "Tax Effect Of Unusual Items": 0.0,
        "Tax Rate For Calcs": 0.21,
        "Normalized EBITDA": 293500000.0,
        "Net Income From Continuing Operation Net Minority Interest": 120700000.0,
        "Reconciled Depreciation": 48200000.0,
        "Reconciled Cost Of Revenue": 351700000.0,
        "EBITDA": 293500000.0,
        "EBIT": 245300000.0,
        "Net Interest Income": 36600000.0,
        "Interest Expense": 4900000.0,
        "Interest Income": 41500000.0,
        "Normalized Income": 120700000.0,
        "Net Income From Continuing And Discontinued Operation": 120700000.0,
        "Total Expenses": 769500000.0,
        "Total Operating Income As Reported": 205500000.0,
        "Diluted Average Shares": 426800000.0,
        "Basic Average Shares": 386600000.0,
        "Diluted EPS": 0.29,
        "Basic EPS": 0.31,
        "Diluted NI Availto Com Stockholders": 123700000.0,
        "Average Dilution Earnings": 3000000.0,
        "Net Income Common Stockholders": 120700000.0,
        "Net Income": 120700000.0,
        "Net Income Including Noncontrolling Interests": 120700000.0,
        "Net Income Continuous Operations": 120700000.0,
        "Tax Provision": 119700000.0,
        "Pretax Income": 240400000.0,
        "Other Income Expense": -1700000.0,
        "Other Non Operating Income Expenses": -1700000.0,
        "Earnings From Equity Interest": 1000000.0,
        "Net Non Operating Interest Income Expense": 36600000.0,
        "Interest Expense Non Operating": 4900000.0,
        "Interest Income Non Operating": 41500000.0,
        "Operating Income": 205500000.0,
        "Operating Expense": 417800000.0,
        "Depreciation Amortization Depletion Income Statement": 1700000.0,
        "Depreciation And Amortization In Income Statement": 1700000.0,
        "Amortization": 1700000.0,
        "Amortization Of Intangibles Income Statement": 1700000.0,
        "Research And Development": 131400000.0,
        "Selling General And Administration": 286400000.0,
        "Gross Profit": 623300000.0,
        "Cost Of Revenue": 351700000.0,
        "Total Revenue": 975000000.0,
        "Operating Revenue": 975000000.0
    },
    "2023-12-31": {
        "Tax Effect Of Unusual Items": 0.0,
        "Tax Rate For Calcs": 0.21,
        "Normalized EBITDA": 303600000.0,
        "Net Income From Continuing Operation Net Minority Interest": 256300000.0,
        "Reconciled Depreciation": 52500000.0,
        "Reconciled Cost Of Revenue": 377900000.0,
        "EBITDA": 303600000.0,
        "EBIT": 251100000.0,
        "Net Interest Income": 28900000.0,
        "Interest Expense": 4900000.0,
        "Interest Income": 33800000.0,
        "Normalized Income": 256300000.0,
        "Net Income From Continuing And Discontinued Operation": 256300000.0,
        "Total Expenses": 817600000.0,
        "Total Operating Income As Reported": 216900000.0,
        "Diluted Average Shares": 415900000.0,
        "Basic Average Shares": 384100000.0,
        "Diluted EPS": 0.62,
        "Basic EPS": 0.67,
        "Diluted NI Availto Com Stockholders": 259300000.0,
        "Average Dilution Earnings": 3000000.0,
        "Net Income Common Stockholders": 256300000.0,
        "Net Income": 256300000.0,
        "Net Income Including Noncontrolling Interests": 256300000.0,
        "Net Income Continuous Operations": 256300000.0,
        "Tax Provision": -10100000.0,
        "Pretax Income": 246200000.0,
        "Other Income Expense": 400000.0,
        "Other Non Operating Income Expenses": -500000.0,
        "Earnings From Equity Interest": 900000.0,
        "Net Non Operating Interest Income Expense": 28900000.0,
        "Interest Expense Non Operating": 4900000.0,
        "Interest Income Non Operating": 33800000.0,
        "Operating Income": 216900000.0,
        "Operating Expense": 439700000.0,
        "Depreciation Amortization Depletion Income Statement": NaN,
        "Depreciation And Amortization In Income Statement": NaN,
        "Amortization": NaN,
        "Amortization Of Intangibles Income Statement": NaN,
        "Research And Development": 136100000.0,
        "Selling General And Administration": 308800000.0,
        "Gross Profit": 656600000.0,
        "Cost Of Revenue": 377900000.0,
        "Total Revenue": 1034500000.0,
        "Operating Revenue": 1034500000.0
    },
    "2024-03-31": {
        "Tax Effect Of Unusual Items": 0.0,
        "Tax Rate For Calcs": 0.21,
        "Normalized EBITDA": 189600000.0,
        "Net Income From Continuing Operation Net Minority Interest": 146400000.0,
        "Reconciled Depreciation": 52500000.0,
        "Reconciled Cost Of Revenue": 359100000.0,
        "EBITDA": 189600000.0,
        "EBIT": 137100000.0,
        "Net Interest Income": 31700000.0,
        "Interest Expense": 4600000.0,
        "Interest Income": 36300000.0,
        "Normalized Income": 146400000.0,
        "Net Income From Continuing And Discontinued Operation": 146400000.0,
        "Total Expenses": 819900000.0,
        "Total Operating Income As Reported": 101100000.0,
        "Diluted Average Shares": 416700000.0,
        "Basic Average Shares": 390200000.0,
        "Diluted EPS": 0.36,
        "Basic EPS": 0.38,
        "Diluted NI Availto Com Stockholders": 149300000.0,
        "Average Dilution Earnings": 2900000.0,
        "Net Income Common Stockholders": 146400000.0,
        "Net Income": 146400000.0,
        "Net Income Including Noncontrolling Interests": 146400000.0,
        "Net Income Continuous Operations": 146400000.0,
        "Tax Provision": -13900000.0,
        "Pretax Income": 132500000.0,
        "Other Income Expense": -300000.0,
        "Other Non Operating Income Expenses": -300000.0,
        "Earnings From Equity Interest": NaN,
        "Net Non Operating Interest Income Expense": 31700000.0,
        "Interest Expense Non Operating": 4600000.0,
        "Interest Income Non Operating": 36300000.0,
        "Operating Income": 101100000.0,
        "Operating Expense": 460800000.0,
        "Depreciation Amortization Depletion Income Statement": NaN,
        "Depreciation And Amortization In Income Statement": NaN,
        "Amortization": NaN,
        "Amortization Of Intangibles Income Statement": NaN,
        "Research And Development": 141500000.0,
        "Selling General And Administration": 319300000.0,
        "Gross Profit": 561900000.0,
        "Cost Of Revenue": 359100000.0,
        "Total Revenue": 921000000.0,
        "Operating Revenue": 921000000.0
    },
    "2024-06-30": {
        "Tax Effect Of Unusual Items": 0.0,
        "Tax Rate For Calcs": 0.235889,
        "Normalized EBITDA": 244700000.0,
        "Net Income From Continuing Operation Net Minority Interest": 143500000.0,
        "Reconciled Depreciation": 52100000.0,
        "Reconciled Cost Of Revenue": 377600000.0,
        "EBITDA": 244700000.0,
        "EBIT": 192600000.0,
        "Net Interest Income": 31400000.0,
        "Interest Expense": 4800000.0,
        "Interest Income": 36200000.0,
        "Normalized Income": 143500000.0,
        "Net Income From Continuing And Discontinued Operation": 143500000.0,
        "Total Expenses": 846300000.0,
        "Total Operating Income As Reported": 158000000.0,
        "Diluted Average Shares": 416800000.0,
        "Basic Average Shares": 399200000.0,
        "Diluted EPS": 0.35,
        "Basic EPS": 0.36,
        "Diluted NI Availto Com Stockholders": 146400000.0,
        "Average Dilution Earnings": 2900000.0,
        "Net Income Common Stockholders": 143500000.0,
        "Net Income": 143500000.0,
        "Net Income Including Noncontrolling Interests": 143500000.0,
        "Net Income Continuous Operations": 143500000.0,
        "Tax Provision": 44300000.0,
        "Pretax Income": 187800000.0,
        "Other Income Expense": -1600000.0,
        "Other Non Operating Income Expenses": -1600000.0,
        "Earnings From Equity Interest": NaN,
        "Net Non Operating Interest Income Expense": 31400000.0,
        "Interest Expense Non Operating": 4800000.0,
        "Interest Income Non Operating": 36200000.0,
        "Operating Income": 158000000.0,
        "Operating Expense": 468700000.0,
        "Depreciation Amortization Depletion Income Statement": NaN,
        "Depreciation And Amortization In Income Statement": NaN,
        "Amortization": NaN,
        "Amortization Of Intangibles Income Statement": NaN,
        "Research And Development": 136000000.0,
        "Selling General And Administration": 332700000.0,
        "Gross Profit": 626700000.0,
        "Cost Of Revenue": 377600000.0,
        "Total Revenue": 1004300000.0,
        "Operating Revenue": 1004300000.0
    },
    "2024-09-30": {
        "Tax Effect Of Unusual Items": 0.0,
        "Tax Rate For Calcs": 0.241263,
        "Normalized EBITDA": 237400000.0,
        "Net Income From Continuing Operation Net Minority Interest": 134600000.0,
        "Reconciled Depreciation": 55300000.0,
        "Reconciled Cost Of Revenue": 400400000.0,
        "EBITDA": 237400000.0,
        "EBIT": 182100000.0,
        "Net Interest Income": 27300000.0,
        "Interest Expense": 4700000.0,
        "Interest Income": 32000000.0,
        "Normalized Income": 134600000.0,
        "Net Income From Continuing And Discontinued Operation": 134600000.0,
        "Total Expenses": 842200000.0,
        "Total Operating Income As Reported": 152000000.0,
        "Diluted Average Shares": 410200000.0,
        "Basic Average Shares": 394200000.0,
        "Diluted EPS": 0.34,
        "Basic EPS": 0.34,
        "Diluted NI Availto Com Stockholders": 137500000.0,
        "Average Dilution Earnings": 2900000.0,
        "Net Income Common Stockholders": 134600000.0,
        "Net Income": 134600000.0,
        "Net Income Including Noncontrolling Interests": 134600000.0,
        "Net Income Continuous Operations": 134600000.0,
        "Tax Provision": 42800000.0,
        "Pretax Income": 177400000.0,
        "Other Income Expense": -1900000.0,
        "Other Non Operating Income Expenses": -1900000.0,
        "Earnings From Equity Interest": NaN,
        "Net Non Operating Interest Income Expense": 27300000.0,
        "Interest Expense Non Operating": 4700000.0,
        "Interest Income Non Operating": 32000000.0,
        "Operating Income": 152000000.0,
        "Operating Expense": 441800000.0,
        "Depreciation Amortization Depletion Income Statement": NaN,
        "Depreciation And Amortization In Income Statement": NaN,
        "Amortization": NaN,
        "Amortization Of Intangibles Income Statement": NaN,
        "Research And Development": 135400000.0,
        "Selling General And Administration": 306400000.0,
        "Gross Profit": 593800000.0,
        "Cost Of Revenue": 400400000.0,
        "Total Revenue": 994200000.0,
        "Operating Revenue": 994200000.0
    }
}