{
    "2023-04-30": {
        "Tax Effect Of Unusual Items": 0.0,
        "Tax Rate For Calcs": 0.2664,
        "Normalized EBITDA": 12635000.0,
        "Total Unusual Items": 0.0,
        "Total Unusual Items Excluding Goodwill": 0.0,
        "Net Income From Continuing Operation Net Minority Interest": 6967000.0,
        "Reconciled Depreciation": 3477000.0,
        "Reconciled Cost Of Revenue": 64526000.0,
        "EBIT": 9158000.0,
        "Net Interest Income": 339000.0,
        "Interest Expense": NaN,
        "Normalized Income": 6967000.0,
        "Net Income From Continuing And Discontinued Operation": 6967000.0,
        "Total Expenses": 116284000.0,
        "Total Operating Income As Reported": 9158000.0,
        "Diluted Average Shares": 66316000.0,
        "Basic Average Shares": 62690000.0,
        "Diluted EPS": 0.11,
        "Basic EPS": 0.11,
        "Diluted NI Availto Com Stockholders": 6967000.0,
        "Net Income Common Stockholders": 6967000.0,
        "Net Income": 6967000.0,
        "Net Income Including Noncontrolling Interests": 6967000.0,
        "Net Income Continuous Operations": 6967000.0,
        "Tax Provision": 2530000.0,
        "Pretax Income": 9497000.0,
        "Other Income Expense": NaN,
        "Other Non Operating Income Expenses": NaN,
        "Special Income Charges": 0.0,
        "Other Special Charges": NaN,
        "Impairment Of Capital Assets": 0.0,
        "Net Non Operating Interest Income Expense": 339000.0,
        "Total Other Finance Cost": -339000.0,
        "Interest Expense Non Operating": NaN,
        "Operating Income": 9158000.0,
        "Operating Expense": 51758000.0,
        "Depreciation Amortization Depletion Income Statement": 3477000.0,
        "Depreciation And Amortization In Income Statement": 3477000.0,
        "Selling General And Administration": 48281000.0,
        "Gross Profit": 60916000.0,
        "Cost Of Revenue": 64526000.0,
        "Total Revenue": 125442000.0,
        "Operating Revenue": 125442000.0
    },
    "2023-01-31": {
        "Tax Effect Of Unusual Items": -49187.094311,
        "Tax Rate For Calcs": 0.205804,
        "Normalized EBITDA": 14488000.0,
        "Total Unusual Items": -239000.0,
        "Total Unusual Items Excluding Goodwill": -239000.0,
        "Net Income From Continuing Operation Net Minority Interest": 8320000.0,
        "Reconciled Depreciation": 3633000.0,
        "Reconciled Cost Of Revenue": 75280000.0,
        "EBIT": 10616000.0,
        "Net Interest Income": 99000.0,
        "Interest Expense": -99000.0,
        "Normalized Income": 8509812.905689,
        "Net Income From Continuing And Discontinued Operation": 8320000.0,
        "Total Expenses": 133262000.0,
        "Total Operating Income As Reported": 10377000.0,
        "Diluted Average Shares": 66242000.0,
        "Basic Average Shares": 62516000.0,
        "Diluted EPS": 0.13,
        "Basic EPS": 0.13,
        "Diluted NI Availto Com Stockholders": 8320000.0,
        "Net Income Common Stockholders": 8320000.0,
        "Net Income": 8320000.0,
        "Net Income Including Noncontrolling Interests": 8320000.0,
        "Net Income Continuous Operations": 8320000.0,
        "Tax Provision": 2156000.0,
        "Pretax Income": 10476000.0,
        "Other Income Expense": -239000.0,
        "Other Non Operating Income Expenses": NaN,
        "Special Income Charges": -239000.0,
        "Other Special Charges": NaN,
        "Impairment Of Capital Assets": 239000.0,
        "Net Non Operating Interest Income Expense": 99000.0,
        "Total Other Finance Cost": -99000.0,
        "Interest Expense Non Operating": -99000.0,
        "Operating Income": 10616000.0,
        "Operating Expense": 57982000.0,
        "Depreciation Amortization Depletion Income Statement": 3633000.0,
        "Depreciation And Amortization In Income Statement": 3633000.0,
        "Selling General And Administration": 54349000.0,
        "Gross Profit": 68598000.0,
        "Cost Of Revenue": 75280000.0,
        "Total Revenue": 143878000.0,
        "Operating Revenue": 143878000.0
    },
    "2022-10-31": {
        "Tax Effect Of Unusual Items": 0.0,
        "Tax Rate For Calcs": 0.165897,
        "Normalized EBITDA": 16432000.0,
        "Total Unusual Items": 0.0,
        "Total Unusual Items Excluding Goodwill": 0.0,
        "Net Income From Continuing Operation Net Minority Interest": 10473000.0,
        "Reconciled Depreciation": 3769000.0,
        "Reconciled Cost Of Revenue": 64856000.0,
        "EBIT": 12663000.0,
        "Net Interest Income": -107000.0,
        "Interest Expense": 107000.0,
        "Normalized Income": 10473000.0,
        "Net Income From Continuing And Discontinued Operation": 10473000.0,
        "Total Expenses": 117008000.0,
        "Total Operating Income As Reported": 12663000.0,
        "Diluted Average Shares": 66229000.0,
        "Basic Average Shares": 62016000.0,
        "Diluted EPS": 0.16,
        "Basic EPS": 0.17,
        "Diluted NI Availto Com Stockholders": 10473000.0,
        "Net Income Common Stockholders": 10473000.0,
        "Net Income": 10473000.0,
        "Net Income Including Noncontrolling Interests": 10473000.0,
        "Net Income Continuous Operations": 10473000.0,
        "Tax Provision": 2083000.0,
        "Pretax Income": 12556000.0,
        "Other Income Expense": NaN,
        "Other Non Operating Income Expenses": NaN,
        "Special Income Charges": 0.0,
        "Other Special Charges": NaN,
        "Impairment Of Capital Assets": 0.0,
        "Net Non Operating Interest Income Expense": -107000.0,
        "Total Other Finance Cost": NaN,
        "Interest Expense Non Operating": 107000.0,
        "Operating Income": 12663000.0,
        "Operating Expense": 52152000.0,
        "Depreciation Amortization Depletion Income Statement": 3769000.0,
        "Depreciation And Amortization In Income Statement": 3769000.0,
        "Selling General And Administration": 48383000.0,
        "Gross Profit": 64815000.0,
        "Cost Of Revenue": 64856000.0,
        "Total Revenue": 129671000.0,
        "Operating Revenue": 129671000.0
    },
    "2022-07-31": {
        "Tax Effect Of Unusual Items": 18800.0,
        "Tax Rate For Calcs": 0.4,
        "Normalized EBITDA": 25857000.0,
        "Total Unusual Items": 47000.0,
        "Total Unusual Items Excluding Goodwill": 47000.0,
        "Net Income From Continuing Operation Net Minority Interest": 56942000.0,
        "Reconciled Depreciation": 3992000.0,
        "Reconciled Cost Of Revenue": 69316000.0,
        "EBIT": 21912000.0,
        "Net Interest Income": -100000.0,
        "Interest Expense": 100000.0,
        "Normalized Income": 56913800.0,
        "Net Income From Continuing And Discontinued Operation": 56942000.0,
        "Total Expenses": 122769000.0,
        "Total Operating Income As Reported": 21912000.0,
        "Diluted Average Shares": 66670000.0,
        "Basic Average Shares": 62688000.0,
        "Diluted EPS": 0.85,
        "Basic EPS": 0.91,
        "Diluted NI Availto Com Stockholders": 56942000.0,
        "Net Income Common Stockholders": 56942000.0,
        "Net Income": 56942000.0,
        "Net Income Including Noncontrolling Interests": 56942000.0,
        "Net Income Continuous Operations": 56942000.0,
        "Tax Provision": -35130000.0,
        "Pretax Income": 21812000.0,
        "Other Income Expense": 47000.0,
        "Other Non Operating Income Expenses": NaN,
        "Special Income Charges": 47000.0,
        "Other Special Charges": NaN,
        "Impairment Of Capital Assets": -47000.0,
        "Net Non Operating Interest Income Expense": -100000.0,
        "Total Other Finance Cost": NaN,
        "Interest Expense Non Operating": 100000.0,
        "Operating Income": 21865000.0,
        "Operating Expense": 53453000.0,
        "Depreciation Amortization Depletion Income Statement": 3992000.0,
        "Depreciation And Amortization In Income Statement": 3992000.0,
        "Selling General And Administration": 49461000.0,
        "Gross Profit": 75318000.0,
        "Cost Of Revenue": 69316000.0,
        "Total Revenue": 144634000.0,
        "Operating Revenue": 144634000.0
    },
    "2022-04-30": {
        "Diluted EPS": 0.2,
        "Total Revenue": 128,
        "Gross Profit": 64,
        "Operating Income": 14,
        "EBIT": 18,
        "Net Income": 13
    },
    "2022-01-31": {
        "Diluted EPS": 0.13,
        "Total Revenue": 133,
        "Gross Profit": 66,
        "Operating Income": 10,
        "EBIT": 15,
        "Net Income": 10
    },
    "2021-10-31": {
        "Diluted EPS": 0.2,
        "Total Revenue": 121,
        "Gross Profit": 61,
        "Operating Income": 16,
        "EBIT": 21,
        "Net Income": 14
    },
    "2021-07-31": {
        "Diluted EPS": 0.36,
        "Total Revenue": 139,
        "Gross Profit": 72,
        "Operating Income": 26,
        "EBIT": 30,
        "Net Income": 24
    },
    "2021-04-30": {
        "Diluted EPS": 0.14,
        "Total Revenue": 111,
        "Gross Profit": 51,
        "Operating Income": 10,
        "EBIT": 15,
        "Net Income": 9
    },
    "2021-01-31": {
        "Diluted EPS": -0.09,
        "Total Revenue": 100,
        "Gross Profit": 39,
        "Operating Income": -4,
        "EBIT": 1,
        "Net Income": -5
    },
    "2020-10-31": {
        "Diluted EPS": -0.14,
        "Total Revenue": 85,
        "Gross Profit": 31,
        "Operating Income": -6,
        "EBIT": -1,
        "Net Income": -7
    },
    "2020-07-31": {
        "Diluted EPS": -0.21,
        "Total Revenue": 76,
        "Gross Profit": 21,
        "Operating Income": -10,
        "EBIT": -4,
        "Net Income": -11
    },
    "2020-04-30": {
        "Diluted EPS": -0.82,
        "Total Revenue": 57,
        "Gross Profit": 13,
        "Operating Income": -41,
        "EBIT": -35,
        "Net Income": -42
    },
    "2020-01-31": {
        "Diluted EPS": 0.04,
        "Total Revenue": 131,
        "Gross Profit": 56,
        "Operating Income": 3,
        "EBIT": 9,
        "Net Income": 2
    },
    "2019-10-31": {
        "Diluted EPS": -0.14,
        "Total Revenue": 107,
        "Gross Profit": 44,
        "Operating Income": -6,
        "EBIT": 0,
        "Net Income": -7
    },
    "2019-07-31": {
        "Diluted EPS": 0.0,
        "Total Revenue": 123,
        "Gross Profit": 55,
        "Operating Income": 1,
        "EBIT": 7,
        "Net Income": 0
    },
    "2019-04-30": {
        "Diluted EPS": -0.06,
        "Total Revenue": 113,
        "Gross Profit": 49,
        "Operating Income": -2,
        "EBIT": 4,
        "Net Income": -3
    },
    "2019-01-31": {
        "Diluted EPS": -0.16,
        "Total Revenue": 131,
        "Gross Profit": 57,
        "Operating Income": -6,
        "EBIT": 0,
        "Net Income": -7
    },
    "2018-10-31": {
        "Diluted EPS": -0.04,
        "Total Revenue": 107,
        "Gross Profit": 47,
        "Operating Income": -1,
        "EBIT": 6,
        "Net Income": -2
    },
    "2018-07-31": {
        "Diluted EPS": -0.02,
        "Total Revenue": 122,
        "Gross Profit": 57,
        "Operating Income": 0,
        "EBIT": 7,
        "Net Income": -1
    },
    "2018-04-30": {
        "Diluted EPS": -0.06,
        "Total Revenue": 113,
        "Gross Profit": 51,
        "Operating Income": -2,
        "EBIT": 5,
        "Net Income": -3
    },
    "2018-01-31": {
        "Diluted EPS": -0.07,
        "Total Revenue": 136,
        "Gross Profit": 61,
        "Operating Income": -5,
        "EBIT": 2,
        "Net Income": -3
    },
    "2017-10-31": {
        "Diluted EPS": -0.12,
        "Total Revenue": 104,
        "Gross Profit": 45,
        "Operating Income": -5,
        "EBIT": 3,
        "Net Income": -6
    },
    "2017-07-31": {
        "Diluted EPS": -0.08,
        "Total Revenue": 121,
        "Gross Profit": 56,
        "Operating Income": -3,
        "EBIT": 5,
        "Net Income": -4
    },
    "2017-04-30": {
        "Diluted EPS": -0.12,
        "Total Revenue": 108,
        "Gross Profit": 49,
        "Operating Income": -5,
        "EBIT": 2,
        "Net Income": -6
    },
    "2017-01-31": {
        "Diluted EPS": 0.04,
        "Total Revenue": 123,
        "Gross Profit": 55,
        "Operating Income": 3,
        "EBIT": 10,
        "Net Income": 2
    },
    "2016-10-31": {
        "Diluted EPS": -0.09,
        "Total Revenue": 102,
        "Gross Profit": 45,
        "Operating Income": -4,
        "EBIT": 4,
        "Net Income": -4
    },
    "2016-07-31": {
        "Diluted EPS": 0.0,
        "Total Revenue": 118,
        "Gross Profit": 55,
        "Operating Income": 1,
        "EBIT": 8,
        "Net Income": 0
    },
    "2016-04-30": {
        "Diluted EPS": 0.0,
        "Total Revenue": 108,
        "Gross Profit": 50,
        "Operating Income": 1,
        "EBIT": 8,
        "Net Income": 0
    },
    "2016-01-31": {
        "Diluted EPS": -0.03,
        "Total Revenue": 124,
        "Gross Profit": 57,
        "Operating Income": -1,
        "EBIT": 7,
        "Net Income": -1
    },
    "2015-10-31": {
        "Diluted EPS": -0.11,
        "Total Revenue": 100,
        "Gross Profit": 45,
        "Operating Income": -5,
        "EBIT": 2,
        "Net Income": -5
    },
    "2015-07-31": {
        "Diluted EPS": -0.02,
        "Total Revenue": 114,
        "Gross Profit": 54,
        "Operating Income": 0,
        "EBIT": 6,
        "Net Income": -1
    },
    "2015-04-30": {
        "Diluted EPS": -0.01,
        "Total Revenue": 104,
        "Gross Profit": 48,
        "Operating Income": 0,
        "EBIT": 6,
        "Net Income": -1
    },
    "2015-01-31": {
        "Diluted EPS": 0.03,
        "Total Revenue": 120,
        "Gross Profit": 57,
        "Operating Income": 2,
        "EBIT": 9,
        "Net Income": 2
    },
    "2014-10-31": {
        "Diluted EPS": -0.13,
        "Total Revenue": 94,
        "Gross Profit": 41,
        "Operating Income": -6,
        "EBIT": 0,
        "Net Income": -6
    },
    "2014-07-31": {
        "Diluted EPS": -0.08,
        "Total Revenue": 104,
        "Gross Profit": 48,
        "Operating Income": -3,
        "EBIT": 3,
        "Net Income": -4
    },
    "2014-04-30": {
        "Diluted EPS": -0.07,
        "Total Revenue": 97,
        "Gross Profit": 44,
        "Operating Income": -3,
        "EBIT": 2,
        "Net Income": -4
    },
    "2014-01-31": {
        "Diluted EPS": -1.14,
        "Total Revenue": 106,
        "Gross Profit": 48,
        "Operating Income": -6,
        "EBIT": 1,
        "Net Income": -55
    },
    "2013-10-31": {
        "Diluted EPS": -0.08,
        "Total Revenue": 89,
        "Gross Profit": 39,
        "Operating Income": -7,
        "EBIT": -2,
        "Net Income": -4
    },
    "2013-07-31": {
        "Diluted EPS": -0.03,
        "Total Revenue": 98,
        "Gross Profit": 45,
        "Operating Income": -2,
        "EBIT": 2,
        "Net Income": -2
    },
    "2013-04-30": {
        "Diluted EPS": 0.02,
        "Total Revenue": 94,
        "Gross Profit": 44,
        "Operating Income": 2,
        "EBIT": 6,
        "Net Income": 1
    },
    "2013-01-31": {
        "Diluted EPS": 0.08,
        "Total Revenue": 113,
        "Gross Profit": 52,
        "Operating Income": 7,
        "EBIT": 11,
        "Net Income": 4
    },
    "2012-10-31": {
        "Diluted EPS": -0.03,
        "Total Revenue": 89,
        "Gross Profit": 39,
        "Operating Income": -3,
        "EBIT": 1,
        "Net Income": -2
    },
    "2012-07-31": {
        "Diluted EPS": 0.03,
        "Total Revenue": 101,
        "Gross Profit": 47,
        "Operating Income": 5,
        "EBIT": 9,
        "Net Income": 1
    },
    "2012-04-30": {
        "Diluted EPS": 0.05,
        "Total Revenue": 96,
        "Gross Profit": 46,
        "Operating Income": 4,
        "EBIT": 7,
        "Net Income": 2
    },
    "2012-01-31": {
        "Diluted EPS": 0.69,
        "Total Revenue": 111,
        "Gross Profit": 50,
        "Operating Income": -16,
        "EBIT": -13,
        "Net Income": 33
    },
    "2011-10-31": {
        "Diluted EPS": -0.03,
        "Total Revenue": 89,
        "Gross Profit": 40,
        "Operating Income": -1,
        "EBIT": 2,
        "Net Income": -2
    },
    "2011-07-31": {
        "Diluted EPS": 0.14,
        "Total Revenue": 100,
        "Gross Profit": 49,
        "Operating Income": 8,
        "EBIT": 11,
        "Net Income": 7
    },
    "2011-04-30": {
        "Diluted EPS": 0.09,
        "Total Revenue": 96,
        "Gross Profit": 45,
        "Operating Income": 5,
        "EBIT": 7,
        "Net Income": 4
    },
    "2011-01-31": {
        "Diluted EPS": 0.1,
        "Total Revenue": 110,
        "Gross Profit": 50,
        "Operating Income": 8,
        "EBIT": 11,
        "Net Income": 5
    },
    "2010-10-31": {
        "Diluted EPS": 0.01,
        "Total Revenue": 90,
        "Gross Profit": 41,
        "Operating Income": -1,
        "EBIT": 2,
        "Net Income": 0
    },
    "2010-07-31": {
        "Diluted EPS": 0.12,
        "Total Revenue": 97,
        "Gross Profit": 45,
        "Operating Income": 6,
        "EBIT": 9,
        "Net Income": 6
    },
    "2010-04-30": {
        "Diluted EPS": 0.09,
        "Total Revenue": 95,
        "Gross Profit": 44,
        "Operating Income": 5,
        "EBIT": 8,
        "Net Income": 4
    },
    "2010-01-31": {
        "Diluted EPS": 0.07,
        "Total Revenue": 111,
        "Gross Profit": 51,
        "Operating Income": 4,
        "EBIT": 8,
        "Net Income": 4
    },
    "2009-10-31": {
        "Diluted EPS": -0.03,
        "Total Revenue": 89,
        "Gross Profit": 38,
        "Operating Income": -1,
        "EBIT": 2,
        "Net Income": -1
    },
    "2009-07-31": {
        "Diluted EPS": 0.09,
        "Total Revenue": 98,
        "Gross Profit": 44,
        "Operating Income": 4,
        "EBIT": 8,
        "Net Income": 4
    },
    "2009-04-30": {
        "Diluted EPS": 0.01,
        "Total Revenue": 98,
        "Gross Profit": 42,
        "Operating Income": 1,
        "EBIT": 4,
        "Net Income": 0
    },
    "2009-01-31": {
        "Diluted EPS": -2.61,
        "Total Revenue": 123,
        "Gross Profit": 48,
        "Operating Income": -77,
        "EBIT": -73,
        "Net Income": -108
    },
    "2023-07-31": {
        "Tax Effect Of Unusual Items": 0.0,
        "Tax Rate For Calcs": 0.263548,
        "Normalized EBITDA": 22933000.0,
        "Total Unusual Items": 0.0,
        "Total Unusual Items Excluding Goodwill": 0.0,
        "Net Income From Continuing Operation Net Minority Interest": 11633000.0,
        "Reconciled Depreciation": 3468000.0,
        "Reconciled Cost Of Revenue": 69664000.0,
        "EBIT": 19465000.0,
        "Net Interest Income": 505000.0,
        "Interest Expense": NaN,
        "Normalized Income": 11633000.0,
        "Net Income From Continuing And Discontinued Operation": 11633000.0,
        "Total Expenses": 120578000.0,
        "Total Operating Income As Reported": 19465000.0,
        "Diluted Average Shares": 65449000.0,
        "Basic Average Shares": 61977000.0,
        "Diluted EPS": 0.18,
        "Basic EPS": 0.19,
        "Diluted NI Availto Com Stockholders": 11633000.0,
        "Net Income Common Stockholders": 11633000.0,
        "Net Income": 11633000.0,
        "Net Income Including Noncontrolling Interests": 11633000.0,
        "Net Income Continuous Operations": 11633000.0,
        "Tax Provision": 4163000.0,
        "Pretax Income": 15796000.0,
        "Other Income Expense": -4174000.0,
        "Other Non Operating Income Expenses": -4174000.0,
        "Special Income Charges": 0.0,
        "Other Special Charges": 4174000.0,
        "Impairment Of Capital Assets": 0.0,
        "Net Non Operating Interest Income Expense": 505000.0,
        "Total Other Finance Cost": -505000.0,
        "Interest Expense Non Operating": NaN,
        "Operating Income": 19465000.0,
        "Operating Expense": 50914000.0,
        "Depreciation Amortization Depletion Income Statement": 3468000.0,
        "Depreciation And Amortization In Income Statement": 3468000.0,
        "Selling General And Administration": 47446000.0,
        "Gross Profit": 70379000.0,
        "Cost Of Revenue": 69664000.0,
        "Total Revenue": 140043000.0,
        "Operating Revenue": 140043000.0
    }
}