{
    "2023-03-31": {
        "Tax Effect Of Unusual Items": -871920.0,
        "Tax Rate For Calcs": 0.21,
        "Normalized EBITDA": -7883000.0,
        "Total Unusual Items": -4152000.0,
        "Total Unusual Items Excluding Goodwill": -4152000.0,
        "Net Income From Continuing Operation Net Minority Interest": -17135000.0,
        "Reconciled Depreciation": 2465000.0,
        "Reconciled Cost Of Revenue": 59791000.0,
        "EBITDA": -12035000.0,
        "EBIT": -14500000.0,
        "Net Interest Income": -792000.0,
        "Interest Expense": 792000.0,
        "Normalized Income": -13854920.0,
        "Net Income From Continuing And Discontinued Operation": -17135000.0,
        "Total Expenses": 101888000.0,
        "Total Operating Income As Reported": -15228000.0,
        "Diluted Average Shares": 31045000.0,
        "Basic Average Shares": 31045000.0,
        "Diluted EPS": -0.55,
        "Basic EPS": -0.55,
        "Diluted NI Availto Com Stockholders": -17135000.0,
        "Net Income Common Stockholders": -17135000.0,
        "Net Income": -17135000.0,
        "Net Income Including Noncontrolling Interests": -17135000.0,
        "Net Income Continuous Operations": -17135000.0,
        "Tax Provision": 1843000.0,
        "Pretax Income": -15292000.0,
        "Other Income Expense": -3424000.0,
        "Other Non Operating Income Expenses": 728000.0,
        "Special Income Charges": -4152000.0,
        "Restructuring And Mergern Acquisition": 4152000.0,
        "Net Non Operating Interest Income Expense": -792000.0,
        "Interest Expense Non Operating": 792000.0,
        "Operating Income": -11076000.0,
        "Operating Expense": 40903000.0,
        "Depreciation Amortization Depletion Income Statement": 1271000.0,
        "Depreciation And Amortization In Income Statement": 1271000.0,
        "Amortization": 1271000.0,
        "Amortization Of Intangibles Income Statement": 1271000.0,
        "Research And Development": 14851000.0,
        "Selling General And Administration": 24781000.0,
        "Gross Profit": 29827000.0,
        "Cost Of Revenue": 60985000.0,
        "Total Revenue": 90812000.0,
        "Operating Revenue": 90812000.0
    },
    "2022-12-31": {
        "Tax Effect Of Unusual Items": -677040.0,
        "Tax Rate For Calcs": 0.21,
        "Normalized EBITDA": -6647000.0,
        "Total Unusual Items": -3224000.0,
        "Total Unusual Items Excluding Goodwill": -3224000.0,
        "Net Income From Continuing Operation Net Minority Interest": -14559000.0,
        "Reconciled Depreciation": 3878000.0,
        "Reconciled Cost Of Revenue": 67863000.0,
        "EBITDA": -9871000.0,
        "EBIT": -13749000.0,
        "Net Interest Income": -789000.0,
        "Interest Expense": 669000.0,
        "Normalized Income": -12012040.0,
        "Net Income From Continuing And Discontinued Operation": -14559000.0,
        "Total Expenses": 111592000.0,
        "Total Operating Income As Reported": -14639000.0,
        "Diluted Average Shares": 29273000.0,
        "Basic Average Shares": 29273000.0,
        "Diluted EPS": -0.5,
        "Basic EPS": -0.5,
        "Diluted NI Availto Com Stockholders": -14559000.0,
        "Net Income Common Stockholders": -14559000.0,
        "Net Income": -14559000.0,
        "Net Income Including Noncontrolling Interests": -14559000.0,
        "Net Income Continuous Operations": -14559000.0,
        "Tax Provision": 141000.0,
        "Pretax Income": -14418000.0,
        "Other Income Expense": -2214000.0,
        "Other Non Operating Income Expenses": 1010000.0,
        "Special Income Charges": -3224000.0,
        "Impairment Of Capital Assets": 0.0,
        "Restructuring And Mergern Acquisition": 3224000.0,
        "Net Non Operating Interest Income Expense": -789000.0,
        "Interest Expense Non Operating": 669000.0,
        "Operating Income": -11415000.0,
        "Operating Expense": 41473000.0,
        "Depreciation Amortization Depletion Income Statement": 1622000.0,
        "Depreciation And Amortization In Income Statement": 1622000.0,
        "Amortization": 1622000.0,
        "Amortization Of Intangibles Income Statement": 1622000.0,
        "Research And Development": 16433000.0,
        "Selling General And Administration": 23418000.0,
        "Gross Profit": 30058000.0,
        "Cost Of Revenue": 70119000.0,
        "Total Revenue": 100177000.0,
        "Operating Revenue": 100177000.0
    },
    "2022-09-30": {
        "Tax Effect Of Unusual Items": -571200.0,
        "Tax Rate For Calcs": 0.4,
        "Normalized EBITDA": -3685000.0,
        "Total Unusual Items": -1428000.0,
        "Total Unusual Items Excluding Goodwill": -1428000.0,
        "Net Income From Continuing Operation Net Minority Interest": -13796000.0,
        "Reconciled Depreciation": 2109000.0,
        "Reconciled Cost Of Revenue": 69945000.0,
        "EBITDA": -5113000.0,
        "EBIT": -7222000.0,
        "Net Interest Income": -399000.0,
        "Interest Expense": 446000.0,
        "Interest Income": 47000.0,
        "Normalized Income": -12939200.0,
        "Net Income From Continuing And Discontinued Operation": -13796000.0,
        "Total Expenses": 111251000.0,
        "Total Operating Income As Reported": -5285000.0,
        "Diluted Average Shares": 27902000.0,
        "Basic Average Shares": 27902000.0,
        "Diluted EPS": -0.49,
        "Basic EPS": -0.49,
        "Diluted NI Availto Com Stockholders": -13796000.0,
        "Net Income Common Stockholders": -13796000.0,
        "Net Income": -13796000.0,
        "Net Income Including Noncontrolling Interests": -13796000.0,
        "Net Income Continuous Operations": -13796000.0,
        "Tax Provision": 6128000.0,
        "Pretax Income": -7668000.0,
        "Other Income Expense": -3412000.0,
        "Other Non Operating Income Expenses": -1984000.0,
        "Special Income Charges": -1428000.0,
        "Impairment Of Capital Assets": 827000.0,
        "Restructuring And Mergern Acquisition": 601000.0,
        "Net Non Operating Interest Income Expense": -399000.0,
        "Interest Expense Non Operating": 446000.0,
        "Interest Income Non Operating": 47000.0,
        "Operating Income": -3857000.0,
        "Operating Expense": 40387000.0,
        "Depreciation Amortization Depletion Income Statement": 1190000.0,
        "Depreciation And Amortization In Income Statement": 1190000.0,
        "Amortization": 1190000.0,
        "Amortization Of Intangibles Income Statement": 1190000.0,
        "Research And Development": 15499000.0,
        "Selling General And Administration": 23698000.0,
        "Gross Profit": 36530000.0,
        "Cost Of Revenue": 70864000.0,
        "Total Revenue": 107394000.0,
        "Operating Revenue": 107394000.0
    },
    "2022-06-30": {
        "Tax Effect Of Unusual Items": -116628.220859,
        "Tax Rate For Calcs": 0.327607,
        "Normalized EBITDA": -7048000.0,
        "Total Unusual Items": -356000.0,
        "Total Unusual Items Excluding Goodwill": -356000.0,
        "Net Income From Continuing Operation Net Minority Interest": -6028000.0,
        "Reconciled Depreciation": 1361000.0,
        "Reconciled Cost Of Revenue": 65240000.0,
        "EBITDA": -7404000.0,
        "EBIT": -8765000.0,
        "Net Interest Income": -164000.0,
        "Interest Expense": 200000.0,
        "Interest Income": 36000.0,
        "Normalized Income": -5788628.220859,
        "Net Income From Continuing And Discontinued Operation": -6028000.0,
        "Total Expenses": 99462000.0,
        "Total Operating Income As Reported": -8738000.0,
        "Diluted Average Shares": 27657000.0,
        "Basic Average Shares": 27657000.0,
        "Diluted EPS": -0.22,
        "Basic EPS": -0.22,
        "Diluted NI Availto Com Stockholders": -6028000.0,
        "Net Income Common Stockholders": -6028000.0,
        "Net Income": -6028000.0,
        "Net Income Including Noncontrolling Interests": -6028000.0,
        "Net Income Continuous Operations": -6028000.0,
        "Tax Provision": -2937000.0,
        "Pretax Income": -8965000.0,
        "Other Income Expense": -419000.0,
        "Other Non Operating Income Expenses": -63000.0,
        "Special Income Charges": -356000.0,
        "Impairment Of Capital Assets": 0.0,
        "Restructuring And Mergern Acquisition": 356000.0,
        "Net Non Operating Interest Income Expense": -164000.0,
        "Interest Expense Non Operating": 200000.0,
        "Interest Income Non Operating": 36000.0,
        "Operating Income": -8382000.0,
        "Operating Expense": 33325000.0,
        "Depreciation Amortization Depletion Income Statement": 464000.0,
        "Depreciation And Amortization In Income Statement": 464000.0,
        "Amortization": 464000.0,
        "Amortization Of Intangibles Income Statement": 464000.0,
        "Research And Development": 12348000.0,
        "Selling General And Administration": 20513000.0,
        "Gross Profit": 24943000.0,
        "Cost Of Revenue": 66137000.0,
        "Total Revenue": 91080000.0,
        "Operating Revenue": 91080000.0
    },
    "2022-03-31": {
        "Diluted EPS": -0.11,
        "Total Revenue": 77,
        "Gross Profit": 27,
        "Operating Income": -3,
        "EBIT": -2,
        "Net Income": -3
    },
    "2021-12-31": {
        "Diluted EPS": -0.04,
        "Total Revenue": 98,
        "Gross Profit": 33,
        "Operating Income": 0,
        "EBIT": 1,
        "Net Income": -2
    },
    "2021-09-30": {
        "Diluted EPS": -0.22,
        "Total Revenue": 88,
        "Gross Profit": 32,
        "Operating Income": -6,
        "EBIT": -5,
        "Net Income": -6
    },
    "2021-06-30": {
        "Diluted EPS": -0.12,
        "Total Revenue": 83,
        "Gross Profit": 27,
        "Operating Income": -3,
        "EBIT": -1,
        "Net Income": -3
    },
    "2021-03-31": {
        "Diluted EPS": -0.92,
        "Total Revenue": 81,
        "Gross Profit": 28,
        "Operating Income": -23,
        "EBIT": -22,
        "Net Income": -23
    },
    "2020-12-31": {
        "Diluted EPS": -0.64,
        "Total Revenue": 89,
        "Gross Profit": 29,
        "Operating Income": -9,
        "EBIT": -7,
        "Net Income": -14
    },
    "2020-09-30": {
        "Diluted EPS": -0.01,
        "Total Revenue": 94,
        "Gross Profit": 28,
        "Operating Income": 2,
        "EBIT": 3,
        "Net Income": 0
    },
    "2020-06-30": {
        "Diluted EPS": -0.01,
        "Total Revenue": 71,
        "Gross Profit": 24,
        "Operating Income": 2,
        "EBIT": 3,
        "Net Income": 0
    },
    "2020-03-31": {
        "Diluted EPS": -0.41,
        "Total Revenue": 47,
        "Gross Profit": 16,
        "Operating Income": -8,
        "EBIT": -6,
        "Net Income": -9
    },
    "2019-12-31": {
        "Diluted EPS": -0.53,
        "Total Revenue": 78,
        "Gross Profit": 25,
        "Operating Income": -5,
        "EBIT": -3,
        "Net Income": -10
    },
    "2019-09-30": {
        "Diluted EPS": -0.19,
        "Total Revenue": 72,
        "Gross Profit": 22,
        "Operating Income": -4,
        "EBIT": -2,
        "Net Income": -4
    },
    "2019-06-30": {
        "Diluted EPS": 0.13,
        "Total Revenue": 84,
        "Gross Profit": 28,
        "Operating Income": 3,
        "EBIT": 4,
        "Net Income": 2
    },
    "2019-03-31": {
        "Diluted EPS": -0.1,
        "Total Revenue": 74,
        "Gross Profit": 25,
        "Operating Income": -1,
        "EBIT": 1,
        "Net Income": -2
    },
    "2018-12-31": {
        "Diluted EPS": -0.03,
        "Total Revenue": 75,
        "Gross Profit": 23,
        "Operating Income": 1,
        "EBIT": 1,
        "Net Income": -1
    },
    "2018-09-30": {
        "Diluted EPS": 0.11,
        "Total Revenue": 72,
        "Gross Profit": 23,
        "Operating Income": 4,
        "EBIT": 4,
        "Net Income": 2
    },
    "2018-06-30": {
        "Diluted EPS": 0.08,
        "Total Revenue": 76,
        "Gross Profit": 23,
        "Operating Income": 3,
        "EBIT": 3,
        "Net Income": 1
    },
    "2018-03-31": {
        "Diluted EPS": 0.01,
        "Total Revenue": 60,
        "Gross Profit": 22,
        "Operating Income": 0,
        "EBIT": 1,
        "Net Income": 0
    },
    "2017-12-31": {
        "Diluted EPS": 0.26,
        "Total Revenue": 69,
        "Gross Profit": 23,
        "Operating Income": 2,
        "EBIT": 3,
        "Net Income": 4
    },
    "2017-09-30": {
        "Diluted EPS": 0.09,
        "Total Revenue": 66,
        "Gross Profit": 22,
        "Operating Income": 2,
        "EBIT": 2,
        "Net Income": 1
    },
    "2017-06-30": {
        "Diluted EPS": -0.05,
        "Total Revenue": 60,
        "Gross Profit": 19,
        "Operating Income": -1,
        "EBIT": 0,
        "Net Income": -1
    },
    "2017-03-31": {
        "Diluted EPS": -0.23,
        "Total Revenue": 52,
        "Gross Profit": 18,
        "Operating Income": -3,
        "EBIT": -1,
        "Net Income": -4
    },
    "2016-12-31": {
        "Diluted EPS": -0.15,
        "Total Revenue": 76,
        "Gross Profit": 15,
        "Operating Income": -3,
        "EBIT": -1,
        "Net Income": -6
    },
    "2016-09-30": {
        "Diluted EPS": -0.42,
        "Total Revenue": 31,
        "Gross Profit": 9,
        "Operating Income": -5,
        "EBIT": -4,
        "Net Income": -5
    },
    "2016-06-30": {
        "Diluted EPS": -0.25,
        "Total Revenue": 23,
        "Gross Profit": 9,
        "Operating Income": -2,
        "EBIT": -1,
        "Net Income": -2
    },
    "2016-03-31": {
        "Diluted EPS": -0.5,
        "Total Revenue": 21,
        "Gross Profit": 8,
        "Operating Income": -3,
        "EBIT": -3,
        "Net Income": -3
    },
    "2015-12-31": {
        "Diluted EPS": 0.09,
        "Total Revenue": 62,
        "Gross Profit": 10,
        "Operating Income": 1,
        "EBIT": 1,
        "Net Income": 0
    },
    "2015-09-30": {
        "Diluted EPS": -0.3,
        "Total Revenue": 23,
        "Gross Profit": 6,
        "Operating Income": -3,
        "EBIT": -2,
        "Net Income": -3
    },
    "2015-06-30": {
        "Diluted EPS": -0.05,
        "Total Revenue": 27,
        "Gross Profit": 10,
        "Operating Income": 0,
        "EBIT": 0,
        "Net Income": 0
    },
    "2015-03-31": {
        "Diluted EPS": -0.1,
        "Total Revenue": 27,
        "Gross Profit": 10,
        "Operating Income": -1,
        "EBIT": 0,
        "Net Income": -1
    },
    "2014-12-31": {
        "Diluted EPS": 0.5,
        "Total Revenue": 49,
        "Gross Profit": 8,
        "Operating Income": 5,
        "EBIT": 7,
        "Net Income": 4
    },
    "2014-09-30": {
        "Diluted EPS": -0.4,
        "Total Revenue": 29,
        "Gross Profit": 11,
        "Operating Income": -3,
        "EBIT": -3,
        "Net Income": -3
    },
    "2014-06-30": {
        "Diluted EPS": 0.05,
        "Total Revenue": 32,
        "Gross Profit": 11,
        "Operating Income": 0,
        "EBIT": 0,
        "Net Income": 0
    },
    "2014-03-31": {
        "Diluted EPS": 0.05,
        "Total Revenue": 29,
        "Gross Profit": 11,
        "Operating Income": 0,
        "EBIT": 0,
        "Net Income": 0
    },
    "2013-12-31": {
        "Diluted EPS": 0.2,
        "Total Revenue": 32,
        "Gross Profit": 12,
        "Operating Income": 1,
        "EBIT": 1,
        "Net Income": 1
    },
    "2013-09-30": {
        "Diluted EPS": 0.25,
        "Total Revenue": 32,
        "Gross Profit": 12,
        "Operating Income": 2,
        "EBIT": 2,
        "Net Income": 2
    },
    "2013-06-30": {
        "Diluted EPS": 0.15,
        "Total Revenue": 30,
        "Gross Profit": 12,
        "Operating Income": 1,
        "EBIT": 1,
        "Net Income": 1
    },
    "2013-03-31": {
        "Diluted EPS": 0.05,
        "Total Revenue": 28,
        "Gross Profit": 11,
        "Operating Income": 0,
        "EBIT": 0,
        "Net Income": 0
    },
    "2012-12-31": {
        "Diluted EPS": 0.15,
        "Total Revenue": 28,
        "Gross Profit": 10,
        "Operating Income": 1,
        "EBIT": 1,
        "Net Income": 1
    },
    "2012-09-30": {
        "Diluted EPS": -0.7,
        "Total Revenue": 29,
        "Gross Profit": 8,
        "Operating Income": -4,
        "EBIT": -4,
        "Net Income": -4
    },
    "2012-06-30": {
        "Diluted EPS": -0.35,
        "Total Revenue": 31,
        "Gross Profit": 9,
        "Operating Income": -2,
        "EBIT": -2,
        "Net Income": -2
    },
    "2012-03-31": {
        "Diluted EPS": -0.55,
        "Total Revenue": 27,
        "Gross Profit": 8,
        "Operating Income": -3,
        "EBIT": -3,
        "Net Income": -3
    },
    "2011-12-31": {
        "Diluted EPS": -0.75,
        "Total Revenue": 33,
        "Gross Profit": 12,
        "Operating Income": -5,
        "EBIT": -4,
        "Net Income": -5
    },
    "2011-09-30": {
        "Diluted EPS": -0.45,
        "Total Revenue": 30,
        "Gross Profit": 10,
        "Operating Income": -3,
        "EBIT": -2,
        "Net Income": -3
    },
    "2011-06-30": {
        "Diluted EPS": -0.3,
        "Total Revenue": 31,
        "Gross Profit": 11,
        "Operating Income": -2,
        "EBIT": -1,
        "Net Income": -2
    },
    "2011-03-31": {
        "Diluted EPS": -0.4,
        "Total Revenue": 30,
        "Gross Profit": 11,
        "Operating Income": -3,
        "EBIT": -2,
        "Net Income": -2
    },
    "2010-12-31": {
        "Diluted EPS": -0.15,
        "Total Revenue": 31,
        "Gross Profit": 12,
        "Operating Income": -1,
        "EBIT": -1,
        "Net Income": -1
    },
    "2010-09-30": {
        "Diluted EPS": 0.25,
        "Total Revenue": 34,
        "Gross Profit": 14,
        "Operating Income": 2,
        "EBIT": 2,
        "Net Income": 2
    },
    "2010-06-30": {
        "Diluted EPS": -0.35,
        "Total Revenue": 33,
        "Gross Profit": 12,
        "Operating Income": -2,
        "EBIT": -1,
        "Net Income": -2
    },
    "2010-03-31": {
        "Diluted EPS": -0.55,
        "Total Revenue": 31,
        "Gross Profit": 11,
        "Operating Income": -3,
        "EBIT": -3,
        "Net Income": -3
    },
    "2009-12-31": {
        "Diluted EPS": 0.1,
        "Total Revenue": 36,
        "Gross Profit": 14,
        "Operating Income": 1,
        "EBIT": 1,
        "Net Income": 0
    },
    "2009-09-30": {
        "Diluted EPS": -0.2,
        "Total Revenue": 36,
        "Gross Profit": 12,
        "Operating Income": -1,
        "EBIT": 0,
        "Net Income": -1
    },
    "2009-06-30": {
        "Diluted EPS": -0.4,
        "Total Revenue": 30,
        "Gross Profit": 11,
        "Operating Income": -2,
        "EBIT": -1,
        "Net Income": -2
    },
    "2009-03-31": {
        "Diluted EPS": -1.15,
        "Total Revenue": 24,
        "Gross Profit": 8,
        "Operating Income": -7,
        "EBIT": -6,
        "Net Income": -7
    }
}