{
    "2023-03-31": {
        "Tax Effect Of Unusual Items": 0.0,
        "Tax Rate For Calcs": 0.0,
        "Normalized EBITDA": -20642000.0,
        "Total Unusual Items": NaN,
        "Total Unusual Items Excluding Goodwill": NaN,
        "Net Income From Continuing Operation Net Minority Interest": -21922000.0,
        "Reconciled Depreciation": 1280000.0,
        "Reconciled Cost Of Revenue": 6691000.0,
        "EBITDA": -20642000.0,
        "EBIT": -21922000.0,
        "Net Interest Income": 870000.0,
        "Interest Expense": 0.0,
        "Interest Income": 870000.0,
        "Normalized Income": -21922000.0,
        "Net Income From Continuing And Discontinued Operation": -21922000.0,
        "Total Expenses": 34605000.0,
        "Total Operating Income As Reported": -22792000.0,
        "Diluted Average Shares": 20734403.0,
        "Basic Average Shares": 20734403.0,
        "Diluted EPS": -1.06,
        "Basic EPS": -1.06,
        "Diluted NI Availto Com Stockholders": -21922000.0,
        "Net Income Common Stockholders": -21922000.0,
        "Net Income": -21922000.0,
        "Net Income Including Noncontrolling Interests": -21922000.0,
        "Net Income Continuous Operations": -21922000.0,
        "Tax Provision": 0.0,
        "Pretax Income": -21922000.0,
        "Other Income Expense": NaN,
        "Other Non Operating Income Expenses": NaN,
        "Special Income Charges": NaN,
        "Other Special Charges": NaN,
        "Net Non Operating Interest Income Expense": 870000.0,
        "Interest Expense Non Operating": 0.0,
        "Interest Income Non Operating": 870000.0,
        "Operating Income": -22792000.0,
        "Operating Expense": 27914000.0,
        "Research And Development": 4605000.0,
        "Selling General And Administration": 23309000.0,
        "Selling And Marketing Expense": 13401000.0,
        "General And Administrative Expense": 9908000.0,
        "Other Gand A": 9908000.0,
        "Gross Profit": 5122000.0,
        "Cost Of Revenue": 6691000.0,
        "Total Revenue": 11813000.0,
        "Operating Revenue": 11813000.0
    },
    "2022-12-31": {
        "Tax Effect Of Unusual Items": 0.0,
        "Tax Rate For Calcs": 0.21,
        "Normalized EBITDA": -43671000.0,
        "Total Unusual Items": 0.0,
        "Total Unusual Items Excluding Goodwill": 0.0,
        "Net Income From Continuing Operation Net Minority Interest": -43771000.0,
        "Reconciled Depreciation": 1435000.0,
        "Reconciled Cost Of Revenue": 6757000.0,
        "EBITDA": -43671000.0,
        "EBIT": -43671000.0,
        "Net Interest Income": 716000.0,
        "Interest Expense": 0.0,
        "Interest Income": 716000.0,
        "Normalized Income": -43771000.0,
        "Net Income From Continuing And Discontinued Operation": -43771000.0,
        "Total Expenses": 36801000.0,
        "Total Operating Income As Reported": -23884000.0,
        "Diluted Average Shares": 9904301.0,
        "Basic Average Shares": 9904301.0,
        "Diluted EPS": -4.42,
        "Basic EPS": -4.42,
        "Diluted NI Availto Com Stockholders": -43771000.0,
        "Net Income Common Stockholders": -43771000.0,
        "Net Income": -43771000.0,
        "Net Income Including Noncontrolling Interests": -43771000.0,
        "Net Income Continuous Operations": -43771000.0,
        "Tax Provision": 100000.0,
        "Pretax Income": -43671000.0,
        "Other Income Expense": -20503000.0,
        "Other Non Operating Income Expenses": -20503000.0,
        "Special Income Charges": 0.0,
        "Other Special Charges": 0.0,
        "Net Non Operating Interest Income Expense": 716000.0,
        "Interest Expense Non Operating": 0.0,
        "Interest Income Non Operating": 716000.0,
        "Operating Income": -23884000.0,
        "Operating Expense": 30044000.0,
        "Research And Development": 4124000.0,
        "Selling General And Administration": 25920000.0,
        "Selling And Marketing Expense": 15641000.0,
        "General And Administrative Expense": 10279000.0,
        "Other Gand A": 10279000.0,
        "Gross Profit": 6160000.0,
        "Cost Of Revenue": 6757000.0,
        "Total Revenue": 12917000.0,
        "Operating Revenue": 12917000.0
    },
    "2022-09-30": {
        "Tax Effect Of Unusual Items": 0.0,
        "Tax Rate For Calcs": 0.0,
        "Normalized EBITDA": -50627000.0,
        "Total Unusual Items": 0.0,
        "Total Unusual Items Excluding Goodwill": 0.0,
        "Net Income From Continuing Operation Net Minority Interest": -50627000.0,
        "Reconciled Depreciation": 1310000.0,
        "Reconciled Cost Of Revenue": 6007000.0,
        "EBITDA": -50627000.0,
        "EBIT": -50627000.0,
        "Net Interest Income": 419000.0,
        "Interest Expense": 0.0,
        "Interest Income": 419000.0,
        "Normalized Income": -50627000.0,
        "Net Income From Continuing And Discontinued Operation": -50627000.0,
        "Total Expenses": 33954000.0,
        "Total Operating Income As Reported": -26046000.0,
        "Diluted Average Shares": 1969867.0,
        "Basic Average Shares": 1969867.0,
        "Diluted EPS": -25.8,
        "Basic EPS": -25.8,
        "Diluted NI Availto Com Stockholders": -50627000.0,
        "Net Income Common Stockholders": -50627000.0,
        "Net Income": -50627000.0,
        "Net Income Including Noncontrolling Interests": -50627000.0,
        "Net Income Continuous Operations": -50627000.0,
        "Tax Provision": 0.0,
        "Pretax Income": -50627000.0,
        "Other Income Expense": -25000000.0,
        "Other Non Operating Income Expenses": -25000000.0,
        "Special Income Charges": 0.0,
        "Other Special Charges": NaN,
        "Net Non Operating Interest Income Expense": 419000.0,
        "Interest Expense Non Operating": 0.0,
        "Interest Income Non Operating": 419000.0,
        "Operating Income": -26046000.0,
        "Operating Expense": 27947000.0,
        "Research And Development": 4963000.0,
        "Selling General And Administration": 22984000.0,
        "Selling And Marketing Expense": 11282000.0,
        "General And Administrative Expense": 11702000.0,
        "Other Gand A": 11702000.0,
        "Gross Profit": 1901000.0,
        "Cost Of Revenue": 6007000.0,
        "Total Revenue": 7908000.0,
        "Operating Revenue": 7908000.0
    },
    "2022-06-30": {
        "Tax Effect Of Unusual Items": 0.0,
        "Tax Rate For Calcs": 0.0,
        "Normalized EBITDA": -30093000.0,
        "Total Unusual Items": -772000.0,
        "Total Unusual Items Excluding Goodwill": -772000.0,
        "Net Income From Continuing Operation Net Minority Interest": -32444000.0,
        "Reconciled Depreciation": 1294000.0,
        "Reconciled Cost Of Revenue": 4733000.0,
        "EBITDA": -30865000.0,
        "EBIT": -32159000.0,
        "Net Interest Income": -229000.0,
        "Interest Expense": 285000.0,
        "Interest Income": 56000.0,
        "Normalized Income": -31672000.0,
        "Net Income From Continuing And Discontinued Operation": -32444000.0,
        "Total Expenses": 38690000.0,
        "Total Operating Income As Reported": -31443000.0,
        "Diluted Average Shares": 1968201.0,
        "Basic Average Shares": 1968201.0,
        "Diluted EPS": -16.48,
        "Basic EPS": -16.48,
        "Diluted NI Availto Com Stockholders": -32444000.0,
        "Net Income Common Stockholders": -32444000.0,
        "Net Income": -32444000.0,
        "Net Income Including Noncontrolling Interests": -32444000.0,
        "Net Income Continuous Operations": -32444000.0,
        "Tax Provision": 0.0,
        "Pretax Income": -32444000.0,
        "Other Income Expense": -772000.0,
        "Other Non Operating Income Expenses": NaN,
        "Special Income Charges": -772000.0,
        "Other Special Charges": 772000.0,
        "Net Non Operating Interest Income Expense": -229000.0,
        "Interest Expense Non Operating": 285000.0,
        "Interest Income Non Operating": 56000.0,
        "Operating Income": -31443000.0,
        "Operating Expense": 33957000.0,
        "Research And Development": 3879000.0,
        "Selling General And Administration": 30078000.0,
        "Selling And Marketing Expense": 12734000.0,
        "General And Administrative Expense": 17344000.0,
        "Other Gand A": 17344000.0,
        "Gross Profit": 2514000.0,
        "Cost Of Revenue": 4733000.0,
        "Total Revenue": 7247000.0,
        "Operating Revenue": 7247000.0
    },
    "2022-03-31": {
        "Diluted EPS": -15.59,
        "Total Revenue": 9,
        "Gross Profit": 4,
        "Operating Income": -30,
        "EBIT": -29,
        "Net Income": -31
    },
    "2021-12-31": {
        "Diluted EPS": -23.51,
        "Total Revenue": 10,
        "Gross Profit": 2,
        "Operating Income": -45,
        "EBIT": -44,
        "Net Income": -45
    },
    "2021-09-30": {
        "Diluted EPS": -40.4,
        "Total Revenue": -23,
        "Gross Profit": -30,
        "Operating Income": -79,
        "EBIT": -78,
        "Net Income": -79
    },
    "2021-06-30": {
        "Diluted EPS": -10.0,
        "Total Revenue": 23,
        "Gross Profit": 16,
        "Operating Income": -19,
        "EBIT": -18,
        "Net Income": -19
    },
    "2021-03-31": {
        "Diluted EPS": -7.2,
        "Total Revenue": 22,
        "Gross Profit": 16,
        "Operating Income": -13,
        "EBIT": -13,
        "Net Income": -14
    },
    "2020-12-31": {
        "Diluted EPS": NaN,
        "Total Revenue": 22,
        "Gross Profit": 16,
        "Operating Income": -10,
        "EBIT": -9,
        "Net Income": -12
    },
    "2020-09-30": {
        "Diluted EPS": 0.0,
        "Total Revenue": 18,
        "Gross Profit": 13,
        "Operating Income": -8,
        "EBIT": -7,
        "Net Income": 0
    },
    "2020-06-30": {
        "Diluted EPS": -473.2,
        "Total Revenue": 16,
        "Gross Profit": 11,
        "Operating Income": -6,
        "EBIT": -5,
        "Net Income": -7
    },
    "2020-03-31": {
        "Diluted EPS": -875.2,
        "Total Revenue": 13,
        "Gross Profit": 8,
        "Operating Income": -12,
        "EBIT": -11,
        "Net Income": -12
    },
    "2019-12-31": {
        "Diluted EPS": 0.0,
        "Total Revenue": NaN,
        "Gross Profit": NaN,
        "Operating Income": NaN,
        "EBIT": NaN,
        "Net Income": NaN
    },
    "2019-09-30": {
        "Diluted EPS": -925.2,
        "Total Revenue": 8,
        "Gross Profit": 4,
        "Operating Income": -12,
        "EBIT": -12,
        "Net Income": -12
    },
    "2018-12-31": {
        "Diluted EPS": 0.0,
        "Total Revenue": NaN,
        "Gross Profit": NaN,
        "Operating Income": NaN,
        "EBIT": NaN,
        "Net Income": NaN
    },
    "2023-06-30": {
        "Tax Effect Of Unusual Items": 0.0,
        "Tax Rate For Calcs": 0.0,
        "Normalized EBITDA": -23924000.0,
        "Total Unusual Items": 0.0,
        "Total Unusual Items Excluding Goodwill": 0.0,
        "Net Income From Continuing Operation Net Minority Interest": -25152000.0,
        "Reconciled Depreciation": 1228000.0,
        "Reconciled Cost Of Revenue": 6477000.0,
        "EBITDA": -23924000.0,
        "EBIT": -25152000.0,
        "Net Interest Income": 654000.0,
        "Interest Expense": 0.0,
        "Interest Income": 654000.0,
        "Normalized Income": -25152000.0,
        "Net Income From Continuing And Discontinued Operation": -25152000.0,
        "Total Expenses": 33914000.0,
        "Total Operating Income As Reported": -25806000.0,
        "Diluted Average Shares": 1037292.0,
        "Basic Average Shares": 1037292.0,
        "Diluted EPS": -24.2,
        "Basic EPS": -24.2,
        "Diluted NI Availto Com Stockholders": -25152000.0,
        "Net Income Common Stockholders": -25152000.0,
        "Net Income": -25152000.0,
        "Net Income Including Noncontrolling Interests": -25152000.0,
        "Net Income Continuous Operations": -25152000.0,
        "Tax Provision": 0.0,
        "Pretax Income": -25152000.0,
        "Other Income Expense": NaN,
        "Other Non Operating Income Expenses": NaN,
        "Special Income Charges": 0.0,
        "Other Special Charges": NaN,
        "Net Non Operating Interest Income Expense": 654000.0,
        "Interest Expense Non Operating": 0.0,
        "Interest Income Non Operating": 654000.0,
        "Operating Income": -25806000.0,
        "Operating Expense": 27437000.0,
        "Research And Development": 5364000.0,
        "Selling General And Administration": 22073000.0,
        "Selling And Marketing Expense": 12627000.0,
        "General And Administrative Expense": 9446000.0,
        "Other Gand A": 9446000.0,
        "Gross Profit": 1631000.0,
        "Cost Of Revenue": 6477000.0,
        "Total Revenue": 8108000.0,
        "Operating Revenue": 8108000.0
    }
}