{
    "2023-03-31": {
        "Tax Effect Of Unusual Items": -987000.0,
        "Tax Rate For Calcs": 0.21,
        "Normalized EBITDA": 112000000.0,
        "Total Unusual Items": -4700000.0,
        "Total Unusual Items Excluding Goodwill": -4700000.0,
        "Net Income From Continuing Operation Net Minority Interest": 50700000.0,
        "Reconciled Depreciation": 42500000.0,
        "Reconciled Cost Of Revenue": 929600000.0,
        "EBITDA": 107300000.0,
        "EBIT": 64800000.0,
        "Net Interest Income": -14200000.0,
        "Interest Expense": 14200000.0,
        "Normalized Income": 54413000.0,
        "Net Income From Continuing And Discontinued Operation": 50700000.0,
        "Total Expenses": 1012700000.0,
        "Total Operating Income As Reported": 64200000.0,
        "Diluted Average Shares": 45100000.0,
        "Basic Average Shares": 44100000.0,
        "Diluted EPS": 1.12,
        "Basic EPS": 1.15,
        "Diluted NI Availto Com Stockholders": 50700000.0,
        "Net Income Common Stockholders": 50700000.0,
        "Net Income": 50700000.0,
        "Net Income Including Noncontrolling Interests": 50700000.0,
        "Net Income Continuous Operations": 50700000.0,
        "Tax Provision": -100000.0,
        "Pretax Income": 50600000.0,
        "Other Income Expense": -5700000.0,
        "Other Non Operating Income Expenses": -1000000.0,
        "Special Income Charges": -4700000.0,
        "Gain On Sale Of Ppe": NaN,
        "Gain On Sale Of Business": -1800000.0,
        "Other Special Charges": 1900000.0,
        "Write Off": NaN,
        "Impairment Of Capital Assets": NaN,
        "Restructuring And Mergern Acquisition": 1000000.0,
        "Net Non Operating Interest Income Expense": -14200000.0,
        "Interest Expense Non Operating": 14200000.0,
        "Operating Income": 70500000.0,
        "Operating Expense": 83100000.0,
        "Other Operating Expenses": NaN,
        "Depreciation Amortization Depletion Income Statement": 42500000.0,
        "Depreciation And Amortization In Income Statement": 42500000.0,
        "Selling General And Administration": 40600000.0,
        "General And Administrative Expense": 40600000.0,
        "Other Gand A": 40600000.0,
        "Gross Profit": 153600000.0,
        "Cost Of Revenue": 929600000.0,
        "Total Revenue": 1083200000.0,
        "Operating Revenue": 1083200000.0
    },
    "2022-12-31": {
        "Tax Effect Of Unusual Items": -1428000.0,
        "Tax Rate For Calcs": 0.21,
        "Normalized EBITDA": 89600000.0,
        "Total Unusual Items": -6800000.0,
        "Total Unusual Items Excluding Goodwill": -6800000.0,
        "Net Income From Continuing Operation Net Minority Interest": 27900000.0,
        "Reconciled Depreciation": 41800000.0,
        "Reconciled Cost Of Revenue": 892400000.0,
        "EBITDA": 82800000.0,
        "EBIT": 41000000.0,
        "Net Interest Income": -13900000.0,
        "Interest Expense": 13900000.0,
        "Normalized Income": 33272000.0,
        "Net Income From Continuing And Discontinued Operation": 27900000.0,
        "Total Expenses": 969800000.0,
        "Total Operating Income As Reported": 40700000.0,
        "Diluted Average Shares": 44800000.0,
        "Basic Average Shares": 44000000.0,
        "Diluted EPS": 0.62,
        "Basic EPS": 0.63,
        "Diluted NI Availto Com Stockholders": 27900000.0,
        "Net Income Common Stockholders": 27900000.0,
        "Net Income": 27900000.0,
        "Net Income Including Noncontrolling Interests": 27900000.0,
        "Net Income Continuous Operations": 27900000.0,
        "Tax Provision": -800000.0,
        "Pretax Income": 27100000.0,
        "Other Income Expense": -8200000.0,
        "Other Non Operating Income Expenses": -1400000.0,
        "Special Income Charges": -6800000.0,
        "Gain On Sale Of Ppe": NaN,
        "Gain On Sale Of Business": -3300000.0,
        "Other Special Charges": 1100000.0,
        "Write Off": NaN,
        "Impairment Of Capital Assets": NaN,
        "Restructuring And Mergern Acquisition": 5700000.0,
        "Net Non Operating Interest Income Expense": -13900000.0,
        "Interest Expense Non Operating": 13900000.0,
        "Operating Income": 49200000.0,
        "Operating Expense": 77400000.0,
        "Other Operating Expenses": 500000.0,
        "Depreciation Amortization Depletion Income Statement": 41800000.0,
        "Depreciation And Amortization In Income Statement": 41800000.0,
        "Selling General And Administration": 35600000.0,
        "General And Administrative Expense": 35600000.0,
        "Other Gand A": 35600000.0,
        "Gross Profit": 126600000.0,
        "Cost Of Revenue": 892400000.0,
        "Total Revenue": 1019000000.0,
        "Operating Revenue": 1019000000.0
    },
    "2022-09-30": {
        "Tax Effect Of Unusual Items": -37600.0,
        "Tax Rate For Calcs": 0.047,
        "Normalized EBITDA": 23300000.0,
        "Total Unusual Items": -800000.0,
        "Total Unusual Items Excluding Goodwill": -800000.0,
        "Net Income From Continuing Operation Net Minority Interest": -30200000.0,
        "Reconciled Depreciation": 41900000.0,
        "Reconciled Cost Of Revenue": 888900000.0,
        "EBITDA": 22500000.0,
        "EBIT": -19400000.0,
        "Net Interest Income": -12300000.0,
        "Interest Expense": 12300000.0,
        "Normalized Income": -29437600.0,
        "Net Income From Continuing And Discontinued Operation": -30200000.0,
        "Total Expenses": 970300000.0,
        "Total Operating Income As Reported": -19800000.0,
        "Diluted Average Shares": 43900000.0,
        "Basic Average Shares": 43900000.0,
        "Diluted EPS": -0.69,
        "Basic EPS": -0.69,
        "Diluted NI Availto Com Stockholders": -30200000.0,
        "Net Income Common Stockholders": -30200000.0,
        "Net Income": -30200000.0,
        "Net Income Including Noncontrolling Interests": -30200000.0,
        "Net Income Continuous Operations": -30200000.0,
        "Tax Provision": -1500000.0,
        "Pretax Income": -31700000.0,
        "Other Income Expense": -4600000.0,
        "Other Non Operating Income Expenses": -3800000.0,
        "Special Income Charges": -800000.0,
        "Gain On Sale Of Ppe": NaN,
        "Gain On Sale Of Business": NaN,
        "Other Special Charges": -700000.0,
        "Write Off": NaN,
        "Impairment Of Capital Assets": NaN,
        "Restructuring And Mergern Acquisition": 1500000.0,
        "Net Non Operating Interest Income Expense": -12300000.0,
        "Interest Expense Non Operating": 12300000.0,
        "Operating Income": -14800000.0,
        "Operating Expense": 81400000.0,
        "Other Operating Expenses": NaN,
        "Depreciation Amortization Depletion Income Statement": 41900000.0,
        "Depreciation And Amortization In Income Statement": 41900000.0,
        "Selling General And Administration": 39500000.0,
        "General And Administrative Expense": 39500000.0,
        "Other Gand A": 39500000.0,
        "Gross Profit": 66600000.0,
        "Cost Of Revenue": 888900000.0,
        "Total Revenue": 955500000.0,
        "Operating Revenue": 955500000.0
    },
    "2022-06-30": {
        "Tax Effect Of Unusual Items": -4400000.0,
        "Tax Rate For Calcs": 0.4,
        "Normalized EBITDA": 97600000.0,
        "Total Unusual Items": -11000000.0,
        "Total Unusual Items Excluding Goodwill": -11000000.0,
        "Net Income From Continuing Operation Net Minority Interest": 40200000.0,
        "Reconciled Depreciation": 41300000.0,
        "Reconciled Cost Of Revenue": 886000000.0,
        "EBITDA": 86600000.0,
        "EBIT": 45300000.0,
        "Net Interest Income": -11300000.0,
        "Interest Expense": 11300000.0,
        "Normalized Income": 46800000.0,
        "Net Income From Continuing And Discontinued Operation": 40200000.0,
        "Total Expenses": 963700000.0,
        "Total Operating Income As Reported": 44700000.0,
        "Diluted Average Shares": 44400000.0,
        "Basic Average Shares": 43600000.0,
        "Diluted EPS": 0.9,
        "Basic EPS": 0.92,
        "Diluted NI Availto Com Stockholders": 40200000.0,
        "Net Income Common Stockholders": 40200000.0,
        "Net Income": 40200000.0,
        "Net Income Including Noncontrolling Interests": 40200000.0,
        "Net Income Continuous Operations": 40200000.0,
        "Tax Provision": -6200000.0,
        "Pretax Income": 34000000.0,
        "Other Income Expense": -12500000.0,
        "Other Non Operating Income Expenses": -1500000.0,
        "Special Income Charges": -11000000.0,
        "Gain On Sale Of Ppe": NaN,
        "Gain On Sale Of Business": NaN,
        "Other Special Charges": 600000.0,
        "Impairment Of Capital Assets": 8300000.0,
        "Restructuring And Mergern Acquisition": 2100000.0,
        "Net Non Operating Interest Income Expense": -11300000.0,
        "Interest Expense Non Operating": 11300000.0,
        "Operating Income": 57800000.0,
        "Operating Expense": 77700000.0,
        "Other Operating Expenses": 1100000.0,
        "Depreciation Amortization Depletion Income Statement": 41300000.0,
        "Depreciation And Amortization In Income Statement": 41300000.0,
        "Selling General And Administration": 35300000.0,
        "General And Administrative Expense": 35300000.0,
        "Other Gand A": 35300000.0,
        "Gross Profit": 135500000.0,
        "Cost Of Revenue": 886000000.0,
        "Total Revenue": 1021500000.0,
        "Operating Revenue": 1021500000.0
    },
    "2022-03-31": {
        "Diluted EPS": 0.81,
        "Total Revenue": 980,
        "Gross Profit": 137,
        "Operating Income": 49,
        "EBIT": 92,
        "Net Income": 37
    },
    "2021-12-31": {
        "Diluted EPS": 0.6,
        "Total Revenue": 926,
        "Gross Profit": 121,
        "Operating Income": 40,
        "EBIT": 81,
        "Net Income": 28
    },
    "2021-09-30": {
        "Diluted EPS": 0.28,
        "Total Revenue": 876,
        "Gross Profit": 106,
        "Operating Income": 26,
        "EBIT": 65,
        "Net Income": 13
    },
    "2021-06-30": {
        "Diluted EPS": 1.61,
        "Total Revenue": NaN,
        "Gross Profit": 185,
        "Operating Income": 101,
        "EBIT": 139,
        "Net Income": 75
    },
    "2021-03-31": {
        "Diluted EPS": 0.73,
        "Total Revenue": 828,
        "Gross Profit": 128,
        "Operating Income": 52,
        "EBIT": 90,
        "Net Income": 34
    },
    "2020-12-31": {
        "Diluted EPS": 0.26,
        "Total Revenue": 761,
        "Gross Profit": 95,
        "Operating Income": 22,
        "EBIT": 59,
        "Net Income": 12
    },
    "2020-09-30": {
        "Diluted EPS": 0.23,
        "Total Revenue": 740,
        "Gross Profit": 96,
        "Operating Income": 24,
        "EBIT": 62,
        "Net Income": 11
    },
    "2020-06-30": {
        "Diluted EPS": -1.3,
        "Total Revenue": 563,
        "Gross Profit": 45,
        "Operating Income": -53,
        "EBIT": -12,
        "Net Income": -49
    },
    "2020-03-31": {
        "Diluted EPS": 0.81,
        "Total Revenue": 860,
        "Gross Profit": 127,
        "Operating Income": 41,
        "EBIT": 85,
        "Net Income": 31
    },
    "2019-12-31": {
        "Diluted EPS": 0.73,
        "Total Revenue": 869,
        "Gross Profit": 130,
        "Operating Income": 44,
        "EBIT": 83,
        "Net Income": 28
    },
    "2019-09-30": {
        "Diluted EPS": 0.39,
        "Total Revenue": 786,
        "Gross Profit": 106,
        "Operating Income": 31,
        "EBIT": 69,
        "Net Income": 15
    },
    "2019-06-30": {
        "Diluted EPS": 1.18,
        "Total Revenue": 834,
        "Gross Profit": 149,
        "Operating Income": 64,
        "EBIT": 102,
        "Net Income": 47
    },
    "2019-03-31": {
        "Diluted EPS": 1.31,
        "Total Revenue": 839,
        "Gross Profit": 144,
        "Operating Income": 70,
        "EBIT": 107,
        "Net Income": 50
    },
    "2018-12-31": {
        "Diluted EPS": 0.83,
        "Total Revenue": 791,
        "Gross Profit": 123,
        "Operating Income": 50,
        "EBIT": 86,
        "Net Income": 32
    },
    "2018-09-30": {
        "Diluted EPS": 0.64,
        "Total Revenue": 754,
        "Gross Profit": 107,
        "Operating Income": 47,
        "EBIT": 84,
        "Net Income": 26
    },
    "2018-06-30": {
        "Diluted EPS": 0.96,
        "Total Revenue": 817,
        "Gross Profit": 151,
        "Operating Income": 70,
        "EBIT": 108,
        "Net Income": 44
    },
    "2018-03-31": {
        "Diluted EPS": 1.02,
        "Total Revenue": 813,
        "Gross Profit": 150,
        "Operating Income": 73,
        "EBIT": 110,
        "Net Income": 47
    },
    "2017-12-31": {
        "Diluted EPS": 0.54,
        "Total Revenue": 766,
        "Gross Profit": 135,
        "Operating Income": 54,
        "EBIT": 92,
        "Net Income": 25
    },
    "2017-09-30": {
        "Diluted EPS": 0.2,
        "Total Revenue": 739,
        "Gross Profit": 113,
        "Operating Income": 29,
        "EBIT": 67,
        "Net Income": 10
    },
    "2017-06-30": {
        "Diluted EPS": 0.97,
        "Total Revenue": 811,
        "Gross Profit": 159,
        "Operating Income": 80,
        "EBIT": 119,
        "Net Income": 51
    },
    "2017-03-31": {
        "Diluted EPS": 0.86,
        "Total Revenue": 811,
        "Gross Profit": 155,
        "Operating Income": 73,
        "EBIT": 112,
        "Net Income": 42
    },
    "2016-12-31": {
        "Diluted EPS": 0.69,
        "Total Revenue": 771,
        "Gross Profit": 136,
        "Operating Income": 62,
        "EBIT": 101,
        "Net Income": 35
    },
    "2016-09-30": {
        "Diluted EPS": 0.42,
        "Total Revenue": 758,
        "Gross Profit": 119,
        "Operating Income": 41,
        "EBIT": 80,
        "Net Income": 23
    },
    "2016-06-30": {
        "Diluted EPS": 1.08,
        "Total Revenue": 882,
        "Gross Profit": 182,
        "Operating Income": 99,
        "EBIT": 138,
        "Net Income": 62
    },
    "2016-03-31": {
        "Diluted EPS": 1.0,
        "Total Revenue": 825,
        "Gross Profit": 159,
        "Operating Income": 86,
        "EBIT": 125,
        "Net Income": 58
    },
    "2015-12-31": {
        "Diluted EPS": 0.8,
        "Total Revenue": 789,
        "Gross Profit": 147,
        "Operating Income": 76,
        "EBIT": 115,
        "Net Income": 48
    },
    "2015-09-30": {
        "Diluted EPS": 0.54,
        "Total Revenue": 763,
        "Gross Profit": 130,
        "Operating Income": 56,
        "EBIT": 95,
        "Net Income": 33
    },
    "2015-06-30": {
        "Diluted EPS": 0.87,
        "Total Revenue": 764,
        "Gross Profit": 162,
        "Operating Income": 88,
        "EBIT": 125,
        "Net Income": 55
    },
    "2015-03-31": {
        "Diluted EPS": 1.02,
        "Total Revenue": 784,
        "Gross Profit": 167,
        "Operating Income": 103,
        "EBIT": 140,
        "Net Income": 65
    },
    "2014-12-31": {
        "Diluted EPS": 0.64,
        "Total Revenue": 743,
        "Gross Profit": 143,
        "Operating Income": 65,
        "EBIT": 102,
        "Net Income": 41
    },
    "2014-09-30": {
        "Diluted EPS": 0.49,
        "Total Revenue": 711,
        "Gross Profit": 123,
        "Operating Income": 54,
        "EBIT": 90,
        "Net Income": 33
    },
    "2014-06-30": {
        "Diluted EPS": 0.44,
        "Total Revenue": 760,
        "Gross Profit": 155,
        "Operating Income": 42,
        "EBIT": 77,
        "Net Income": 29
    },
    "2014-03-31": {
        "Diluted EPS": 0.82,
        "Total Revenue": 759,
        "Gross Profit": 158,
        "Operating Income": 87,
        "EBIT": 121,
        "Net Income": 56
    },
    "2013-12-31": {
        "Diluted EPS": 0.58,
        "Total Revenue": 706,
        "Gross Profit": 129,
        "Operating Income": 64,
        "EBIT": 98,
        "Net Income": 40
    },
    "2013-09-30": {
        "Diluted EPS": 0.42,
        "Total Revenue": 685,
        "Gross Profit": 118,
        "Operating Income": 49,
        "EBIT": 82,
        "Net Income": 29
    },
    "2013-06-30": {
        "Diluted EPS": 0.63,
        "Total Revenue": 734,
        "Gross Profit": 149,
        "Operating Income": 69,
        "EBIT": 102,
        "Net Income": 46
    },
    "2013-03-31": {
        "Diluted EPS": 0.71,
        "Total Revenue": 743,
        "Gross Profit": 148,
        "Operating Income": 79,
        "EBIT": 113,
        "Net Income": 52
    },
    "2012-12-31": {
        "Diluted EPS": 0.5,
        "Total Revenue": 690,
        "Gross Profit": 126,
        "Operating Income": 62,
        "EBIT": 95,
        "Net Income": 37
    },
    "2012-09-30": {
        "Diluted EPS": 0.36,
        "Total Revenue": 684,
        "Gross Profit": 117,
        "Operating Income": 47,
        "EBIT": 79,
        "Net Income": 28
    },
    "2012-06-30": {
        "Diluted EPS": 0.59,
        "Total Revenue": 728,
        "Gross Profit": 143,
        "Operating Income": 68,
        "EBIT": 100,
        "Net Income": 47
    },
    "2012-03-31": {
        "Diluted EPS": 0.56,
        "Total Revenue": 742,
        "Gross Profit": 139,
        "Operating Income": 68,
        "EBIT": 99,
        "Net Income": 45
    },
    "2011-12-31": {
        "Diluted EPS": 0.44,
        "Total Revenue": 682,
        "Gross Profit": 122,
        "Operating Income": 56,
        "EBIT": 87,
        "Net Income": 36
    },
    "2011-09-30": {
        "Diluted EPS": 0.28,
        "Total Revenue": 668,
        "Gross Profit": 105,
        "Operating Income": 40,
        "EBIT": 71,
        "Net Income": 24
    },
    "2011-06-30": {
        "Diluted EPS": 0.46,
        "Total Revenue": 717,
        "Gross Profit": 131,
        "Operating Income": 61,
        "EBIT": 93,
        "Net Income": 42
    },
    "2011-03-31": {
        "Diluted EPS": 0.45,
        "Total Revenue": 717,
        "Gross Profit": 131,
        "Operating Income": 61,
        "EBIT": 93,
        "Net Income": 40
    },
    "2010-12-31": {
        "Diluted EPS": 0.41,
        "Total Revenue": 672,
        "Gross Profit": 117,
        "Operating Income": 50,
        "EBIT": 83,
        "Net Income": 37
    },
    "2010-09-30": {
        "Diluted EPS": 0.21,
        "Total Revenue": 655,
        "Gross Profit": 98,
        "Operating Income": 32,
        "EBIT": 65,
        "Net Income": 21
    },
    "2010-06-30": {
        "Diluted EPS": 0.62,
        "Total Revenue": 743,
        "Gross Profit": 136,
        "Operating Income": 63,
        "EBIT": 96,
        "Net Income": 64
    },
    "2010-03-31": {
        "Diluted EPS": 0.39,
        "Total Revenue": 713,
        "Gross Profit": 120,
        "Operating Income": 50,
        "EBIT": 83,
        "Net Income": 40
    },
    "2009-12-31": {
        "Diluted EPS": 0.18,
        "Total Revenue": 706,
        "Gross Profit": 108,
        "Operating Income": 23,
        "EBIT": 58,
        "Net Income": 18
    },
    "2009-09-30": {
        "Diluted EPS": 0.15,
        "Total Revenue": 697,
        "Gross Profit": 91,
        "Operating Income": 18,
        "EBIT": 53,
        "Net Income": 16
    },
    "2009-06-30": {
        "Diluted EPS": 0.41,
        "Total Revenue": 568,
        "Gross Profit": 120,
        "Operating Income": 46,
        "EBIT": 82,
        "Net Income": 42
    },
    "2009-03-31": {
        "Diluted EPS": 0.34,
        "Total Revenue": 774,
        "Gross Profit": 137,
        "Operating Income": 51,
        "EBIT": 78,
        "Net Income": 35
    },
    "2023-06-30": {
        "Tax Effect Of Unusual Items": -2079000.0,
        "Tax Rate For Calcs": 0.21,
        "Normalized EBITDA": 111500000.0,
        "Total Unusual Items": -9900000.0,
        "Total Unusual Items Excluding Goodwill": -9900000.0,
        "Net Income From Continuing Operation Net Minority Interest": 54200000.0,
        "Reconciled Depreciation": 42300000.0,
        "Reconciled Cost Of Revenue": 922200000.0,
        "EBITDA": 101600000.0,
        "EBIT": 59300000.0,
        "Net Interest Income": -14500000.0,
        "Interest Expense": 14500000.0,
        "Normalized Income": 62021000.0,
        "Net Income From Continuing And Discontinued Operation": 54200000.0,
        "Total Expenses": 1004900000.0,
        "Total Operating Income As Reported": 59300000.0,
        "Diluted Average Shares": 45300000.0,
        "Basic Average Shares": 44300000.0,
        "Diluted EPS": 1.19,
        "Basic EPS": 1.22,
        "Diluted NI Availto Com Stockholders": 54200000.0,
        "Net Income Common Stockholders": 54200000.0,
        "Net Income": 54200000.0,
        "Net Income Including Noncontrolling Interests": 54200000.0,
        "Net Income Continuous Operations": 54200000.0,
        "Tax Provision": -9400000.0,
        "Pretax Income": 44800000.0,
        "Other Income Expense": -11300000.0,
        "Other Non Operating Income Expenses": -1400000.0,
        "Special Income Charges": -9900000.0,
        "Gain On Sale Of Ppe": 3700000.0,
        "Gain On Sale Of Business": NaN,
        "Other Special Charges": -2000000.0,
        "Write Off": NaN,
        "Impairment Of Capital Assets": 12100000.0,
        "Restructuring And Mergern Acquisition": 1500000.0,
        "Net Non Operating Interest Income Expense": -14500000.0,
        "Interest Expense Non Operating": 14500000.0,
        "Operating Income": 70600000.0,
        "Operating Expense": 82700000.0,
        "Other Operating Expenses": 1600000.0,
        "Depreciation Amortization Depletion Income Statement": 42300000.0,
        "Depreciation And Amortization In Income Statement": 42300000.0,
        "Selling General And Administration": 38800000.0,
        "General And Administrative Expense": 38800000.0,
        "Other Gand A": 38800000.0,
        "Gross Profit": 153300000.0,
        "Cost Of Revenue": 922200000.0,
        "Total Revenue": 1075500000.0,
        "Operating Revenue": 1075500000.0
    },
    "2023-09-30": {
        "Tax Effect Of Unusual Items": 0.0,
        "Tax Rate For Calcs": 0.0,
        "Normalized EBITDA": 69600000.0,
        "Total Unusual Items": -3500000.0,
        "Total Unusual Items Excluding Goodwill": -3500000.0,
        "Net Income From Continuing Operation Net Minority Interest": 7200000.0,
        "Reconciled Depreciation": 41900000.0,
        "Reconciled Cost Of Revenue": 897700000.0,
        "EBITDA": 66100000.0,
        "EBIT": 24200000.0,
        "Net Interest Income": -17000000.0,
        "Interest Expense": 17000000.0,
        "Normalized Income": 10700000.0,
        "Net Income From Continuing And Discontinued Operation": 7200000.0,
        "Total Expenses": 982000000.0,
        "Total Operating Income As Reported": 24200000.0,
        "Diluted Average Shares": 45400000.0,
        "Basic Average Shares": 44600000.0,
        "Diluted EPS": 0.16,
        "Basic EPS": 0.16,
        "Diluted NI Availto Com Stockholders": 7200000.0,
        "Net Income Common Stockholders": 7200000.0,
        "Net Income": 7200000.0,
        "Net Income Including Noncontrolling Interests": 7200000.0,
        "Net Income Continuous Operations": 7200000.0,
        "Tax Provision": 0.0,
        "Pretax Income": 7200000.0,
        "Other Income Expense": -6300000.0,
        "Other Non Operating Income Expenses": -2800000.0,
        "Special Income Charges": -3500000.0,
        "Gain On Sale Of Ppe": NaN,
        "Gain On Sale Of Business": NaN,
        "Other Special Charges": 2700000.0,
        "Write Off": 200000.0,
        "Impairment Of Capital Assets": 600000.0,
        "Restructuring And Mergern Acquisition": NaN,
        "Net Non Operating Interest Income Expense": -17000000.0,
        "Interest Expense Non Operating": 17000000.0,
        "Operating Income": 30500000.0,
        "Operating Expense": 84300000.0,
        "Other Operating Expenses": NaN,
        "Depreciation Amortization Depletion Income Statement": 41900000.0,
        "Depreciation And Amortization In Income Statement": 41900000.0,
        "Selling General And Administration": 42400000.0,
        "General And Administrative Expense": 42400000.0,
        "Other Gand A": 42400000.0,
        "Gross Profit": 114800000.0,
        "Cost Of Revenue": 897700000.0,
        "Total Revenue": 1012500000.0,
        "Operating Revenue": 1012500000.0
    }
}