{
    "2023-06-30": {
        "Tax Effect Of Unusual Items": 0.0,
        "Tax Rate For Calcs": 0.266,
        "Net Income From Continuing Operation Net Minority Interest": 48657000.0,
        "Reconciled Depreciation": 7933000.0,
        "Net Interest Income": 141588000.0,
        "Interest Expense": 60177000.0,
        "Interest Income": 201765000.0,
        "Normalized Income": 48657000.0,
        "Net Income From Continuing And Discontinued Operation": 48657000.0,
        "Diluted Average Shares": 162246675.0,
        "Basic Average Shares": 162232236.0,
        "Diluted EPS": 0.3,
        "Basic EPS": 0.3,
        "Diluted NI Availto Com Stockholders": 48657000.0,
        "Net Income Common Stockholders": 48657000.0,
        "Net Income": 48657000.0,
        "Net Income Including Noncontrolling Interests": 48657000.0,
        "Net Income Discontinuous Operations": NaN,
        "Net Income Continuous Operations": 48657000.0,
        "Tax Provision": 17613000.0,
        "Pretax Income": 66270000.0,
        "Gain On Sale Of Security": 3827000.0,
        "Depreciation Amortization Depletion Income Statement": 1172000.0,
        "Depreciation And Amortization In Income Statement": 1172000.0,
        "Amortization": 1172000.0,
        "Amortization Of Intangibles Income Statement": 1172000.0,
        "Selling General And Administration": 84394000.0,
        "Selling And Marketing Expense": 2136000.0,
        "General And Administrative Expense": 82258000.0,
        "Other Gand A": NaN,
        "Insurance And Claims": 3034000.0,
        "Salaries And Wages": 79224000.0,
        "Total Revenue": 194304000.0,
        "Operating Revenue": 194304000.0
    },
    "2023-03-31": {
        "Tax Effect Of Unusual Items": 0.0,
        "Tax Rate For Calcs": 0.244,
        "Net Income From Continuing Operation Net Minority Interest": -202081000.0,
        "Reconciled Depreciation": 5771000.0,
        "Net Interest Income": 138309000.0,
        "Interest Expense": 50571000.0,
        "Interest Income": 188880000.0,
        "Normalized Income": -202081000.0,
        "Net Income From Continuing And Discontinued Operation": -194096000.0,
        "Diluted Average Shares": 162059431.0,
        "Basic Average Shares": 161991373.0,
        "Diluted EPS": -1.2,
        "Basic EPS": -1.2,
        "Diluted NI Availto Com Stockholders": -194096000.0,
        "Net Income Common Stockholders": -194096000.0,
        "Net Income": -194096000.0,
        "Net Income Including Noncontrolling Interests": -194096000.0,
        "Net Income Discontinuous Operations": 7985000.0,
        "Net Income Continuous Operations": -202081000.0,
        "Tax Provision": -65379000.0,
        "Pretax Income": -267460000.0,
        "Gain On Sale Of Security": -330721000.0,
        "Depreciation Amortization Depletion Income Statement": 291000.0,
        "Depreciation And Amortization In Income Statement": 291000.0,
        "Amortization": 291000.0,
        "Amortization Of Intangibles Income Statement": 291000.0,
        "Selling General And Administration": 65752000.0,
        "Selling And Marketing Expense": 1023000.0,
        "General And Administrative Expense": 64729000.0,
        "Other Gand A": 13441000.0,
        "Insurance And Claims": 2546000.0,
        "Salaries And Wages": 62183000.0,
        "Total Revenue": -172639000.0,
        "Operating Revenue": -172639000.0
    },
    "2022-12-31": {
        "Tax Effect Of Unusual Items": 0.0,
        "Tax Rate For Calcs": 0.168636,
        "Net Income From Continuing Operation Net Minority Interest": 42294000.0,
        "Reconciled Depreciation": 7130000.0,
        "Net Interest Income": 149994000.0,
        "Interest Expense": 25004000.0,
        "Interest Income": 174998000.0,
        "Normalized Income": 42294000.0,
        "Net Income From Continuing And Discontinued Operation": 42294000.0,
        "Diluted Average Shares": 162263547.0,
        "Basic Average Shares": 162032522.0,
        "Diluted EPS": 0.26,
        "Basic EPS": 0.26,
        "Diluted NI Availto Com Stockholders": 42294000.0,
        "Net Income Common Stockholders": 42294000.0,
        "Net Income": 42294000.0,
        "Net Income Including Noncontrolling Interests": 42294000.0,
        "Net Income Discontinuous Operations": NaN,
        "Net Income Continuous Operations": 42294000.0,
        "Tax Provision": 8579000.0,
        "Pretax Income": 50873000.0,
        "Gain On Sale Of Security": 2474000.0,
        "Depreciation Amortization Depletion Income Statement": 1097000.0,
        "Depreciation And Amortization In Income Statement": 1097000.0,
        "Amortization": 1097000.0,
        "Amortization Of Intangibles Income Statement": 1097000.0,
        "Selling General And Administration": 82240000.0,
        "Selling And Marketing Expense": 3096000.0,
        "General And Administrative Expense": 79144000.0,
        "Other Gand A": NaN,
        "Insurance And Claims": 1540000.0,
        "Salaries And Wages": 77604000.0,
        "Total Revenue": 191570000.0,
        "Operating Revenue": 191570000.0
    },
    "2022-09-30": {
        "Tax Effect Of Unusual Items": NaN,
        "Tax Rate For Calcs": NaN,
        "Net Income From Continuing Operation Net Minority Interest": NaN,
        "Reconciled Depreciation": NaN,
        "Net Interest Income": NaN,
        "Interest Expense": NaN,
        "Interest Income": NaN,
        "Normalized Income": NaN,
        "Net Income From Continuing And Discontinued Operation": NaN,
        "Diluted Average Shares": NaN,
        "Basic Average Shares": NaN,
        "Diluted EPS": NaN,
        "Basic EPS": NaN,
        "Diluted NI Availto Com Stockholders": NaN,
        "Net Income Common Stockholders": NaN,
        "Net Income": NaN,
        "Net Income Including Noncontrolling Interests": NaN,
        "Net Income Discontinuous Operations": 1969000.0,
        "Net Income Continuous Operations": NaN,
        "Tax Provision": NaN,
        "Pretax Income": NaN,
        "Gain On Sale Of Security": NaN,
        "Depreciation Amortization Depletion Income Statement": NaN,
        "Depreciation And Amortization In Income Statement": NaN,
        "Amortization": NaN,
        "Amortization Of Intangibles Income Statement": NaN,
        "Selling General And Administration": NaN,
        "Selling And Marketing Expense": NaN,
        "General And Administrative Expense": NaN,
        "Other Gand A": 13294000.0,
        "Insurance And Claims": NaN,
        "Salaries And Wages": NaN,
        "Total Revenue": NaN,
        "Operating Revenue": NaN
    },
    "2022-06-30": {
        "Tax Effect Of Unusual Items": 0.0,
        "Tax Rate For Calcs": 0.241278,
        "Net Income From Continuing Operation Net Minority Interest": 51172000.0,
        "Reconciled Depreciation": 907000.0,
        "Net Interest Income": 137757000.0,
        "Interest Expense": 3114000.0,
        "Interest Income": 140871000.0,
        "Normalized Income": 51172000.0,
        "Net Income From Continuing And Discontinued Operation": 51172000.0,
        "Diluted Average Shares": 166573627.0,
        "Basic Average Shares": 166533920.0,
        "Diluted EPS": 0.31,
        "Basic EPS": 0.31,
        "Diluted NI Availto Com Stockholders": 51172000.0,
        "Net Income Common Stockholders": 51172000.0,
        "Net Income": 51172000.0,
        "Net Income Including Noncontrolling Interests": 51172000.0,
        "Net Income Continuous Operations": 51172000.0,
        "Tax Provision": 16273000.0,
        "Pretax Income": 67445000.0,
        "Gain On Sale Of Security": -5827000.0,
        "Depreciation Amortization Depletion Income Statement": 907000.0,
        "Depreciation And Amortization In Income Statement": 907000.0,
        "Amortization": 907000.0,
        "Amortization Of Intangibles Income Statement": 907000.0,
        "Selling General And Administration": 91712000.0,
        "Selling And Marketing Expense": 2651000.0,
        "General And Administrative Expense": 89061000.0,
        "Other Gand A": 14345000.0,
        "Insurance And Claims": 1720000.0,
        "Salaries And Wages": 72996000.0,
        "Total Revenue": 178510000.0,
        "Operating Revenue": 178510000.0
    },
    "2022-03-31": {
        "Diluted EPS": 0.3,
        "Total Revenue": 178,
        "Gross Profit": 175,
        "Operating Income": 66,
        "EBIT": NaN,
        "Net Income": 52
    },
    "2021-12-31": {
        "Diluted EPS": 0.2,
        "Total Revenue": 174,
        "Gross Profit": 171,
        "Operating Income": 32,
        "EBIT": NaN,
        "Net Income": 35
    },
    "2021-09-30": {
        "Diluted EPS": 0.22,
        "Total Revenue": 147,
        "Gross Profit": 146,
        "Operating Income": 48,
        "EBIT": NaN,
        "Net Income": 37
    },
    "2021-06-30": {
        "Diluted EPS": 0.2,
        "Total Revenue": 151,
        "Gross Profit": 150,
        "Operating Income": 46,
        "EBIT": NaN,
        "Net Income": 35
    },
    "2021-03-31": {
        "Diluted EPS": 0.28,
        "Total Revenue": 156,
        "Gross Profit": 155,
        "Operating Income": 62,
        "EBIT": NaN,
        "Net Income": 48
    },
    "2020-12-31": {
        "Diluted EPS": 0.0,
        "Total Revenue": 154,
        "Gross Profit": 153,
        "Operating Income": -47,
        "EBIT": NaN,
        "Net Income": -44
    },
    "2020-09-30": {
        "Diluted EPS": 0.0,
        "Total Revenue": 148,
        "Gross Profit": 146,
        "Operating Income": 36,
        "EBIT": NaN,
        "Net Income": 29
    },
    "2020-06-30": {
        "Diluted EPS": 0.0,
        "Total Revenue": 150,
        "Gross Profit": 146,
        "Operating Income": 37,
        "EBIT": NaN,
        "Net Income": 30
    },
    "2020-03-31": {
        "Diluted EPS": 0.0,
        "Total Revenue": 140,
        "Gross Profit": 134,
        "Operating Income": 10,
        "EBIT": NaN,
        "Net Income": 8
    },
    "2019-12-31": {
        "Diluted EPS": 0.0,
        "Total Revenue": NaN,
        "Gross Profit": NaN,
        "Operating Income": NaN,
        "EBIT": NaN,
        "Net Income": NaN
    },
    "2019-09-30": {
        "Diluted EPS": 0.0,
        "Total Revenue": 154,
        "Gross Profit": 146,
        "Operating Income": 45,
        "EBIT": NaN,
        "Net Income": 36
    },
    "2018-12-31": {
        "Diluted EPS": 0.0,
        "Total Revenue": NaN,
        "Gross Profit": NaN,
        "Operating Income": NaN,
        "EBIT": NaN,
        "Net Income": NaN
    },
    "2023-09-30": {
        "Tax Effect Of Unusual Items": 0.0,
        "Tax Rate For Calcs": 0.342,
        "Net Income From Continuing Operation Net Minority Interest": 63464000.0,
        "Reconciled Depreciation": 3528000.0,
        "Net Interest Income": 137205000.0,
        "Interest Expense": 64963000.0,
        "Interest Income": 202168000.0,
        "Normalized Income": 63464000.0,
        "Net Income From Continuing And Discontinued Operation": 59113000.0,
        "Diluted Average Shares": 162469887.0,
        "Basic Average Shares": 162370469.0,
        "Diluted EPS": 0.36,
        "Basic EPS": 0.36,
        "Diluted NI Availto Com Stockholders": 59113000.0,
        "Net Income Common Stockholders": 59113000.0,
        "Net Income": 59113000.0,
        "Net Income Including Noncontrolling Interests": 59113000.0,
        "Net Income Discontinuous Operations": -4351000.0,
        "Net Income Continuous Operations": 63464000.0,
        "Tax Provision": -16178000.0,
        "Pretax Income": 47286000.0,
        "Gain On Sale Of Security": 172000.0,
        "Depreciation Amortization Depletion Income Statement": 504000.0,
        "Depreciation And Amortization In Income Statement": 504000.0,
        "Amortization": 504000.0,
        "Amortization Of Intangibles Income Statement": 504000.0,
        "Selling General And Administration": 65471000.0,
        "Selling And Marketing Expense": 1765000.0,
        "General And Administrative Expense": 63706000.0,
        "Other Gand A": NaN,
        "Insurance And Claims": 2808000.0,
        "Salaries And Wages": 60898000.0,
        "Total Revenue": 155280000.0,
        "Operating Revenue": 155280000.0
    },
    "2023-12-31": {
        "Tax Effect Of Unusual Items": 0.0,
        "Tax Rate For Calcs": 0.068305,
        "Net Income From Continuing Operation Net Minority Interest": 31509000.0,
        "Reconciled Depreciation": 6411000.0,
        "Net Interest Income": 133307000.0,
        "Interest Expense": 70339000.0,
        "Interest Income": 203646000.0,
        "Normalized Income": 31509000.0,
        "Net Income From Continuing And Discontinued Operation": 318503000.0,
        "Diluted Average Shares": 162724398.0,
        "Basic Average Shares": 162571066.0,
        "Diluted EPS": 1.95,
        "Basic EPS": 1.96,
        "Diluted NI Availto Com Stockholders": 318503000.0,
        "Net Income Common Stockholders": 318503000.0,
        "Net Income": 318503000.0,
        "Net Income Including Noncontrolling Interests": 318503000.0,
        "Net Income Discontinuous Operations": 286994000.0,
        "Net Income Continuous Operations": 31509000.0,
        "Tax Provision": 2310000.0,
        "Pretax Income": 33819000.0,
        "Gain On Sale Of Security": 4393000.0,
        "Depreciation Amortization Depletion Income Statement": 505000.0,
        "Depreciation And Amortization In Income Statement": 505000.0,
        "Amortization": 505000.0,
        "Amortization Of Intangibles Income Statement": 505000.0,
        "Selling General And Administration": 83952000.0,
        "Selling And Marketing Expense": 2693000.0,
        "General And Administrative Expense": 81259000.0,
        "Other Gand A": NaN,
        "Insurance And Claims": 13486000.0,
        "Salaries And Wages": 67773000.0,
        "Total Revenue": 158872000.0,
        "Operating Revenue": 158872000.0
    },
    "2024-03-31": {
        "Tax Effect Of Unusual Items": 0.0,
        "Tax Rate For Calcs": 0.21,
        "Net Income From Continuing Operation Net Minority Interest": 38647000.0,
        "Reconciled Depreciation": 6084000.0,
        "Net Interest Income": 129900000.0,
        "Interest Expense": 72711000.0,
        "Interest Income": 202611000.0,
        "Normalized Income": 38647000.0,
        "Net Income From Continuing And Discontinued Operation": 38647000.0,
        "Diluted Average Shares": 163188410.0,
        "Basic Average Shares": 162863540.0,
        "Diluted EPS": 0.24,
        "Basic EPS": 0.24,
        "Diluted NI Availto Com Stockholders": 38647000.0,
        "Net Income Common Stockholders": 38647000.0,
        "Net Income": 38647000.0,
        "Net Income Including Noncontrolling Interests": 38647000.0,
        "Net Income Discontinuous Operations": 0.0,
        "Net Income Continuous Operations": 38647000.0,
        "Tax Provision": 10292000.0,
        "Pretax Income": 48939000.0,
        "Gain On Sale Of Security": 4985000.0,
        "Depreciation Amortization Depletion Income Statement": 504000.0,
        "Depreciation And Amortization In Income Statement": 504000.0,
        "Amortization": 504000.0,
        "Amortization Of Intangibles Income Statement": 504000.0,
        "Selling General And Administration": 68271000.0,
        "Selling And Marketing Expense": 1515000.0,
        "General And Administrative Expense": 66756000.0,
        "Other Gand A": NaN,
        "Insurance And Claims": 2285000.0,
        "Salaries And Wages": 64471000.0,
        "Total Revenue": 156422000.0,
        "Operating Revenue": 156422000.0
    }
}