{
    "2023-05-31": {
        "Tax Effect Of Unusual Items": 0.0,
        "Tax Rate For Calcs": 0.28,
        "Normalized EBITDA": 20042000.0,
        "Total Unusual Items": NaN,
        "Total Unusual Items Excluding Goodwill": NaN,
        "Net Income From Continuing Operation Net Minority Interest": 11635000.0,
        "Reconciled Depreciation": 4344000.0,
        "Reconciled Cost Of Revenue": 77253000.0,
        "EBITDA": 20042000.0,
        "EBIT": 15698000.0,
        "Net Interest Income": NaN,
        "Interest Expense": NaN,
        "Interest Income": NaN,
        "Normalized Income": 11635000.0,
        "Net Income From Continuing And Discontinued Operation": 11635000.0,
        "Total Expenses": 95596000.0,
        "Total Operating Income As Reported": 15698000.0,
        "Diluted Average Shares": 25979533.0,
        "Basic Average Shares": 25839651.0,
        "Diluted EPS": 0.45,
        "Basic EPS": 0.45,
        "Diluted NI Availto Com Stockholders": 11635000.0,
        "Net Income Common Stockholders": 11635000.0,
        "Net Income": 11635000.0,
        "Net Income Including Noncontrolling Interests": 11635000.0,
        "Net Income Continuous Operations": 11635000.0,
        "Tax Provision": 4525000.0,
        "Pretax Income": 16160000.0,
        "Other Income Expense": 462000.0,
        "Other Non Operating Income Expenses": 462000.0,
        "Special Income Charges": NaN,
        "Gain On Sale Of Ppe": NaN,
        "Net Non Operating Interest Income Expense": NaN,
        "Interest Expense Non Operating": NaN,
        "Interest Income Non Operating": NaN,
        "Operating Income": 15698000.0,
        "Operating Expense": 18343000.0,
        "Selling General And Administration": 18343000.0,
        "Gross Profit": 34041000.0,
        "Cost Of Revenue": 77253000.0,
        "Total Revenue": 111294000.0,
        "Operating Revenue": 111294000.0
    },
    "2023-02-28": {
        "Tax Effect Of Unusual Items": 1454081.874961,
        "Tax Rate For Calcs": 0.245996,
        "Normalized EBITDA": 14570000.0,
        "Total Unusual Items": 5911000.0,
        "Total Unusual Items Excluding Goodwill": 5911000.0,
        "Net Income From Continuing Operation Net Minority Interest": 12193000.0,
        "Reconciled Depreciation": 4310000.0,
        "Reconciled Cost Of Revenue": 74342000.0,
        "EBITDA": 20481000.0,
        "EBIT": 16171000.0,
        "Net Interest Income": 0.0,
        "Interest Expense": 0.0,
        "Interest Income": NaN,
        "Normalized Income": 7736081.874961,
        "Net Income From Continuing And Discontinued Operation": 12193000.0,
        "Total Expenses": 92219000.0,
        "Total Operating Income As Reported": 16384000.0,
        "Diluted Average Shares": 25959448.0,
        "Basic Average Shares": 25820639.0,
        "Diluted EPS": 0.47,
        "Basic EPS": 0.47,
        "Diluted NI Availto Com Stockholders": 12193000.0,
        "Net Income Common Stockholders": 12193000.0,
        "Net Income": 12193000.0,
        "Net Income Including Noncontrolling Interests": 12193000.0,
        "Net Income Continuous Operations": 12193000.0,
        "Tax Provision": 3978000.0,
        "Pretax Income": 16171000.0,
        "Other Income Expense": 5698000.0,
        "Other Non Operating Income Expenses": -213000.0,
        "Special Income Charges": 5911000.0,
        "Gain On Sale Of Ppe": 5911000.0,
        "Net Non Operating Interest Income Expense": 0.0,
        "Interest Expense Non Operating": 0.0,
        "Interest Income Non Operating": NaN,
        "Operating Income": 10473000.0,
        "Operating Expense": 17877000.0,
        "Selling General And Administration": 17877000.0,
        "Gross Profit": 28350000.0,
        "Cost Of Revenue": 74342000.0,
        "Total Revenue": 102692000.0,
        "Operating Revenue": 102692000.0
    },
    "2022-11-30": {
        "Tax Effect Of Unusual Items": -4200.0,
        "Tax Rate For Calcs": 0.28,
        "Normalized EBITDA": 20539000.0,
        "Total Unusual Items": -15000.0,
        "Total Unusual Items Excluding Goodwill": -15000.0,
        "Net Income From Continuing Operation Net Minority Interest": 11286000.0,
        "Reconciled Depreciation": 4339000.0,
        "Reconciled Cost Of Revenue": 76768000.0,
        "EBITDA": 20524000.0,
        "EBIT": 16185000.0,
        "Net Interest Income": 232000.0,
        "Interest Expense": 0.0,
        "Interest Income": 232000.0,
        "Normalized Income": 11296800.0,
        "Net Income From Continuing And Discontinued Operation": 11286000.0,
        "Total Expenses": 94060000.0,
        "Total Operating Income As Reported": 16170000.0,
        "Diluted Average Shares": 25888815.0,
        "Basic Average Shares": 25809581.0,
        "Diluted EPS": 0.44,
        "Basic EPS": 0.44,
        "Diluted NI Availto Com Stockholders": 11286000.0,
        "Net Income Common Stockholders": 11286000.0,
        "Net Income": 11286000.0,
        "Net Income Including Noncontrolling Interests": 11286000.0,
        "Net Income Continuous Operations": 11286000.0,
        "Tax Provision": 4388000.0,
        "Pretax Income": 15674000.0,
        "Other Income Expense": -743000.0,
        "Other Non Operating Income Expenses": -728000.0,
        "Special Income Charges": -15000.0,
        "Gain On Sale Of Ppe": -15000.0,
        "Net Non Operating Interest Income Expense": 232000.0,
        "Interest Expense Non Operating": 0.0,
        "Interest Income Non Operating": 232000.0,
        "Operating Income": 16185000.0,
        "Operating Expense": 17292000.0,
        "Selling General And Administration": 17292000.0,
        "Gross Profit": 33477000.0,
        "Cost Of Revenue": 76768000.0,
        "Total Revenue": 110245000.0,
        "Operating Revenue": 110245000.0
    },
    "2022-08-31": {
        "Tax Effect Of Unusual Items": 0.0,
        "Tax Rate For Calcs": 0.279953,
        "Normalized EBITDA": 17277000.0,
        "Total Unusual Items": 0.0,
        "Total Unusual Items Excluding Goodwill": 0.0,
        "Net Income From Continuing Operation Net Minority Interest": 12194000.0,
        "Reconciled Depreciation": 4329000.0,
        "Reconciled Cost Of Revenue": 76014000.0,
        "EBITDA": 17277000.0,
        "EBIT": 17277000.0,
        "Net Interest Income": 0.0,
        "Interest Expense": 0.0,
        "Normalized Income": 12194000.0,
        "Net Income From Continuing And Discontinued Operation": 12194000.0,
        "Total Expenses": 93956000.0,
        "Total Operating Income As Reported": 17277000.0,
        "Diluted Average Shares": 25858811.0,
        "Basic Average Shares": 25797097.0,
        "Diluted EPS": 0.47,
        "Basic EPS": 0.47,
        "Diluted NI Availto Com Stockholders": 12194000.0,
        "Net Income Common Stockholders": 12194000.0,
        "Net Income": 12194000.0,
        "Net Income Including Noncontrolling Interests": 12194000.0,
        "Net Income Continuous Operations": 12194000.0,
        "Tax Provision": 4741000.0,
        "Pretax Income": 16935000.0,
        "Other Income Expense": -342000.0,
        "Other Non Operating Income Expenses": -342000.0,
        "Special Income Charges": 0.0,
        "Gain On Sale Of Ppe": 0.0,
        "Net Non Operating Interest Income Expense": 0.0,
        "Interest Expense Non Operating": 0.0,
        "Operating Income": 17277000.0,
        "Operating Expense": 17942000.0,
        "Other Operating Expenses": 17942000.0,
        "Selling General And Administration": 17942000.0,
        "Gross Profit": 35219000.0,
        "Cost Of Revenue": 76014000.0,
        "Total Revenue": 111233000.0,
        "Operating Revenue": 111233000.0
    },
    "2022-05-31": {
        "Tax Effect Of Unusual Items": 0.0,
        "Tax Rate For Calcs": 0.280062,
        "Normalized EBITDA": 16322000.0,
        "Total Unusual Items": 0.0,
        "Total Unusual Items Excluding Goodwill": 0.0,
        "Net Income From Continuing Operation Net Minority Interest": 11627000.0,
        "Reconciled Depreciation": 4378000.0,
        "Reconciled Cost Of Revenue": 73663000.0,
        "EBIT": 16322000.0,
        "Net Interest Income": 0.0,
        "Interest Expense": 0.0,
        "Normalized Income": 11627000.0,
        "Net Income From Continuing And Discontinued Operation": 11627000.0,
        "Total Expenses": 91345000.0,
        "Total Operating Income As Reported": 16322000.0,
        "Diluted Average Shares": 25855370.0,
        "Basic Average Shares": 25812078.0,
        "Diluted EPS": 0.45,
        "Basic EPS": 0.45,
        "Diluted NI Availto Com Stockholders": 11627000.0,
        "Net Income Common Stockholders": 11627000.0,
        "Net Income": 11627000.0,
        "Net Income Including Noncontrolling Interests": 11627000.0,
        "Net Income Continuous Operations": 11627000.0,
        "Tax Provision": 4523000.0,
        "Pretax Income": 16150000.0,
        "Other Income Expense": -172000.0,
        "Other Non Operating Income Expenses": -172000.0,
        "Special Income Charges": 0.0,
        "Gain On Sale Of Ppe": 0.0,
        "Net Non Operating Interest Income Expense": 0.0,
        "Interest Expense Non Operating": 0.0,
        "Operating Income": 16322000.0,
        "Operating Expense": 17682000.0,
        "Other Operating Expenses": 17682000.0,
        "Selling General And Administration": 17682000.0,
        "Gross Profit": 34004000.0,
        "Cost Of Revenue": 73663000.0,
        "Total Revenue": 107667000.0,
        "Operating Revenue": 107667000.0
    },
    "2022-02-28": {
        "Diluted EPS": 0.25,
        "Total Revenue": 100,
        "Gross Profit": 27,
        "Operating Income": 11,
        "EBIT": 15,
        "Net Income": 7
    },
    "2021-11-30": {
        "Diluted EPS": 0.29,
        "Total Revenue": 103,
        "Gross Profit": 29,
        "Operating Income": 12,
        "EBIT": 16,
        "Net Income": 8
    },
    "2021-08-31": {
        "Diluted EPS": 0.29,
        "Total Revenue": 100,
        "Gross Profit": 29,
        "Operating Income": 11,
        "EBIT": 15,
        "Net Income": 7
    },
    "2021-05-31": {
        "Diluted EPS": 0.28,
        "Total Revenue": 97,
        "Gross Profit": 29,
        "Operating Income": 11,
        "EBIT": 15,
        "Net Income": 7
    },
    "2021-02-28": {
        "Diluted EPS": 0.2,
        "Total Revenue": 90,
        "Gross Profit": 27,
        "Operating Income": 10,
        "EBIT": 14,
        "Net Income": 5
    },
    "2020-11-30": {
        "Diluted EPS": 0.32,
        "Total Revenue": 92,
        "Gross Profit": 28,
        "Operating Income": 12,
        "EBIT": 16,
        "Net Income": 8
    },
    "2020-08-31": {
        "Diluted EPS": 0.25,
        "Total Revenue": 87,
        "Gross Profit": 25,
        "Operating Income": 9,
        "EBIT": 13,
        "Net Income": 6
    },
    "2020-05-31": {
        "Diluted EPS": 0.16,
        "Total Revenue": 89,
        "Gross Profit": 24,
        "Operating Income": 6,
        "EBIT": 10,
        "Net Income": 4
    },
    "2020-02-29": {
        "Diluted EPS": 0.32,
        "Total Revenue": 107,
        "Gross Profit": 30,
        "Operating Income": 11,
        "EBIT": 16,
        "Net Income": 9
    },
    "2019-11-30": {
        "Diluted EPS": 0.41,
        "Total Revenue": 115,
        "Gross Profit": 34,
        "Operating Income": 14,
        "EBIT": 19,
        "Net Income": 11
    },
    "2019-08-31": {
        "Diluted EPS": 0.37,
        "Total Revenue": 109,
        "Gross Profit": 32,
        "Operating Income": 13,
        "EBIT": 17,
        "Net Income": 10
    },
    "2019-05-31": {
        "Diluted EPS": 0.37,
        "Total Revenue": 108,
        "Gross Profit": 33,
        "Operating Income": 13,
        "EBIT": 17,
        "Net Income": 10
    },
    "2019-02-28": {
        "Diluted EPS": 0.32,
        "Total Revenue": 101,
        "Gross Profit": 29,
        "Operating Income": 11,
        "EBIT": 15,
        "Net Income": 8
    },
    "2018-11-30": {
        "Diluted EPS": 0.4,
        "Total Revenue": 108,
        "Gross Profit": 34,
        "Operating Income": 14,
        "EBIT": 19,
        "Net Income": 10
    },
    "2018-08-31": {
        "Diluted EPS": 0.37,
        "Total Revenue": 99,
        "Gross Profit": 30,
        "Operating Income": 13,
        "EBIT": 17,
        "Net Income": 10
    },
    "2018-05-31": {
        "Diluted EPS": 0.36,
        "Total Revenue": 93,
        "Gross Profit": 30,
        "Operating Income": 12,
        "EBIT": 16,
        "Net Income": 9
    },
    "2018-02-28": {
        "Diluted EPS": 0.32,
        "Total Revenue": 87,
        "Gross Profit": 26,
        "Operating Income": 8,
        "EBIT": 12,
        "Net Income": 8
    },
    "2017-11-30": {
        "Diluted EPS": 0.33,
        "Total Revenue": 94,
        "Gross Profit": 30,
        "Operating Income": 13,
        "EBIT": 17,
        "Net Income": 8
    },
    "2017-08-31": {
        "Diluted EPS": 0.34,
        "Total Revenue": 95,
        "Gross Profit": 31,
        "Operating Income": 14,
        "EBIT": 17,
        "Net Income": 9
    },
    "2017-05-31": {
        "Diluted EPS": 0.31,
        "Total Revenue": 95,
        "Gross Profit": 30,
        "Operating Income": 13,
        "EBIT": 16,
        "Net Income": 8
    },
    "2017-02-28": {
        "Diluted EPS": 0.24,
        "Total Revenue": 87,
        "Gross Profit": 26,
        "Operating Income": 11,
        "EBIT": 14,
        "Net Income": 6
    },
    "2016-11-30": {
        "Diluted EPS": 0.22,
        "Total Revenue": 89,
        "Gross Profit": 25,
        "Operating Income": 9,
        "EBIT": 12,
        "Net Income": 6
    },
    "2016-08-31": {
        "Diluted EPS": 0.26,
        "Total Revenue": 91,
        "Gross Profit": 27,
        "Operating Income": 11,
        "EBIT": 14,
        "Net Income": 7
    },
    "2016-05-31": {
        "Diluted EPS": -0.65,
        "Total Revenue": 90,
        "Gross Profit": 27,
        "Operating Income": 11,
        "EBIT": 14,
        "Net Income": -17
    },
    "2016-02-29": {
        "Diluted EPS": 0.19,
        "Total Revenue": 128,
        "Gross Profit": 34,
        "Operating Income": 7,
        "EBIT": 10,
        "Net Income": 5
    },
    "2015-11-30": {
        "Diluted EPS": 0.41,
        "Total Revenue": 98,
        "Gross Profit": 30,
        "Operating Income": 14,
        "EBIT": 17,
        "Net Income": 11
    },
    "2015-08-31": {
        "Diluted EPS": 0.43,
        "Total Revenue": 100,
        "Gross Profit": 31,
        "Operating Income": 15,
        "EBIT": 18,
        "Net Income": 11
    },
    "2015-05-31": {
        "Diluted EPS": 0.36,
        "Total Revenue": 97,
        "Gross Profit": 30,
        "Operating Income": 14,
        "EBIT": 17,
        "Net Income": 9
    },
    "2015-02-28": {
        "Diluted EPS": 0.34,
        "Total Revenue": -60,
        "Gross Profit": 5,
        "Operating Income": 105,
        "EBIT": 104,
        "Net Income": 9
    },
    "2014-11-30": {
        "Diluted EPS": -2.76,
        "Total Revenue": 147,
        "Gross Profit": 37,
        "Operating Income": -81,
        "EBIT": -77,
        "Net Income": -71
    },
    "2014-08-31": {
        "Diluted EPS": 0.39,
        "Total Revenue": 152,
        "Gross Profit": 38,
        "Operating Income": 16,
        "EBIT": 20,
        "Net Income": 10
    },
    "2014-05-31": {
        "Diluted EPS": 0.31,
        "Total Revenue": 141,
        "Gross Profit": 35,
        "Operating Income": 14,
        "EBIT": 18,
        "Net Income": 8
    },
    "2014-02-28": {
        "Diluted EPS": -0.57,
        "Total Revenue": 132,
        "Gross Profit": 34,
        "Operating Income": -12,
        "EBIT": -8,
        "Net Income": -14
    },
    "2013-11-30": {
        "Diluted EPS": 0.36,
        "Total Revenue": 137,
        "Gross Profit": 38,
        "Operating Income": 15,
        "EBIT": 19,
        "Net Income": 9
    },
    "2013-08-31": {
        "Diluted EPS": 0.38,
        "Total Revenue": 135,
        "Gross Profit": 37,
        "Operating Income": 16,
        "EBIT": 19,
        "Net Income": 10
    },
    "2013-05-31": {
        "Diluted EPS": 0.33,
        "Total Revenue": 138,
        "Gross Profit": 36,
        "Operating Income": 14,
        "EBIT": 17,
        "Net Income": 9
    },
    "2013-02-28": {
        "Diluted EPS": 0.27,
        "Total Revenue": 124,
        "Gross Profit": 31,
        "Operating Income": 12,
        "EBIT": 15,
        "Net Income": 7
    },
    "2012-11-30": {
        "Diluted EPS": 0.24,
        "Total Revenue": 129,
        "Gross Profit": 31,
        "Operating Income": 10,
        "EBIT": 13,
        "Net Income": 6
    },
    "2012-08-31": {
        "Diluted EPS": 0.29,
        "Total Revenue": 138,
        "Gross Profit": 34,
        "Operating Income": 13,
        "EBIT": 16,
        "Net Income": 8
    },
    "2012-05-31": {
        "Diluted EPS": 0.15,
        "Total Revenue": 143,
        "Gross Profit": 28,
        "Operating Income": 6,
        "EBIT": 10,
        "Net Income": 4
    },
    "2012-02-29": {
        "Diluted EPS": 0.13,
        "Total Revenue": 122,
        "Gross Profit": 27,
        "Operating Income": 6,
        "EBIT": 9,
        "Net Income": 3
    },
    "2011-11-30": {
        "Diluted EPS": 0.27,
        "Total Revenue": 122,
        "Gross Profit": 30,
        "Operating Income": 11,
        "EBIT": 14,
        "Net Income": 7
    },
    "2011-08-31": {
        "Diluted EPS": 0.37,
        "Total Revenue": 130,
        "Gross Profit": 34,
        "Operating Income": 16,
        "EBIT": 19,
        "Net Income": 10
    },
    "2011-05-31": {
        "Diluted EPS": 0.44,
        "Total Revenue": 143,
        "Gross Profit": 40,
        "Operating Income": 19,
        "EBIT": 22,
        "Net Income": 11
    },
    "2011-02-28": {
        "Diluted EPS": 0.38,
        "Total Revenue": 131,
        "Gross Profit": 36,
        "Operating Income": 15,
        "EBIT": 18,
        "Net Income": 10
    },
    "2010-11-30": {
        "Diluted EPS": 0.37,
        "Total Revenue": 135,
        "Gross Profit": 37,
        "Operating Income": 16,
        "EBIT": 18,
        "Net Income": 10
    },
    "2010-08-31": {
        "Diluted EPS": 0.47,
        "Total Revenue": 143,
        "Gross Profit": 40,
        "Operating Income": 19,
        "EBIT": 22,
        "Net Income": 12
    },
    "2010-05-31": {
        "Diluted EPS": 0.5,
        "Total Revenue": 141,
        "Gross Profit": 42,
        "Operating Income": 21,
        "EBIT": 24,
        "Net Income": 13
    },
    "2010-02-28": {
        "Diluted EPS": 0.37,
        "Total Revenue": 121,
        "Gross Profit": 34,
        "Operating Income": 16,
        "EBIT": 19,
        "Net Income": 10
    },
    "2009-11-30": {
        "Diluted EPS": 0.36,
        "Total Revenue": 128,
        "Gross Profit": 34,
        "Operating Income": 15,
        "EBIT": 18,
        "Net Income": 9
    },
    "2009-08-31": {
        "Diluted EPS": 0.37,
        "Total Revenue": 138,
        "Gross Profit": 36,
        "Operating Income": 16,
        "EBIT": 19,
        "Net Income": 10
    },
    "2009-05-31": {
        "Diluted EPS": 0.26,
        "Total Revenue": 131,
        "Gross Profit": 31,
        "Operating Income": 12,
        "EBIT": 15,
        "Net Income": 7
    },
    "2009-02-28": {
        "Diluted EPS": -2.43,
        "Total Revenue": 117,
        "Gross Profit": 26,
        "Operating Income": -60,
        "EBIT": -57,
        "Net Income": -63
    },
    "2023-08-31": {
        "Tax Effect Of Unusual Items": -14872.0,
        "Tax Rate For Calcs": 0.286,
        "Normalized EBITDA": 19307000.0,
        "Total Unusual Items": -52000.0,
        "Total Unusual Items Excluding Goodwill": -52000.0,
        "Net Income From Continuing Operation Net Minority Interest": 10910000.0,
        "Reconciled Depreciation": 4497000.0,
        "Reconciled Cost Of Revenue": 73661000.0,
        "EBITDA": 19255000.0,
        "EBIT": 14758000.0,
        "Net Interest Income": NaN,
        "Interest Expense": NaN,
        "Interest Income": NaN,
        "Normalized Income": 10947128.0,
        "Net Income From Continuing And Discontinued Operation": 10910000.0,
        "Total Expenses": 92002000.0,
        "Total Operating Income As Reported": 14706000.0,
        "Diluted Average Shares": 26050983.0,
        "Basic Average Shares": 25886058.0,
        "Diluted EPS": 0.42,
        "Basic EPS": 0.42,
        "Diluted NI Availto Com Stockholders": 10910000.0,
        "Net Income Common Stockholders": 10910000.0,
        "Net Income": 10910000.0,
        "Net Income Including Noncontrolling Interests": 10910000.0,
        "Net Income Continuous Operations": 10910000.0,
        "Tax Provision": 4373000.0,
        "Pretax Income": 15283000.0,
        "Other Income Expense": 525000.0,
        "Other Non Operating Income Expenses": 577000.0,
        "Special Income Charges": -52000.0,
        "Gain On Sale Of Ppe": -52000.0,
        "Net Non Operating Interest Income Expense": NaN,
        "Interest Expense Non Operating": NaN,
        "Interest Income Non Operating": NaN,
        "Operating Income": 14758000.0,
        "Operating Expense": 18341000.0,
        "Selling General And Administration": 18341000.0,
        "Gross Profit": 33099000.0,
        "Cost Of Revenue": 73661000.0,
        "Total Revenue": 106760000.0,
        "Operating Revenue": 106760000.0
    },
    "2023-11-30": {
        "Tax Effect Of Unusual Items": -283.0,
        "Tax Rate For Calcs": 0.283,
        "Normalized EBITDA": 17576000.0,
        "Total Unusual Items": -1000.0,
        "Total Unusual Items Excluding Goodwill": -1000.0,
        "Net Income From Continuing Operation Net Minority Interest": 9906000.0,
        "Reconciled Depreciation": 4454000.0,
        "Reconciled Cost Of Revenue": 74090000.0,
        "EBITDA": 17575000.0,
        "EBIT": 13121000.0,
        "Net Interest Income": 1020000.0,
        "Interest Expense": NaN,
        "Interest Income": 1020000.0,
        "Normalized Income": 9906717.0,
        "Net Income From Continuing And Discontinued Operation": 9906000.0,
        "Total Expenses": 91500000.0,
        "Total Operating Income As Reported": 13120000.0,
        "Diluted Average Shares": 26083301.0,
        "Basic Average Shares": 25894578.0,
        "Diluted EPS": 0.38,
        "Basic EPS": 0.38,
        "Diluted NI Availto Com Stockholders": 9906000.0,
        "Net Income Common Stockholders": 9906000.0,
        "Net Income": 9906000.0,
        "Net Income Including Noncontrolling Interests": 9906000.0,
        "Net Income Continuous Operations": 9906000.0,
        "Tax Provision": 3910000.0,
        "Pretax Income": 13816000.0,
        "Other Income Expense": -325000.0,
        "Other Non Operating Income Expenses": -324000.0,
        "Special Income Charges": -1000.0,
        "Gain On Sale Of Ppe": -1000.0,
        "Net Non Operating Interest Income Expense": 1020000.0,
        "Interest Expense Non Operating": NaN,
        "Interest Income Non Operating": 1020000.0,
        "Operating Income": 13121000.0,
        "Operating Expense": 17410000.0,
        "Selling General And Administration": 17410000.0,
        "Gross Profit": 30531000.0,
        "Cost Of Revenue": 74090000.0,
        "Total Revenue": 104621000.0,
        "Operating Revenue": 104621000.0
    },
    "2024-02-29": {
        "Tax Effect Of Unusual Items": NaN,
        "Tax Rate For Calcs": NaN,
        "Normalized EBITDA": NaN,
        "Total Unusual Items": NaN,
        "Total Unusual Items Excluding Goodwill": NaN,
        "Net Income From Continuing Operation Net Minority Interest": NaN,
        "Reconciled Depreciation": NaN,
        "Reconciled Cost Of Revenue": NaN,
        "EBITDA": NaN,
        "EBIT": NaN,
        "Net Interest Income": NaN,
        "Interest Expense": NaN,
        "Interest Income": NaN,
        "Normalized Income": NaN,
        "Net Income From Continuing And Discontinued Operation": NaN,
        "Total Expenses": NaN,
        "Total Operating Income As Reported": NaN,
        "Diluted Average Shares": 25984106.0,
        "Basic Average Shares": 25852340.0,
        "Diluted EPS": 0.39,
        "Basic EPS": 0.39,
        "Diluted NI Availto Com Stockholders": NaN,
        "Net Income Common Stockholders": NaN,
        "Net Income": NaN,
        "Net Income Including Noncontrolling Interests": NaN,
        "Net Income Continuous Operations": NaN,
        "Tax Provision": NaN,
        "Pretax Income": NaN,
        "Other Income Expense": NaN,
        "Other Non Operating Income Expenses": NaN,
        "Special Income Charges": NaN,
        "Gain On Sale Of Ppe": NaN,
        "Net Non Operating Interest Income Expense": NaN,
        "Interest Expense Non Operating": NaN,
        "Interest Income Non Operating": NaN,
        "Operating Income": NaN,
        "Operating Expense": NaN,
        "Selling General And Administration": NaN,
        "Gross Profit": NaN,
        "Cost Of Revenue": NaN,
        "Total Revenue": NaN,
        "Operating Revenue": NaN
    }
}