{
    "2023-06-30": {
        "Tax Effect Of Unusual Items": 0.0,
        "Tax Rate For Calcs": 0.146,
        "Total Unusual Items": 70000.0,
        "Total Unusual Items Excluding Goodwill": 70000.0,
        "Net Income From Continuing Operation Net Minority Interest": 2015000.0,
        "Reconciled Depreciation": 2007000.0,
        "Net Interest Income": 15103000.0,
        "Interest Expense": 7008000.0,
        "Interest Income": 22111000.0,
        "Normalized Income": 2015000.0,
        "Net Income From Continuing And Discontinued Operation": 2015000.0,
        "Diluted Average Shares": 7793410.0,
        "Basic Average Shares": 7789559.0,
        "Diluted EPS": 0.26,
        "Basic EPS": 0.26,
        "Diluted NI Availto Com Stockholders": 2015000.0,
        "Net Income Common Stockholders": 2015000.0,
        "Net Income": 2015000.0,
        "Net Income Including Noncontrolling Interests": 2015000.0,
        "Net Income Continuous Operations": 2015000.0,
        "Tax Provision": 344000.0,
        "Pretax Income": 2359000.0,
        "Special Income Charges": 70000.0,
        "Other Special Charges": -70000.0,
        "Restructuring And Mergern Acquisition": 0.0,
        "Gain On Sale Of Security": 2000.0,
        "Depreciation Amortization Depletion Income Statement": 397000.0,
        "Depreciation And Amortization In Income Statement": 397000.0,
        "Amortization": 397000.0,
        "Amortization Of Intangibles Income Statement": 397000.0,
        "Selling General And Administration": 11786000.0,
        "Selling And Marketing Expense": 309000.0,
        "General And Administrative Expense": 11477000.0,
        "Insurance And Claims": 393000.0,
        "Salaries And Wages": 11084000.0,
        "Total Revenue": 21004000.0,
        "Operating Revenue": 21004000.0,
        "Occupancy And Equipment": 2071000.0,
        "Professional Expense And Contract Services Expense": 592000.0,
        "Other Non Interest Expense": 3480000.0
    },
    "2023-03-31": {
        "Tax Effect Of Unusual Items": NaN,
        "Tax Rate For Calcs": NaN,
        "Total Unusual Items": 0.0,
        "Total Unusual Items Excluding Goodwill": 0.0,
        "Net Income From Continuing Operation Net Minority Interest": NaN,
        "Reconciled Depreciation": NaN,
        "Net Interest Income": NaN,
        "Interest Expense": NaN,
        "Interest Income": NaN,
        "Normalized Income": NaN,
        "Net Income From Continuing And Discontinued Operation": NaN,
        "Diluted Average Shares": NaN,
        "Basic Average Shares": NaN,
        "Diluted EPS": NaN,
        "Basic EPS": NaN,
        "Diluted NI Availto Com Stockholders": NaN,
        "Net Income Common Stockholders": NaN,
        "Net Income": NaN,
        "Net Income Including Noncontrolling Interests": NaN,
        "Net Income Continuous Operations": NaN,
        "Tax Provision": NaN,
        "Pretax Income": NaN,
        "Special Income Charges": 0.0,
        "Other Special Charges": NaN,
        "Restructuring And Mergern Acquisition": 0.0,
        "Gain On Sale Of Security": NaN,
        "Depreciation Amortization Depletion Income Statement": NaN,
        "Depreciation And Amortization In Income Statement": NaN,
        "Amortization": NaN,
        "Amortization Of Intangibles Income Statement": NaN,
        "Selling General And Administration": NaN,
        "Selling And Marketing Expense": NaN,
        "General And Administrative Expense": NaN,
        "Insurance And Claims": NaN,
        "Salaries And Wages": NaN,
        "Total Revenue": NaN,
        "Operating Revenue": NaN,
        "Occupancy And Equipment": NaN,
        "Professional Expense And Contract Services Expense": NaN,
        "Other Non Interest Expense": NaN
    },
    "2022-12-31": {
        "Tax Effect Of Unusual Items": NaN,
        "Tax Rate For Calcs": NaN,
        "Total Unusual Items": 0.0,
        "Total Unusual Items Excluding Goodwill": 0.0,
        "Net Income From Continuing Operation Net Minority Interest": NaN,
        "Reconciled Depreciation": NaN,
        "Net Interest Income": NaN,
        "Interest Expense": NaN,
        "Interest Income": NaN,
        "Normalized Income": NaN,
        "Net Income From Continuing And Discontinued Operation": NaN,
        "Diluted Average Shares": NaN,
        "Basic Average Shares": NaN,
        "Diluted EPS": NaN,
        "Basic EPS": NaN,
        "Diluted NI Availto Com Stockholders": NaN,
        "Net Income Common Stockholders": NaN,
        "Net Income": NaN,
        "Net Income Including Noncontrolling Interests": NaN,
        "Net Income Continuous Operations": NaN,
        "Tax Provision": NaN,
        "Pretax Income": NaN,
        "Special Income Charges": 0.0,
        "Other Special Charges": NaN,
        "Restructuring And Mergern Acquisition": 0.0,
        "Gain On Sale Of Security": NaN,
        "Depreciation Amortization Depletion Income Statement": NaN,
        "Depreciation And Amortization In Income Statement": NaN,
        "Amortization": NaN,
        "Amortization Of Intangibles Income Statement": NaN,
        "Selling General And Administration": NaN,
        "Selling And Marketing Expense": NaN,
        "General And Administrative Expense": NaN,
        "Insurance And Claims": NaN,
        "Salaries And Wages": NaN,
        "Total Revenue": NaN,
        "Operating Revenue": NaN,
        "Occupancy And Equipment": NaN,
        "Professional Expense And Contract Services Expense": NaN,
        "Other Non Interest Expense": NaN
    },
    "2022-09-30": {
        "Tax Effect Of Unusual Items": NaN,
        "Tax Rate For Calcs": NaN,
        "Total Unusual Items": NaN,
        "Total Unusual Items Excluding Goodwill": NaN,
        "Net Income From Continuing Operation Net Minority Interest": NaN,
        "Reconciled Depreciation": NaN,
        "Net Interest Income": NaN,
        "Interest Expense": NaN,
        "Interest Income": NaN,
        "Normalized Income": NaN,
        "Net Income From Continuing And Discontinued Operation": NaN,
        "Diluted Average Shares": NaN,
        "Basic Average Shares": NaN,
        "Diluted EPS": NaN,
        "Basic EPS": NaN,
        "Diluted NI Availto Com Stockholders": NaN,
        "Net Income Common Stockholders": NaN,
        "Net Income": NaN,
        "Net Income Including Noncontrolling Interests": NaN,
        "Net Income Continuous Operations": NaN,
        "Tax Provision": NaN,
        "Pretax Income": NaN,
        "Special Income Charges": NaN,
        "Other Special Charges": NaN,
        "Restructuring And Mergern Acquisition": NaN,
        "Gain On Sale Of Security": NaN,
        "Depreciation Amortization Depletion Income Statement": NaN,
        "Depreciation And Amortization In Income Statement": NaN,
        "Amortization": NaN,
        "Amortization Of Intangibles Income Statement": NaN,
        "Selling General And Administration": NaN,
        "Selling And Marketing Expense": NaN,
        "General And Administrative Expense": NaN,
        "Other Gand A": 1964000.0,
        "Insurance And Claims": NaN,
        "Salaries And Wages": NaN,
        "Total Revenue": NaN,
        "Operating Revenue": NaN
    },
    "2022-06-30": {
        "Tax Effect Of Unusual Items": -495264.0,
        "Tax Rate For Calcs": 0.264,
        "Total Unusual Items": -1876000.0,
        "Total Unusual Items Excluding Goodwill": -1876000.0,
        "Net Income From Continuing Operation Net Minority Interest": 1771000.0,
        "Reconciled Depreciation": 440000.0,
        "Net Interest Income": 15929000.0,
        "Interest Expense": 1085000.0,
        "Interest Income": 17014000.0,
        "Normalized Income": 3151736.0,
        "Net Income From Continuing And Discontinued Operation": 1771000.0,
        "Diluted Average Shares": 7422022.0,
        "Basic Average Shares": 7410796.0,
        "Diluted EPS": 0.24,
        "Basic EPS": 0.24,
        "Diluted NI Availto Com Stockholders": 1771000.0,
        "Net Income Common Stockholders": 1771000.0,
        "Net Income": 1771000.0,
        "Net Income Including Noncontrolling Interests": 1771000.0,
        "Net Income Continuous Operations": 1771000.0,
        "Tax Provision": 634000.0,
        "Pretax Income": 2405000.0,
        "Special Income Charges": -1876000.0,
        "Other Special Charges": NaN,
        "Restructuring And Mergern Acquisition": 1876000.0,
        "Gain On Sale Of Security": -6000.0,
        "Depreciation Amortization Depletion Income Statement": 440000.0,
        "Depreciation And Amortization In Income Statement": 440000.0,
        "Amortization": 440000.0,
        "Amortization Of Intangibles Income Statement": 440000.0,
        "Selling General And Administration": 13291000.0,
        "Selling And Marketing Expense": 303000.0,
        "General And Administrative Expense": 12988000.0,
        "Other Gand A": 1413000.0,
        "Insurance And Claims": 144000.0,
        "Salaries And Wages": 11431000.0,
        "Total Revenue": 22722000.0,
        "Operating Revenue": 22722000.0
    },
    "2022-03-31": {
        "Diluted EPS": 0.34,
        "Total Revenue": 20,
        "Gross Profit": 19,
        "Operating Income": 3,
        "EBIT": NaN,
        "Net Income": 2
    },
    "2021-12-31": {
        "Diluted EPS": 0.27,
        "Total Revenue": 21,
        "Gross Profit": 20,
        "Operating Income": 3,
        "EBIT": NaN,
        "Net Income": 2
    },
    "2021-09-30": {
        "Diluted EPS": 0.73,
        "Total Revenue": 26,
        "Gross Profit": 25,
        "Operating Income": 6,
        "EBIT": NaN,
        "Net Income": 5
    },
    "2021-06-30": {
        "Diluted EPS": 0.39,
        "Total Revenue": 23,
        "Gross Profit": 23,
        "Operating Income": 4,
        "EBIT": NaN,
        "Net Income": 3
    },
    "2021-03-31": {
        "Diluted EPS": 0.78,
        "Total Revenue": 25,
        "Gross Profit": 25,
        "Operating Income": 7,
        "EBIT": NaN,
        "Net Income": 5
    },
    "2020-12-31": {
        "Diluted EPS": 0.76,
        "Total Revenue": 25,
        "Gross Profit": 24,
        "Operating Income": 7,
        "EBIT": NaN,
        "Net Income": 5
    },
    "2020-09-30": {
        "Diluted EPS": 0.94,
        "Total Revenue": 27,
        "Gross Profit": 26,
        "Operating Income": 9,
        "EBIT": NaN,
        "Net Income": 6
    },
    "2020-06-30": {
        "Diluted EPS": 0.84,
        "Total Revenue": 26,
        "Gross Profit": 24,
        "Operating Income": 8,
        "EBIT": NaN,
        "Net Income": 6
    },
    "2020-03-31": {
        "Diluted EPS": 0.57,
        "Total Revenue": 21,
        "Gross Profit": 19,
        "Operating Income": 5,
        "EBIT": NaN,
        "Net Income": 4
    },
    "2019-12-31": {
        "Diluted EPS": 0.37,
        "Total Revenue": 18,
        "Gross Profit": 16,
        "Operating Income": 4,
        "EBIT": NaN,
        "Net Income": 2
    },
    "2019-09-30": {
        "Diluted EPS": 0.63,
        "Total Revenue": 20,
        "Gross Profit": 18,
        "Operating Income": 6,
        "EBIT": NaN,
        "Net Income": 4
    },
    "2019-06-30": {
        "Diluted EPS": 0.51,
        "Total Revenue": 17,
        "Gross Profit": 15,
        "Operating Income": 4,
        "EBIT": NaN,
        "Net Income": 3
    },
    "2019-03-31": {
        "Diluted EPS": 0.18,
        "Total Revenue": 15,
        "Gross Profit": 13,
        "Operating Income": 3,
        "EBIT": NaN,
        "Net Income": 1
    },
    "2018-12-31": {
        "Diluted EPS": 0.26,
        "Total Revenue": 12,
        "Gross Profit": 11,
        "Operating Income": 2,
        "EBIT": NaN,
        "Net Income": 1
    },
    "2018-09-30": {
        "Diluted EPS": 0.3,
        "Total Revenue": 12,
        "Gross Profit": 11,
        "Operating Income": 2,
        "EBIT": NaN,
        "Net Income": 2
    },
    "2018-06-30": {
        "Diluted EPS": 0.24,
        "Total Revenue": 12,
        "Gross Profit": 11,
        "Operating Income": 2,
        "EBIT": NaN,
        "Net Income": 1
    },
    "2018-03-31": {
        "Diluted EPS": 0.11,
        "Total Revenue": 11,
        "Gross Profit": 10,
        "Operating Income": 1,
        "EBIT": NaN,
        "Net Income": 1
    },
    "2017-12-31": {
        "Diluted EPS": 0.07,
        "Total Revenue": 11,
        "Gross Profit": 10,
        "Operating Income": 2,
        "EBIT": NaN,
        "Net Income": 1
    },
    "2017-09-30": {
        "Diluted EPS": 0.45,
        "Total Revenue": 11,
        "Gross Profit": 10,
        "Operating Income": 3,
        "EBIT": NaN,
        "Net Income": 2
    },
    "2017-06-30": {
        "Diluted EPS": 0.27,
        "Total Revenue": 10,
        "Gross Profit": 9,
        "Operating Income": 2,
        "EBIT": NaN,
        "Net Income": 1
    },
    "2017-03-31": {
        "Diluted EPS": 0.2,
        "Total Revenue": 10,
        "Gross Profit": 9,
        "Operating Income": 1,
        "EBIT": NaN,
        "Net Income": 1
    },
    "2016-12-31": {
        "Diluted EPS": 0.37,
        "Total Revenue": 11,
        "Gross Profit": 10,
        "Operating Income": 2,
        "EBIT": NaN,
        "Net Income": 1
    },
    "2016-09-30": {
        "Diluted EPS": 0.46,
        "Total Revenue": 11,
        "Gross Profit": 10,
        "Operating Income": 2,
        "EBIT": NaN,
        "Net Income": 2
    },
    "2016-06-30": {
        "Diluted EPS": 0.32,
        "Total Revenue": 10,
        "Gross Profit": 9,
        "Operating Income": 2,
        "EBIT": NaN,
        "Net Income": 1
    },
    "2016-03-31": {
        "Diluted EPS": 0.17,
        "Total Revenue": 9,
        "Gross Profit": 8,
        "Operating Income": 1,
        "EBIT": NaN,
        "Net Income": 1
    },
    "2015-12-31": {
        "Diluted EPS": 0.22,
        "Total Revenue": 8,
        "Gross Profit": 8,
        "Operating Income": 1,
        "EBIT": NaN,
        "Net Income": 1
    },
    "2015-09-30": {
        "Diluted EPS": 0.14,
        "Total Revenue": 8,
        "Gross Profit": 7,
        "Operating Income": 1,
        "EBIT": NaN,
        "Net Income": 1
    },
    "2015-06-30": {
        "Diluted EPS": 0.21,
        "Total Revenue": 8,
        "Gross Profit": 8,
        "Operating Income": 1,
        "EBIT": NaN,
        "Net Income": 1
    },
    "2015-03-31": {
        "Diluted EPS": 0.1,
        "Total Revenue": 8,
        "Gross Profit": 7,
        "Operating Income": 0,
        "EBIT": NaN,
        "Net Income": 0
    },
    "2014-12-31": {
        "Diluted EPS": 0.0,
        "Total Revenue": -6,
        "Gross Profit": -5,
        "Operating Income": 0,
        "EBIT": NaN,
        "Net Income": 0
    },
    "2014-09-30": {
        "Diluted EPS": 0.18,
        "Total Revenue": 7,
        "Gross Profit": 7,
        "Operating Income": 1,
        "EBIT": NaN,
        "Net Income": 1
    },
    "2014-06-30": {
        "Diluted EPS": 0.21,
        "Total Revenue": 7,
        "Gross Profit": 6,
        "Operating Income": 0,
        "EBIT": NaN,
        "Net Income": 1
    },
    "2014-03-31": {
        "Diluted EPS": 0.03,
        "Total Revenue": 6,
        "Gross Profit": 6,
        "Operating Income": 0,
        "EBIT": NaN,
        "Net Income": 0
    },
    "2013-12-31": {
        "Diluted EPS": 0.12,
        "Total Revenue": NaN,
        "Gross Profit": -1,
        "Operating Income": -3,
        "EBIT": NaN,
        "Net Income": 0
    },
    "2013-09-30": {
        "Diluted EPS": 0.17,
        "Total Revenue": 7,
        "Gross Profit": 7,
        "Operating Income": 1,
        "EBIT": NaN,
        "Net Income": 1
    },
    "2013-06-30": {
        "Diluted EPS": 0.0,
        "Total Revenue": NaN,
        "Gross Profit": NaN,
        "Operating Income": NaN,
        "EBIT": NaN,
        "Net Income": NaN
    },
    "2013-03-31": {
        "Diluted EPS": 0.23,
        "Total Revenue": 7,
        "Gross Profit": 7,
        "Operating Income": 1,
        "EBIT": NaN,
        "Net Income": 1
    },
    "2012-12-31": {
        "Diluted EPS": -0.01,
        "Total Revenue": NaN,
        "Gross Profit": -1,
        "Operating Income": -2,
        "EBIT": NaN,
        "Net Income": 0
    },
    "2012-09-30": {
        "Diluted EPS": 0.11,
        "Total Revenue": 5,
        "Gross Profit": 4,
        "Operating Income": 1,
        "EBIT": NaN,
        "Net Income": 0
    },
    "2012-06-30": {
        "Diluted EPS": 0.0,
        "Total Revenue": NaN,
        "Gross Profit": NaN,
        "Operating Income": NaN,
        "EBIT": NaN,
        "Net Income": NaN
    },
    "2012-03-31": {
        "Diluted EPS": 0.17,
        "Total Revenue": 5,
        "Gross Profit": 4,
        "Operating Income": 1,
        "EBIT": NaN,
        "Net Income": 1
    },
    "2011-12-31": {
        "Diluted EPS": 0.12,
        "Total Revenue": NaN,
        "Gross Profit": -1,
        "Operating Income": -3,
        "EBIT": NaN,
        "Net Income": 0
    },
    "2011-09-30": {
        "Diluted EPS": 0.11,
        "Total Revenue": 4,
        "Gross Profit": 3,
        "Operating Income": 1,
        "EBIT": NaN,
        "Net Income": 0
    },
    "2011-06-30": {
        "Diluted EPS": 0.0,
        "Total Revenue": NaN,
        "Gross Profit": NaN,
        "Operating Income": NaN,
        "EBIT": NaN,
        "Net Income": NaN
    },
    "2011-03-31": {
        "Diluted EPS": 0.1,
        "Total Revenue": 5,
        "Gross Profit": 4,
        "Operating Income": 1,
        "EBIT": NaN,
        "Net Income": 0
    },
    "2010-12-31": {
        "Diluted EPS": 0.17,
        "Total Revenue": NaN,
        "Gross Profit": -1,
        "Operating Income": -2,
        "EBIT": NaN,
        "Net Income": 1
    },
    "2010-09-30": {
        "Diluted EPS": 0.22,
        "Total Revenue": 5,
        "Gross Profit": 4,
        "Operating Income": 1,
        "EBIT": NaN,
        "Net Income": 1
    },
    "2010-06-30": {
        "Diluted EPS": 0.0,
        "Total Revenue": NaN,
        "Gross Profit": NaN,
        "Operating Income": NaN,
        "EBIT": NaN,
        "Net Income": NaN
    },
    "2010-03-31": {
        "Diluted EPS": 0.1,
        "Total Revenue": 4,
        "Gross Profit": 3,
        "Operating Income": 1,
        "EBIT": NaN,
        "Net Income": 0
    },
    "2009-12-31": {
        "Diluted EPS": 0.12,
        "Total Revenue": 5,
        "Gross Profit": 3,
        "Operating Income": 1,
        "EBIT": NaN,
        "Net Income": 1
    },
    "2009-09-30": {
        "Diluted EPS": 0.18,
        "Total Revenue": 5,
        "Gross Profit": 3,
        "Operating Income": 1,
        "EBIT": NaN,
        "Net Income": 1
    },
    "2009-06-30": {
        "Diluted EPS": 0.0,
        "Total Revenue": 5,
        "Gross Profit": 4,
        "Operating Income": 1,
        "EBIT": NaN,
        "Net Income": 1
    },
    "2009-03-31": {
        "Diluted EPS": 0.87,
        "Total Revenue": 5,
        "Gross Profit": 4,
        "Operating Income": 2,
        "EBIT": NaN,
        "Net Income": 1
    },
    "2023-09-30": {
        "Tax Effect Of Unusual Items": 0.0,
        "Tax Rate For Calcs": 0.166,
        "Total Unusual Items": 0.0,
        "Total Unusual Items Excluding Goodwill": 0.0,
        "Net Income From Continuing Operation Net Minority Interest": 2635000.0,
        "Reconciled Depreciation": 1954000.0,
        "Net Interest Income": 15375000.0,
        "Interest Expense": 8507000.0,
        "Interest Income": 23882000.0,
        "Normalized Income": 2635000.0,
        "Net Income From Continuing And Discontinued Operation": 2635000.0,
        "Diluted Average Shares": 7791966.0,
        "Basic Average Shares": 7784279.0,
        "Diluted EPS": 0.34,
        "Basic EPS": 0.34,
        "Diluted NI Availto Com Stockholders": 2635000.0,
        "Net Income Common Stockholders": 2635000.0,
        "Net Income": 2635000.0,
        "Net Income Including Noncontrolling Interests": 2635000.0,
        "Net Income Continuous Operations": 2635000.0,
        "Tax Provision": 524000.0,
        "Pretax Income": 3159000.0,
        "Special Income Charges": 0.0,
        "Other Special Charges": NaN,
        "Restructuring And Mergern Acquisition": 0.0,
        "Gain On Sale Of Security": 0.0,
        "Depreciation Amortization Depletion Income Statement": 386000.0,
        "Depreciation And Amortization In Income Statement": 386000.0,
        "Amortization": 386000.0,
        "Amortization Of Intangibles Income Statement": 386000.0,
        "Selling General And Administration": 11478000.0,
        "Selling And Marketing Expense": 340000.0,
        "General And Administrative Expense": 11138000.0,
        "Insurance And Claims": 301000.0,
        "Salaries And Wages": 10837000.0,
        "Total Revenue": 21105000.0,
        "Operating Revenue": 21105000.0,
        "Occupancy And Equipment": 1956000.0,
        "Professional Expense And Contract Services Expense": 408000.0,
        "Other Non Interest Expense": 3130000.0
    },
    "2023-12-31": {
        "Tax Effect Of Unusual Items": -17430.0,
        "Tax Rate For Calcs": 0.21,
        "Total Unusual Items": -83000.0,
        "Total Unusual Items Excluding Goodwill": -83000.0,
        "Net Income From Continuing Operation Net Minority Interest": 2164000.0,
        "Reconciled Depreciation": 1994000.0,
        "Net Interest Income": 14951000.0,
        "Interest Expense": 9343000.0,
        "Interest Income": 24294000.0,
        "Normalized Income": 2229570.0,
        "Net Income From Continuing And Discontinued Operation": 2164000.0,
        "Diluted Average Shares": 7815022.0,
        "Basic Average Shares": 7809274.0,
        "Diluted EPS": 0.28,
        "Basic EPS": 0.28,
        "Diluted NI Availto Com Stockholders": 2164000.0,
        "Net Income Common Stockholders": 2164000.0,
        "Net Income": 2164000.0,
        "Net Income Including Noncontrolling Interests": 2164000.0,
        "Net Income Continuous Operations": 2164000.0,
        "Tax Provision": -315000.0,
        "Pretax Income": 1849000.0,
        "Special Income Charges": -83000.0,
        "Other Special Charges": NaN,
        "Restructuring And Mergern Acquisition": 0.0,
        "Gain On Sale Of Security": 0.0,
        "Depreciation Amortization Depletion Income Statement": 386000.0,
        "Depreciation And Amortization In Income Statement": 386000.0,
        "Amortization": 386000.0,
        "Amortization Of Intangibles Income Statement": 386000.0,
        "Selling General And Administration": 12092000.0,
        "Selling And Marketing Expense": 445000.0,
        "General And Administrative Expense": 11647000.0,
        "Insurance And Claims": 288000.0,
        "Salaries And Wages": 11359000.0,
        "Total Revenue": 20632000.0,
        "Operating Revenue": 20632000.0,
        "Occupancy And Equipment": 1972000.0,
        "Professional Expense And Contract Services Expense": 438000.0,
        "Other Non Interest Expense": 3542000.0
    },
    "2024-03-31": {
        "Tax Effect Of Unusual Items": 0.0,
        "Tax Rate For Calcs": 0.163,
        "Total Unusual Items": NaN,
        "Total Unusual Items Excluding Goodwill": NaN,
        "Net Income From Continuing Operation Net Minority Interest": 1898000.0,
        "Reconciled Depreciation": 2155000.0,
        "Net Interest Income": 14967000.0,
        "Interest Expense": 9728000.0,
        "Interest Income": 24695000.0,
        "Normalized Income": 1898000.0,
        "Net Income From Continuing And Discontinued Operation": 1898000.0,
        "Diluted Average Shares": 7835304.0,
        "Basic Average Shares": 7824928.0,
        "Diluted EPS": 0.24,
        "Basic EPS": 0.24,
        "Diluted NI Availto Com Stockholders": 1898000.0,
        "Net Income Common Stockholders": 1898000.0,
        "Net Income": 1898000.0,
        "Net Income Including Noncontrolling Interests": 1898000.0,
        "Net Income Continuous Operations": 1898000.0,
        "Tax Provision": 370000.0,
        "Pretax Income": 2268000.0,
        "Special Income Charges": NaN,
        "Other Special Charges": NaN,
        "Restructuring And Mergern Acquisition": NaN,
        "Gain On Sale Of Security": 0.0,
        "Depreciation Amortization Depletion Income Statement": 369000.0,
        "Depreciation And Amortization In Income Statement": 369000.0,
        "Amortization": 369000.0,
        "Amortization Of Intangibles Income Statement": 369000.0,
        "Selling General And Administration": 10270000.0,
        "Selling And Marketing Expense": 253000.0,
        "General And Administrative Expense": 10017000.0,
        "Insurance And Claims": 299000.0,
        "Salaries And Wages": 9718000.0,
        "Total Revenue": 18768000.0,
        "Operating Revenue": 18768000.0,
        "Occupancy And Equipment": 2099000.0,
        "Professional Expense And Contract Services Expense": 484000.0,
        "Other Non Interest Expense": 3413000.0
    },
    "2024-06-30": {
        "Tax Effect Of Unusual Items": 0.0,
        "Tax Rate For Calcs": 0.203,
        "Total Unusual Items": NaN,
        "Total Unusual Items Excluding Goodwill": NaN,
        "Net Income From Continuing Operation Net Minority Interest": 1738000.0,
        "Reconciled Depreciation": 2258000.0,
        "Net Interest Income": 15368000.0,
        "Interest Expense": 10190000.0,
        "Interest Income": 25558000.0,
        "Normalized Income": 1738000.0,
        "Net Income From Continuing And Discontinued Operation": 1738000.0,
        "Diluted Average Shares": 7845272.0,
        "Basic Average Shares": 7830925.0,
        "Diluted EPS": 0.22,
        "Basic EPS": 0.22,
        "Diluted NI Availto Com Stockholders": 1738000.0,
        "Net Income Common Stockholders": 1738000.0,
        "Net Income": 1738000.0,
        "Net Income Including Noncontrolling Interests": 1738000.0,
        "Net Income Continuous Operations": 1738000.0,
        "Tax Provision": 444000.0,
        "Pretax Income": 2182000.0,
        "Special Income Charges": NaN,
        "Other Special Charges": NaN,
        "Restructuring And Mergern Acquisition": NaN,
        "Gain On Sale Of Security": 0.0,
        "Depreciation Amortization Depletion Income Statement": 348000.0,
        "Depreciation And Amortization In Income Statement": 348000.0,
        "Amortization": 348000.0,
        "Amortization Of Intangibles Income Statement": 348000.0,
        "Selling General And Administration": 10873000.0,
        "Selling And Marketing Expense": 316000.0,
        "General And Administrative Expense": 10557000.0,
        "Insurance And Claims": 284000.0,
        "Salaries And Wages": 10273000.0,
        "Total Revenue": 19489000.0,
        "Operating Revenue": 19489000.0,
        "Occupancy And Equipment": 2104000.0,
        "Professional Expense And Contract Services Expense": 423000.0,
        "Other Non Interest Expense": 3147000.0
    }
}