{
    "2023-03-31": {
        "Tax Effect Of Unusual Items": NaN,
        "Tax Rate For Calcs": NaN,
        "Normalized EBITDA": NaN,
        "Net Income From Continuing Operation Net Minority Interest": NaN,
        "Reconciled Depreciation": NaN,
        "Reconciled Cost Of Revenue": NaN,
        "EBITDA": NaN,
        "EBIT": NaN,
        "Net Interest Income": NaN,
        "Interest Expense": NaN,
        "Normalized Income": NaN,
        "Net Income From Continuing And Discontinued Operation": NaN,
        "Total Expenses": NaN,
        "Total Operating Income As Reported": NaN,
        "Diluted Average Shares": 24942000.0,
        "Basic Average Shares": 23548000.0,
        "Diluted EPS": 0.75,
        "Basic EPS": 0.79,
        "Diluted NI Availto Com Stockholders": NaN,
        "Net Income Common Stockholders": NaN,
        "Net Income": NaN,
        "Net Income Including Noncontrolling Interests": NaN,
        "Net Income Continuous Operations": NaN,
        "Tax Provision": NaN,
        "Pretax Income": NaN,
        "Other Income Expense": NaN,
        "Other Non Operating Income Expenses": NaN,
        "Net Non Operating Interest Income Expense": NaN,
        "Total Other Finance Cost": 4244000.0,
        "Interest Expense Non Operating": NaN,
        "Operating Income": NaN,
        "Operating Expense": NaN,
        "Other Operating Expenses": NaN,
        "Depreciation Amortization Depletion Income Statement": NaN,
        "Depreciation And Amortization In Income Statement": NaN,
        "Selling General And Administration": NaN,
        "General And Administrative Expense": NaN,
        "Other Gand A": NaN,
        "Gross Profit": NaN,
        "Cost Of Revenue": NaN,
        "Total Revenue": NaN,
        "Operating Revenue": NaN
    },
    "2022-12-31": {
        "Tax Effect Of Unusual Items": NaN,
        "Tax Rate For Calcs": NaN,
        "Normalized EBITDA": NaN,
        "Total Unusual Items": 0.0,
        "Total Unusual Items Excluding Goodwill": 0.0,
        "Net Income From Continuing Operation Net Minority Interest": NaN,
        "Reconciled Depreciation": NaN,
        "Reconciled Cost Of Revenue": NaN,
        "EBITDA": NaN,
        "EBIT": NaN,
        "Net Interest Income": NaN,
        "Interest Expense": NaN,
        "Normalized Income": NaN,
        "Net Income From Continuing And Discontinued Operation": NaN,
        "Total Expenses": NaN,
        "Total Operating Income As Reported": NaN,
        "Diluted Average Shares": NaN,
        "Basic Average Shares": NaN,
        "Diluted EPS": NaN,
        "Basic EPS": NaN,
        "Diluted NI Availto Com Stockholders": NaN,
        "Net Income Common Stockholders": NaN,
        "Net Income": NaN,
        "Minority Interests": 0.0,
        "Net Income Including Noncontrolling Interests": NaN,
        "Net Income Continuous Operations": NaN,
        "Tax Provision": NaN,
        "Pretax Income": NaN,
        "Other Income Expense": NaN,
        "Other Non Operating Income Expenses": NaN,
        "Special Income Charges": 0.0,
        "Net Non Operating Interest Income Expense": NaN,
        "Total Other Finance Cost": NaN,
        "Interest Expense Non Operating": NaN,
        "Operating Income": NaN,
        "Operating Expense": NaN,
        "Other Operating Expenses": NaN,
        "Depreciation Amortization Depletion Income Statement": NaN,
        "Depreciation And Amortization In Income Statement": NaN,
        "Selling General And Administration": NaN,
        "General And Administrative Expense": NaN,
        "Other Gand A": NaN,
        "Gross Profit": NaN,
        "Cost Of Revenue": NaN,
        "Total Revenue": NaN,
        "Operating Revenue": NaN
    },
    "2022-09-30": {
        "Tax Effect Of Unusual Items": NaN,
        "Tax Rate For Calcs": NaN,
        "Normalized EBITDA": NaN,
        "Total Unusual Items": 0.0,
        "Total Unusual Items Excluding Goodwill": 0.0,
        "Net Income From Continuing Operation Net Minority Interest": NaN,
        "Reconciled Depreciation": NaN,
        "Reconciled Cost Of Revenue": NaN,
        "EBITDA": NaN,
        "EBIT": NaN,
        "Net Interest Income": NaN,
        "Interest Expense": NaN,
        "Normalized Income": NaN,
        "Net Income From Continuing And Discontinued Operation": NaN,
        "Total Expenses": NaN,
        "Total Operating Income As Reported": NaN,
        "Diluted Average Shares": NaN,
        "Basic Average Shares": NaN,
        "Diluted EPS": NaN,
        "Basic EPS": NaN,
        "Diluted NI Availto Com Stockholders": NaN,
        "Net Income Common Stockholders": NaN,
        "Net Income": NaN,
        "Minority Interests": 0.0,
        "Net Income Including Noncontrolling Interests": NaN,
        "Net Income Continuous Operations": NaN,
        "Tax Provision": NaN,
        "Pretax Income": NaN,
        "Other Income Expense": NaN,
        "Other Non Operating Income Expenses": NaN,
        "Special Income Charges": 0.0,
        "Net Non Operating Interest Income Expense": NaN,
        "Total Other Finance Cost": NaN,
        "Interest Expense Non Operating": NaN,
        "Operating Income": NaN,
        "Operating Expense": NaN,
        "Other Operating Expenses": NaN,
        "Depreciation Amortization Depletion Income Statement": NaN,
        "Depreciation And Amortization In Income Statement": NaN,
        "Selling General And Administration": NaN,
        "General And Administrative Expense": NaN,
        "Other Gand A": NaN,
        "Gross Profit": NaN,
        "Cost Of Revenue": NaN,
        "Total Revenue": NaN,
        "Operating Revenue": NaN
    },
    "2022-06-30": {
        "Tax Effect Of Unusual Items": 0.0,
        "Tax Rate For Calcs": 0.278,
        "Normalized EBITDA": 128771000.0,
        "Total Unusual Items": 0.0,
        "Total Unusual Items Excluding Goodwill": 0.0,
        "Net Income From Continuing Operation Net Minority Interest": 60439000.0,
        "Reconciled Depreciation": 11646000.0,
        "Reconciled Cost Of Revenue": 163951000.0,
        "EBITDA": 128771000.0,
        "EBIT": 117125000.0,
        "Net Interest Income": -37054000.0,
        "Interest Expense": 33436000.0,
        "Normalized Income": 60439000.0,
        "Net Income From Continuing And Discontinued Operation": 60439000.0,
        "Total Expenses": 237969000.0,
        "Total Operating Income As Reported": 118948000.0,
        "Diluted Average Shares": 26411000.0,
        "Basic Average Shares": 24359000.0,
        "Diluted EPS": 2.29,
        "Basic EPS": 2.48,
        "Diluted NI Availto Com Stockholders": 60439000.0,
        "Net Income Common Stockholders": 60439000.0,
        "Net Income": 60439000.0,
        "Minority Interests": 0.0,
        "Net Income Including Noncontrolling Interests": 60439000.0,
        "Net Income Continuous Operations": 60439000.0,
        "Tax Provision": 23250000.0,
        "Pretax Income": 83689000.0,
        "Other Income Expense": 1795000.0,
        "Other Non Operating Income Expenses": 1795000.0,
        "Special Income Charges": 0.0,
        "Net Non Operating Interest Income Expense": -37054000.0,
        "Total Other Finance Cost": 3618000.0,
        "Interest Expense Non Operating": 33436000.0,
        "Operating Income": 118948000.0,
        "Operating Expense": 74018000.0,
        "Other Operating Expenses": 27405000.0,
        "Depreciation Amortization Depletion Income Statement": 11646000.0,
        "Depreciation And Amortization In Income Statement": 11646000.0,
        "Selling General And Administration": 34967000.0,
        "General And Administrative Expense": 34967000.0,
        "Other Gand A": 34967000.0,
        "Gross Profit": 192966000.0,
        "Cost Of Revenue": 163951000.0,
        "Total Revenue": 356917000.0,
        "Operating Revenue": 330070000.0
    },
    "2023-06-30": {
        "Tax Effect Of Unusual Items": NaN,
        "Tax Rate For Calcs": NaN,
        "Normalized EBITDA": NaN,
        "Net Income From Continuing Operation Net Minority Interest": NaN,
        "Reconciled Depreciation": NaN,
        "Reconciled Cost Of Revenue": NaN,
        "EBITDA": NaN,
        "EBIT": NaN,
        "Net Interest Income": NaN,
        "Interest Expense": NaN,
        "Normalized Income": NaN,
        "Net Income From Continuing And Discontinued Operation": NaN,
        "Total Expenses": NaN,
        "Total Operating Income As Reported": NaN,
        "Diluted Average Shares": 24280000.0,
        "Basic Average Shares": 23670000.0,
        "Diluted EPS": 1.08,
        "Basic EPS": 1.11,
        "Diluted NI Availto Com Stockholders": NaN,
        "Net Income Common Stockholders": NaN,
        "Net Income": NaN,
        "Net Income Including Noncontrolling Interests": NaN,
        "Net Income Continuous Operations": NaN,
        "Tax Provision": NaN,
        "Pretax Income": NaN,
        "Other Income Expense": NaN,
        "Other Non Operating Income Expenses": NaN,
        "Net Non Operating Interest Income Expense": NaN,
        "Total Other Finance Cost": 3706000.0,
        "Interest Expense Non Operating": NaN,
        "Operating Income": NaN,
        "Operating Expense": NaN,
        "Other Operating Expenses": NaN,
        "Depreciation Amortization Depletion Income Statement": NaN,
        "Depreciation And Amortization In Income Statement": NaN,
        "Selling General And Administration": NaN,
        "General And Administrative Expense": NaN,
        "Other Gand A": NaN,
        "Gross Profit": NaN,
        "Cost Of Revenue": NaN,
        "Total Revenue": NaN,
        "Operating Revenue": NaN
    },
    "2022-03-31": {
        "Diluted EPS": 6.4,
        "Total Revenue": 500,
        "Gross Profit": 500,
        "Operating Income": 231,
        "EBIT": NaN,
        "Net Income": 176
    },
    "2021-12-31": {
        "Diluted EPS": 2.56,
        "Total Revenue": 357,
        "Gross Profit": 357,
        "Operating Income": 85,
        "EBIT": NaN,
        "Net Income": 76
    },
    "2021-09-30": {
        "Diluted EPS": 2.66,
        "Total Revenue": 413,
        "Gross Profit": 413,
        "Operating Income": 108,
        "EBIT": NaN,
        "Net Income": 84
    },
    "2021-06-30": {
        "Diluted EPS": 3.07,
        "Total Revenue": 428,
        "Gross Profit": 428,
        "Operating Income": 121,
        "EBIT": NaN,
        "Net Income": 97
    },
    "2021-03-31": {
        "Diluted EPS": 2.97,
        "Total Revenue": 417,
        "Gross Profit": 417,
        "Operating Income": 122,
        "EBIT": NaN,
        "Net Income": 95
    },
    "2020-12-31": {
        "Diluted EPS": 1.16,
        "Total Revenue": 383,
        "Gross Profit": 383,
        "Operating Income": 48,
        "EBIT": NaN,
        "Net Income": 37
    },
    "2020-09-30": {
        "Diluted EPS": 1.72,
        "Total Revenue": 404,
        "Gross Profit": 404,
        "Operating Income": 75,
        "EBIT": NaN,
        "Net Income": 55
    },
    "2020-06-30": {
        "Diluted EPS": 4.13,
        "Total Revenue": 426,
        "Gross Profit": 426,
        "Operating Income": 166,
        "EBIT": NaN,
        "Net Income": 130
    },
    "2020-03-31": {
        "Diluted EPS": -0.33,
        "Total Revenue": 289,
        "Gross Profit": 289,
        "Operating Income": -6,
        "EBIT": NaN,
        "Net Income": -10
    },
    "2019-12-31": {
        "Diluted EPS": 1.36,
        "Total Revenue": 348,
        "Gross Profit": 348,
        "Operating Income": 57,
        "EBIT": NaN,
        "Net Income": 43
    },
    "2019-09-30": {
        "Diluted EPS": 1.23,
        "Total Revenue": 356,
        "Gross Profit": 356,
        "Operating Income": 42,
        "EBIT": NaN,
        "Net Income": 39
    },
    "2019-06-30": {
        "Diluted EPS": 1.17,
        "Total Revenue": 347,
        "Gross Profit": 347,
        "Operating Income": 49,
        "EBIT": NaN,
        "Net Income": 37
    },
    "2019-03-31": {
        "Diluted EPS": 1.57,
        "Total Revenue": 347,
        "Gross Profit": 347,
        "Operating Income": 53,
        "EBIT": NaN,
        "Net Income": 49
    },
    "2018-12-31": {
        "Diluted EPS": 1.54,
        "Total Revenue": 349,
        "Gross Profit": 349,
        "Operating Income": 55,
        "EBIT": NaN,
        "Net Income": 47
    },
    "2018-09-30": {
        "Diluted EPS": 0.69,
        "Total Revenue": 337,
        "Gross Profit": 337,
        "Operating Income": 30,
        "EBIT": NaN,
        "Net Income": 21
    },
    "2018-06-30": {
        "Diluted EPS": 1.0,
        "Total Revenue": 350,
        "Gross Profit": 350,
        "Operating Income": 38,
        "EBIT": NaN,
        "Net Income": 26
    },
    "2018-03-31": {
        "Diluted EPS": 0.83,
        "Total Revenue": 327,
        "Gross Profit": 327,
        "Operating Income": 33,
        "EBIT": NaN,
        "Net Income": 22
    },
    "2017-12-31": {
        "Diluted EPS": 0.48,
        "Total Revenue": 317,
        "Gross Profit": 317,
        "Operating Income": 11,
        "EBIT": NaN,
        "Net Income": 13
    },
    "2017-09-30": {
        "Diluted EPS": 1.05,
        "Total Revenue": 307,
        "Gross Profit": 307,
        "Operating Income": 60,
        "EBIT": NaN,
        "Net Income": 28
    },
    "2017-06-30": {
        "Diluted EPS": 0.77,
        "Total Revenue": 291,
        "Gross Profit": 291,
        "Operating Income": 33,
        "EBIT": NaN,
        "Net Income": 20
    },
    "2017-03-31": {
        "Diluted EPS": 0.85,
        "Total Revenue": 272,
        "Gross Profit": 272,
        "Operating Income": 27,
        "EBIT": NaN,
        "Net Income": 22
    },
    "2016-12-31": {
        "Diluted EPS": 0.89,
        "Total Revenue": 271,
        "Gross Profit": 271,
        "Operating Income": 39,
        "EBIT": NaN,
        "Net Income": 23
    },
    "2016-09-30": {
        "Diluted EPS": -0.06,
        "Total Revenue": 179,
        "Gross Profit": 179,
        "Operating Income": -66,
        "EBIT": NaN,
        "Net Income": -2
    },
    "2016-06-30": {
        "Diluted EPS": 1.14,
        "Total Revenue": 289,
        "Gross Profit": 289,
        "Operating Income": 44,
        "EBIT": NaN,
        "Net Income": 30
    },
    "2016-03-31": {
        "Diluted EPS": 0.99,
        "Total Revenue": 289,
        "Gross Profit": 289,
        "Operating Income": 40,
        "EBIT": NaN,
        "Net Income": 26
    },
    "2015-12-31": {
        "Diluted EPS": 0.01,
        "Total Revenue": 291,
        "Gross Profit": 291,
        "Operating Income": 35,
        "EBIT": NaN,
        "Net Income": -1
    },
    "2015-09-30": {
        "Diluted EPS": -0.43,
        "Total Revenue": 279,
        "Gross Profit": 279,
        "Operating Income": -18,
        "EBIT": NaN,
        "Net Income": -11
    },
    "2015-06-30": {
        "Diluted EPS": 1.03,
        "Total Revenue": 283,
        "Gross Profit": 283,
        "Operating Income": 38,
        "EBIT": NaN,
        "Net Income": 28
    },
    "2015-03-31": {
        "Diluted EPS": 1.08,
        "Total Revenue": 278,
        "Gross Profit": 278,
        "Operating Income": 43,
        "EBIT": NaN,
        "Net Income": 29
    },
    "2014-12-31": {
        "Diluted EPS": 0.98,
        "Total Revenue": 247,
        "Gross Profit": 247,
        "Operating Income": 35,
        "EBIT": NaN,
        "Net Income": 27
    },
    "2014-09-30": {
        "Diluted EPS": 1.11,
        "Total Revenue": 273,
        "Gross Profit": 273,
        "Operating Income": 40,
        "EBIT": NaN,
        "Net Income": 30
    },
    "2014-06-30": {
        "Diluted EPS": 0.86,
        "Total Revenue": 269,
        "Gross Profit": 269,
        "Operating Income": 35,
        "EBIT": NaN,
        "Net Income": 24
    },
    "2014-03-31": {
        "Diluted EPS": 0.82,
        "Total Revenue": 254,
        "Gross Profit": 254,
        "Operating Income": 31,
        "EBIT": NaN,
        "Net Income": 23
    },
    "2013-12-31": {
        "Diluted EPS": 0.82,
        "Total Revenue": 237,
        "Gross Profit": 237,
        "Operating Income": 39,
        "EBIT": NaN,
        "Net Income": 23
    },
    "2013-09-30": {
        "Diluted EPS": 0.81,
        "Total Revenue": 236,
        "Gross Profit": 236,
        "Operating Income": 32,
        "EBIT": NaN,
        "Net Income": 22
    },
    "2013-06-30": {
        "Diluted EPS": 0.44,
        "Total Revenue": 156,
        "Gross Profit": 156,
        "Operating Income": 18,
        "EBIT": NaN,
        "Net Income": 11
    },
    "2013-03-31": {
        "Diluted EPS": 0.8,
        "Total Revenue": 145,
        "Gross Profit": 145,
        "Operating Income": 32,
        "EBIT": NaN,
        "Net Income": 19
    },
    "2012-12-31": {
        "Diluted EPS": 0.79,
        "Total Revenue": 143,
        "Gross Profit": 143,
        "Operating Income": 33,
        "EBIT": NaN,
        "Net Income": 20
    },
    "2012-09-30": {
        "Diluted EPS": 0.82,
        "Total Revenue": 145,
        "Gross Profit": 145,
        "Operating Income": 35,
        "EBIT": NaN,
        "Net Income": 21
    },
    "2012-06-30": {
        "Diluted EPS": 0.64,
        "Total Revenue": 142,
        "Gross Profit": 141,
        "Operating Income": 32,
        "EBIT": NaN,
        "Net Income": 17
    },
    "2012-03-31": {
        "Diluted EPS": 0.44,
        "Total Revenue": 126,
        "Gross Profit": 126,
        "Operating Income": 30,
        "EBIT": NaN,
        "Net Income": 11
    },
    "2011-12-31": {
        "Diluted EPS": 0.65,
        "Total Revenue": 112,
        "Gross Profit": 112,
        "Operating Income": 21,
        "EBIT": NaN,
        "Net Income": 17
    },
    "2011-09-30": {
        "Diluted EPS": 0.6,
        "Total Revenue": 116,
        "Gross Profit": 116,
        "Operating Income": 25,
        "EBIT": NaN,
        "Net Income": 15
    },
    "2011-06-30": {
        "Diluted EPS": 0.58,
        "Total Revenue": 111,
        "Gross Profit": 111,
        "Operating Income": 24,
        "EBIT": NaN,
        "Net Income": 15
    },
    "2011-03-31": {
        "Diluted EPS": 0.54,
        "Total Revenue": 110,
        "Gross Profit": 105,
        "Operating Income": 22,
        "EBIT": NaN,
        "Net Income": 14
    },
    "2010-12-31": {
        "Diluted EPS": 0.55,
        "Total Revenue": 83,
        "Gross Profit": 83,
        "Operating Income": 6,
        "EBIT": NaN,
        "Net Income": 14
    },
    "2010-09-30": {
        "Diluted EPS": 0.49,
        "Total Revenue": 98,
        "Gross Profit": 93,
        "Operating Income": 19,
        "EBIT": NaN,
        "Net Income": 12
    },
    "2010-06-30": {
        "Diluted EPS": 0.47,
        "Total Revenue": 96,
        "Gross Profit": 91,
        "Operating Income": 18,
        "EBIT": NaN,
        "Net Income": 12
    },
    "2010-03-31": {
        "Diluted EPS": 0.44,
        "Total Revenue": 87,
        "Gross Profit": 83,
        "Operating Income": 17,
        "EBIT": NaN,
        "Net Income": 11
    },
    "2009-12-31": {
        "Diluted EPS": 0.34,
        "Total Revenue": 82,
        "Gross Profit": 78,
        "Operating Income": 13,
        "EBIT": NaN,
        "Net Income": 8
    },
    "2009-09-30": {
        "Diluted EPS": 0.37,
        "Total Revenue": 80,
        "Gross Profit": 76,
        "Operating Income": 15,
        "EBIT": NaN,
        "Net Income": 9
    },
    "2009-06-30": {
        "Diluted EPS": 0.28,
        "Total Revenue": 78,
        "Gross Profit": 74,
        "Operating Income": 11,
        "EBIT": NaN,
        "Net Income": 7
    },
    "2009-03-31": {
        "Diluted EPS": 0.38,
        "Total Revenue": 76,
        "Gross Profit": 72,
        "Operating Income": 15,
        "EBIT": NaN,
        "Net Income": 9
    },
    "2023-09-30": {
        "Tax Effect Of Unusual Items": 0.0,
        "Tax Rate For Calcs": 0.357,
        "Normalized EBITDA": 88314000.0,
        "Net Income From Continuing Operation Net Minority Interest": 19339000.0,
        "Reconciled Depreciation": 11196000.0,
        "Reconciled Cost Of Revenue": 159387000.0,
        "EBITDA": 88314000.0,
        "EBIT": 77118000.0,
        "Net Interest Income": -50558000.0,
        "Interest Expense": 47055000.0,
        "Normalized Income": 19339000.0,
        "Net Income From Continuing And Discontinued Operation": 19339000.0,
        "Total Expenses": 234101000.0,
        "Total Operating Income As Reported": 75518000.0,
        "Diluted Average Shares": 24382000.0,
        "Basic Average Shares": 23712000.0,
        "Diluted EPS": 0.79,
        "Basic EPS": 0.82,
        "Diluted NI Availto Com Stockholders": 19339000.0,
        "Net Income Common Stockholders": 19339000.0,
        "Net Income": 19339000.0,
        "Net Income Including Noncontrolling Interests": 19339000.0,
        "Net Income Continuous Operations": 19339000.0,
        "Tax Provision": 10724000.0,
        "Pretax Income": 30063000.0,
        "Other Income Expense": 5103000.0,
        "Other Non Operating Income Expenses": 5103000.0,
        "Net Non Operating Interest Income Expense": -50558000.0,
        "Total Other Finance Cost": 3503000.0,
        "Interest Expense Non Operating": 47055000.0,
        "Operating Income": 75518000.0,
        "Operating Expense": 74714000.0,
        "Other Operating Expenses": 27959000.0,
        "Depreciation Amortization Depletion Income Statement": 11196000.0,
        "Depreciation And Amortization In Income Statement": 11196000.0,
        "Selling General And Administration": 35559000.0,
        "General And Administrative Expense": 35559000.0,
        "Other Gand A": 35559000.0,
        "Gross Profit": 150232000.0,
        "Cost Of Revenue": 159387000.0,
        "Total Revenue": 309619000.0,
        "Operating Revenue": 322580000.0
    },
    "2023-12-31": {
        "Tax Effect Of Unusual Items": 0.0,
        "Tax Rate For Calcs": 0.003438,
        "Normalized EBITDA": -208226000.0,
        "Net Income From Continuing Operation Net Minority Interest": -270762000.0,
        "Reconciled Depreciation": 8969000.0,
        "Reconciled Cost Of Revenue": 162561000.0,
        "EBITDA": -208226000.0,
        "EBIT": -217195000.0,
        "Net Interest Income": -54501000.0,
        "Interest Expense": 54501000.0,
        "Normalized Income": -270762000.0,
        "Net Income From Continuing And Discontinued Operation": -270762000.0,
        "Total Expenses": 237654000.0,
        "Total Operating Income As Reported": -217193000.0,
        "Diluted Average Shares": NaN,
        "Basic Average Shares": NaN,
        "Diluted EPS": NaN,
        "Basic EPS": NaN,
        "Diluted NI Availto Com Stockholders": -270762000.0,
        "Net Income Common Stockholders": -270762000.0,
        "Net Income": -270762000.0,
        "Net Income Including Noncontrolling Interests": -270762000.0,
        "Net Income Continuous Operations": -270762000.0,
        "Tax Provision": -934000.0,
        "Pretax Income": -271696000.0,
        "Other Income Expense": -256928000.0,
        "Other Non Operating Income Expenses": -2000.0,
        "Net Non Operating Interest Income Expense": -54501000.0,
        "Total Other Finance Cost": 4217000.0,
        "Interest Expense Non Operating": 54501000.0,
        "Operating Income": 39733000.0,
        "Operating Expense": 75093000.0,
        "Other Operating Expenses": 29315000.0,
        "Depreciation Amortization Depletion Income Statement": 8969000.0,
        "Depreciation And Amortization In Income Statement": 8969000.0,
        "Selling General And Administration": 36809000.0,
        "General And Administrative Expense": 36809000.0,
        "Other Gand A": 36809000.0,
        "Gross Profit": 114826000.0,
        "Cost Of Revenue": 162561000.0,
        "Total Revenue": 277387000.0,
        "Operating Revenue": 324542000.0
    },
    "2024-03-31": {
        "Tax Effect Of Unusual Items": 0.0,
        "Tax Rate For Calcs": 0.238,
        "Normalized EBITDA": 94105000.0,
        "Net Income From Continuing Operation Net Minority Interest": 23239000.0,
        "Reconciled Depreciation": 7848000.0,
        "Reconciled Cost Of Revenue": 170339000.0,
        "EBITDA": 94105000.0,
        "EBIT": 86257000.0,
        "Net Interest Income": -55765000.0,
        "Interest Expense": 55765000.0,
        "Normalized Income": 23239000.0,
        "Net Income From Continuing And Discontinued Operation": 23239000.0,
        "Total Expenses": 244795000.0,
        "Total Operating Income As Reported": 83591000.0,
        "Diluted Average Shares": 24468000.0,
        "Basic Average Shares": 23784000.0,
        "Diluted EPS": 0.79,
        "Basic EPS": 0.98,
        "Diluted NI Availto Com Stockholders": 23239000.0,
        "Net Income Common Stockholders": 23239000.0,
        "Net Income": 23239000.0,
        "Net Income Including Noncontrolling Interests": 23239000.0,
        "Net Income Continuous Operations": 23239000.0,
        "Tax Provision": 7253000.0,
        "Pretax Income": 30492000.0,
        "Other Income Expense": 2666000.0,
        "Other Non Operating Income Expenses": 2666000.0,
        "Net Non Operating Interest Income Expense": -55765000.0,
        "Total Other Finance Cost": 3300000.0,
        "Interest Expense Non Operating": 55765000.0,
        "Operating Income": 83591000.0,
        "Operating Expense": 74456000.0,
        "Other Operating Expenses": 30367000.0,
        "Depreciation Amortization Depletion Income Statement": 7848000.0,
        "Depreciation And Amortization In Income Statement": 7848000.0,
        "Selling General And Administration": 36241000.0,
        "General And Administrative Expense": 36241000.0,
        "Other Gand A": 36241000.0,
        "Gross Profit": 158047000.0,
        "Cost Of Revenue": 170339000.0,
        "Total Revenue": 328386000.0,
        "Operating Revenue": 336231000.0
    },
    "2024-06-30": {
        "Tax Effect Of Unusual Items": 0.0,
        "Tax Rate For Calcs": 0.243,
        "Normalized EBITDA": 111347000.0,
        "Net Income From Continuing Operation Net Minority Interest": 32181000.0,
        "Reconciled Depreciation": 7461000.0,
        "Reconciled Cost Of Revenue": 178361000.0,
        "EBITDA": 111347000.0,
        "EBIT": 103886000.0,
        "Net Interest Income": -61376000.0,
        "Interest Expense": 61376000.0,
        "Normalized Income": 32181000.0,
        "Net Income From Continuing And Discontinued Operation": 32181000.0,
        "Total Expenses": 253446000.0,
        "Total Operating Income As Reported": 101839000.0,
        "Diluted Average Shares": 24097000.0,
        "Basic Average Shares": 23883000.0,
        "Diluted EPS": 1.34,
        "Basic EPS": 1.35,
        "Diluted NI Availto Com Stockholders": 32181000.0,
        "Net Income Common Stockholders": 32181000.0,
        "Net Income": 32181000.0,
        "Net Income Including Noncontrolling Interests": 32181000.0,
        "Net Income Continuous Operations": 32181000.0,
        "Tax Provision": 10329000.0,
        "Pretax Income": 42510000.0,
        "Other Income Expense": 2047000.0,
        "Other Non Operating Income Expenses": 2047000.0,
        "Net Non Operating Interest Income Expense": -61376000.0,
        "Total Other Finance Cost": NaN,
        "Interest Expense Non Operating": 61376000.0,
        "Operating Income": 101839000.0,
        "Operating Expense": 75085000.0,
        "Other Operating Expenses": 30845000.0,
        "Depreciation Amortization Depletion Income Statement": 7461000.0,
        "Depreciation And Amortization In Income Statement": 7461000.0,
        "Selling General And Administration": 36779000.0,
        "General And Administrative Expense": 36779000.0,
        "Other Gand A": 36779000.0,
        "Gross Profit": 176924000.0,
        "Cost Of Revenue": 178361000.0,
        "Total Revenue": 355285000.0,
        "Operating Revenue": 343037000.0
    },
    "2024-09-30": {
        "Tax Effect Of Unusual Items": 0.0,
        "Tax Rate For Calcs": 0.248,
        "Normalized EBITDA": 111835000.0,
        "Net Income From Continuing Operation Net Minority Interest": 30643000.0,
        "Reconciled Depreciation": 8158000.0,
        "Reconciled Cost Of Revenue": 182211000.0,
        "EBITDA": 111835000.0,
        "EBIT": 103677000.0,
        "Net Interest Income": -66906000.0,
        "Interest Expense": 62915000.0,
        "Normalized Income": 30643000.0,
        "Net Income From Continuing And Discontinued Operation": 30643000.0,
        "Total Expenses": 260981000.0,
        "Total Operating Income As Reported": 106090000.0,
        "Diluted Average Shares": 24407000.0,
        "Basic Average Shares": 23912000.0,
        "Diluted EPS": 1.26,
        "Basic EPS": 1.28,
        "Diluted NI Availto Com Stockholders": 30643000.0,
        "Net Income Common Stockholders": 30643000.0,
        "Net Income": 30643000.0,
        "Net Income Including Noncontrolling Interests": 30643000.0,
        "Net Income Continuous Operations": 30643000.0,
        "Tax Provision": 10119000.0,
        "Pretax Income": 40762000.0,
        "Other Income Expense": 1578000.0,
        "Other Non Operating Income Expenses": 1578000.0,
        "Net Non Operating Interest Income Expense": -66906000.0,
        "Total Other Finance Cost": 3991000.0,
        "Interest Expense Non Operating": 62915000.0,
        "Operating Income": 106090000.0,
        "Operating Expense": 78770000.0,
        "Other Operating Expenses": 31804000.0,
        "Depreciation Amortization Depletion Income Statement": 8158000.0,
        "Depreciation And Amortization In Income Statement": 8158000.0,
        "Selling General And Administration": 38808000.0,
        "General And Administrative Expense": 38808000.0,
        "Other Gand A": 38808000.0,
        "Gross Profit": 184860000.0,
        "Cost Of Revenue": 182211000.0,
        "Total Revenue": 367071000.0,
        "Operating Revenue": 350891000.0
    }
}