{
    "2023-03-31": {
        "Tax Effect Of Unusual Items": NaN,
        "Tax Rate For Calcs": NaN,
        "Normalized EBITDA": NaN,
        "Total Unusual Items": 17131000000.0,
        "Total Unusual Items Excluding Goodwill": 17131000000.0,
        "Net Income From Continuing Operation Net Minority Interest": NaN,
        "Reconciled Depreciation": NaN,
        "Reconciled Cost Of Revenue": NaN,
        "EBITDA": NaN,
        "EBIT": NaN,
        "Net Interest Income": NaN,
        "Interest Expense": NaN,
        "Interest Income": NaN,
        "Normalized Income": NaN,
        "Net Income From Continuing And Discontinued Operation": NaN,
        "Total Expenses": NaN,
        "Rent Expense Supplemental": 1153000000.0,
        "Total Operating Income As Reported": NaN,
        "Diluted Average Shares": NaN,
        "Basic Average Shares": NaN,
        "Diluted EPS": NaN,
        "Basic EPS": NaN,
        "Diluted NI Availto Com Stockholders": NaN,
        "Net Income Common Stockholders": NaN,
        "Net Income": NaN,
        "Net Income Including Noncontrolling Interests": NaN,
        "Net Income Continuous Operations": NaN,
        "Tax Provision": NaN,
        "Pretax Income": NaN,
        "Other Income Expense": NaN,
        "Other Non Operating Income Expenses": NaN,
        "Special Income Charges": -162000000.0,
        "Gain On Sale Of Ppe": -63000000.0,
        "Other Special Charges": 1374000000.0,
        "Restructuring And Mergern Acquisition": 99000000.0,
        "Earnings From Equity Interest": NaN,
        "Gain On Sale Of Security": 17293000000.0,
        "Net Non Operating Interest Income Expense": NaN,
        "Total Other Finance Cost": NaN,
        "Interest Expense Non Operating": NaN,
        "Interest Income Non Operating": NaN,
        "Operating Income": NaN,
        "Operating Expense": NaN,
        "Other Operating Expenses": NaN,
        "Other Taxes": 6045000000.0,
        "Provision For Doubtful Accounts": 2789000000.0,
        "Depreciation Amortization Depletion Income Statement": 5975000000.0,
        "Depreciation And Amortization In Income Statement": 5975000000.0,
        "Depreciation Income Statement": 5975000000.0,
        "Selling General And Administration": NaN,
        "Selling And Marketing Expense": NaN,
        "General And Administrative Expense": NaN,
        "Other Gand A": NaN,
        "Rent And Landing Fees": 1153000000.0,
        "Salaries And Wages": 12064000000.0,
        "Gross Profit": NaN,
        "Cost Of Revenue": NaN,
        "Total Revenue": NaN,
        "Operating Revenue": NaN
    },
    "2022-12-31": {
        "Tax Effect Of Unusual Items": NaN,
        "Tax Rate For Calcs": NaN,
        "Normalized EBITDA": NaN,
        "Total Unusual Items": NaN,
        "Total Unusual Items Excluding Goodwill": NaN,
        "Net Income From Continuing Operation Net Minority Interest": NaN,
        "Reconciled Depreciation": NaN,
        "Reconciled Cost Of Revenue": NaN,
        "EBITDA": NaN,
        "EBIT": NaN,
        "Net Interest Income": NaN,
        "Interest Expense": NaN,
        "Interest Income": NaN,
        "Normalized Income": NaN,
        "Net Income From Continuing And Discontinued Operation": NaN,
        "Total Expenses": NaN,
        "Rent Expense Supplemental": 426000000.0,
        "Total Operating Income As Reported": NaN,
        "Diluted Average Shares": NaN,
        "Basic Average Shares": NaN,
        "Diluted EPS": NaN,
        "Basic EPS": NaN,
        "Diluted NI Availto Com Stockholders": NaN,
        "Net Income Common Stockholders": NaN,
        "Net Income": NaN,
        "Net Income Including Noncontrolling Interests": NaN,
        "Net Income Continuous Operations": NaN,
        "Tax Provision": NaN,
        "Pretax Income": NaN,
        "Other Income Expense": NaN,
        "Other Non Operating Income Expenses": NaN,
        "Special Income Charges": -240000000.0,
        "Gain On Sale Of Ppe": -125000000.0,
        "Other Special Charges": 84000000.0,
        "Restructuring And Mergern Acquisition": 31000000.0,
        "Earnings From Equity Interest": -12000000.0,
        "Gain On Sale Of Security": NaN,
        "Net Non Operating Interest Income Expense": NaN,
        "Total Other Finance Cost": NaN,
        "Interest Expense Non Operating": NaN,
        "Interest Income Non Operating": NaN,
        "Operating Income": NaN,
        "Operating Expense": NaN,
        "Other Operating Expenses": NaN,
        "Other Taxes": 1918000000.0,
        "Provision For Doubtful Accounts": 541000000.0,
        "Depreciation Amortization Depletion Income Statement": 1739000000.0,
        "Depreciation And Amortization In Income Statement": 1739000000.0,
        "Depreciation Income Statement": 1739000000.0,
        "Selling General And Administration": NaN,
        "Selling And Marketing Expense": NaN,
        "General And Administrative Expense": NaN,
        "Other Gand A": NaN,
        "Rent And Landing Fees": 426000000.0,
        "Salaries And Wages": 4002000000.0,
        "Gross Profit": NaN,
        "Cost Of Revenue": NaN,
        "Total Revenue": NaN,
        "Operating Revenue": NaN
    },
    "2022-09-30": {
        "Tax Effect Of Unusual Items": NaN,
        "Tax Rate For Calcs": NaN,
        "Normalized EBITDA": NaN,
        "Total Unusual Items": NaN,
        "Total Unusual Items Excluding Goodwill": NaN,
        "Net Income From Continuing Operation Net Minority Interest": NaN,
        "Reconciled Depreciation": NaN,
        "Reconciled Cost Of Revenue": NaN,
        "EBITDA": NaN,
        "EBIT": NaN,
        "Net Interest Income": NaN,
        "Interest Expense": NaN,
        "Interest Income": NaN,
        "Normalized Income": NaN,
        "Net Income From Continuing And Discontinued Operation": NaN,
        "Total Expenses": NaN,
        "Rent Expense Supplemental": NaN,
        "Total Operating Income As Reported": NaN,
        "Diluted Average Shares": 43750000.0,
        "Basic Average Shares": 43750000.0,
        "Diluted EPS": -332.0,
        "Basic EPS": -332.0,
        "Diluted NI Availto Com Stockholders": NaN,
        "Net Income Common Stockholders": NaN,
        "Net Income": NaN,
        "Net Income Including Noncontrolling Interests": NaN,
        "Net Income Continuous Operations": NaN,
        "Tax Provision": NaN,
        "Pretax Income": NaN,
        "Other Income Expense": NaN,
        "Other Non Operating Income Expenses": NaN,
        "Special Income Charges": NaN,
        "Gain On Sale Of Ppe": NaN,
        "Other Special Charges": NaN,
        "Restructuring And Mergern Acquisition": -61554000000.0,
        "Earnings From Equity Interest": 0.0,
        "Gain On Sale Of Security": NaN,
        "Net Non Operating Interest Income Expense": NaN,
        "Total Other Finance Cost": NaN,
        "Interest Expense Non Operating": NaN,
        "Interest Income Non Operating": NaN,
        "Operating Income": NaN,
        "Operating Expense": NaN,
        "Other Operating Expenses": NaN,
        "Other Taxes": NaN,
        "Provision For Doubtful Accounts": NaN,
        "Depreciation Amortization Depletion Income Statement": NaN,
        "Depreciation And Amortization In Income Statement": NaN,
        "Depreciation Income Statement": NaN,
        "Selling General And Administration": NaN,
        "Selling And Marketing Expense": NaN,
        "General And Administrative Expense": NaN,
        "Other Gand A": NaN,
        "Rent And Landing Fees": NaN,
        "Salaries And Wages": NaN,
        "Gross Profit": NaN,
        "Cost Of Revenue": NaN,
        "Total Revenue": NaN,
        "Operating Revenue": NaN
    },
    "2022-06-30": {
        "Tax Effect Of Unusual Items": 6793600000.0,
        "Tax Rate For Calcs": 0.4,
        "Normalized EBITDA": -6346000000.0,
        "Total Unusual Items": 16984000000.0,
        "Total Unusual Items Excluding Goodwill": 16984000000.0,
        "Net Income From Continuing Operation Net Minority Interest": -6549000000.0,
        "Reconciled Depreciation": 3844000000.0,
        "Reconciled Cost Of Revenue": 37060000000.0,
        "EBITDA": 10638000000.0,
        "EBIT": 6794000000.0,
        "Net Interest Income": -14075000000.0,
        "Interest Expense": 12757000000.0,
        "Interest Income": 24000000.0,
        "Normalized Income": -16739400000.0,
        "Net Income From Continuing And Discontinued Operation": -6549000000.0,
        "Total Expenses": 45606000000.0,
        "Rent Expense Supplemental": NaN,
        "Total Operating Income As Reported": -8872000000.0,
        "Diluted Average Shares": 43737593.0,
        "Basic Average Shares": 43737593.0,
        "Diluted EPS": -322.4,
        "Basic EPS": -322.4,
        "Diluted NI Availto Com Stockholders": -6549000000.0,
        "Net Income Common Stockholders": -6549000000.0,
        "Net Income": -6549000000.0,
        "Net Income Including Noncontrolling Interests": -6549000000.0,
        "Net Income Continuous Operations": -6549000000.0,
        "Tax Provision": 586000000.0,
        "Pretax Income": -5963000000.0,
        "Other Income Expense": 16989000000.0,
        "Special Income Charges": NaN,
        "Gain On Sale Of Ppe": NaN,
        "Other Special Charges": NaN,
        "Restructuring And Mergern Acquisition": NaN,
        "Earnings From Equity Interest": 5000000.0,
        "Gain On Sale Of Security": 16984000000.0,
        "Net Non Operating Interest Income Expense": -14075000000.0,
        "Total Other Finance Cost": 1342000000.0,
        "Interest Expense Non Operating": 12757000000.0,
        "Interest Income Non Operating": 24000000.0,
        "Operating Income": -8877000000.0,
        "Operating Expense": 8546000000.0,
        "Other Operating Expenses": 541000000.0,
        "Other Taxes": NaN,
        "Provision For Doubtful Accounts": NaN,
        "Depreciation Amortization Depletion Income Statement": NaN,
        "Depreciation And Amortization In Income Statement": NaN,
        "Depreciation Income Statement": NaN,
        "Selling General And Administration": 8005000000.0,
        "Selling And Marketing Expense": 3878000000.0,
        "General And Administrative Expense": 4127000000.0,
        "Other Gand A": 4127000000.0,
        "Rent And Landing Fees": NaN,
        "Salaries And Wages": NaN,
        "Gross Profit": -331000000.0,
        "Cost Of Revenue": 37060000000.0,
        "Total Revenue": 36729000000.0,
        "Operating Revenue": 36729000000.0
    },
    "2022-03-31": {
        "Diluted EPS": -0.61,
        "Total Revenue": 286,
        "Gross Profit": 43,
        "Operating Income": -14,
        "EBIT": 12,
        "Net Income": -26
    },
    "2021-12-31": {
        "Diluted EPS": -2.16,
        "Total Revenue": 576,
        "Gross Profit": 33,
        "Operating Income": -42,
        "EBIT": -10,
        "Net Income": -95
    },
    "2021-09-30": {
        "Diluted EPS": -0.15,
        "Total Revenue": 126,
        "Gross Profit": 57,
        "Operating Income": 13,
        "EBIT": 39,
        "Net Income": -6
    },
    "2021-06-30": {
        "Diluted EPS": -2.64,
        "Total Revenue": 253,
        "Gross Profit": 29,
        "Operating Income": -7,
        "EBIT": 15,
        "Net Income": -116
    },
    "2021-03-31": {
        "Diluted EPS": -0.17,
        "Total Revenue": 238,
        "Gross Profit": 35,
        "Operating Income": -10,
        "EBIT": 11,
        "Net Income": -7
    },
    "2020-12-31": {
        "Diluted EPS": -5.19,
        "Total Revenue": 380,
        "Gross Profit": 43,
        "Operating Income": -282,
        "EBIT": -248,
        "Net Income": -227
    },
    "2020-09-30": {
        "Diluted EPS": 0.03,
        "Total Revenue": 316,
        "Gross Profit": 59,
        "Operating Income": 9,
        "EBIT": 31,
        "Net Income": 1
    },
    "2020-06-30": {
        "Diluted EPS": -0.86,
        "Total Revenue": 266,
        "Gross Profit": 24,
        "Operating Income": -35,
        "EBIT": -15,
        "Net Income": -38
    },
    "2020-03-31": {
        "Diluted EPS": 0.27,
        "Total Revenue": 335,
        "Gross Profit": 67,
        "Operating Income": 25,
        "EBIT": 47,
        "Net Income": 12
    },
    "2019-12-31": {
        "Diluted EPS": 0.01,
        "Total Revenue": 545,
        "Gross Profit": 78,
        "Operating Income": -10,
        "EBIT": 24,
        "Net Income": -1
    },
    "2019-09-30": {
        "Diluted EPS": 0.12,
        "Total Revenue": 490,
        "Gross Profit": 104,
        "Operating Income": 47,
        "EBIT": 70,
        "Net Income": 5
    },
    "2019-06-30": {
        "Diluted EPS": 5.53,
        "Total Revenue": 416,
        "Gross Profit": 102,
        "Operating Income": 38,
        "EBIT": 59,
        "Net Income": 244
    },
    "2019-03-31": {
        "Diluted EPS": 0.08,
        "Total Revenue": 411,
        "Gross Profit": 63,
        "Operating Income": 0,
        "EBIT": 21,
        "Net Income": 3
    },
    "2018-12-31": {
        "Diluted EPS": 1.21,
        "Total Revenue": 551,
        "Gross Profit": 39,
        "Operating Income": -97,
        "EBIT": -19,
        "Net Income": 60
    },
    "2018-09-30": {
        "Diluted EPS": 0.61,
        "Total Revenue": 431,
        "Gross Profit": 111,
        "Operating Income": 50,
        "EBIT": 52,
        "Net Income": 27
    },
    "2018-06-30": {
        "Diluted EPS": -0.03,
        "Total Revenue": 444,
        "Gross Profit": 117,
        "Operating Income": 55,
        "EBIT": 60,
        "Net Income": -9
    },
    "2018-03-31": {
        "Diluted EPS": 1.64,
        "Total Revenue": 560,
        "Gross Profit": 200,
        "Operating Income": 132,
        "EBIT": 138,
        "Net Income": 74
    },
    "2017-12-31": {
        "Diluted EPS": 0.02,
        "Total Revenue": 386,
        "Gross Profit": 104,
        "Operating Income": 37,
        "EBIT": 45,
        "Net Income": 1
    },
    "2017-09-30": {
        "Diluted EPS": 0.38,
        "Total Revenue": 375,
        "Gross Profit": 106,
        "Operating Income": 43,
        "EBIT": 48,
        "Net Income": 17
    },
    "2017-06-30": {
        "Diluted EPS": -0.08,
        "Total Revenue": 367,
        "Gross Profit": 80,
        "Operating Income": 19,
        "EBIT": 26,
        "Net Income": -3
    },
    "2017-03-31": {
        "Diluted EPS": 0.6,
        "Total Revenue": 343,
        "Gross Profit": 114,
        "Operating Income": 52,
        "EBIT": 58,
        "Net Income": 27
    },
    "2016-12-31": {
        "Diluted EPS": 1.04,
        "Total Revenue": 257,
        "Gross Profit": 75,
        "Operating Income": 90,
        "EBIT": 96,
        "Net Income": 47
    },
    "2016-09-30": {
        "Diluted EPS": -0.98,
        "Total Revenue": 228,
        "Gross Profit": 1,
        "Operating Income": -48,
        "EBIT": -43,
        "Net Income": -44
    },
    "2016-06-30": {
        "Diluted EPS": -1.66,
        "Total Revenue": 191,
        "Gross Profit": -41,
        "Operating Income": -102,
        "EBIT": -96,
        "Net Income": -75
    },
    "2016-03-31": {
        "Diluted EPS": -0.2,
        "Total Revenue": 208,
        "Gross Profit": 24,
        "Operating Income": 17,
        "EBIT": 22,
        "Net Income": -9
    },
    "2015-12-31": {
        "Diluted EPS": 0.29,
        "Total Revenue": 58,
        "Gross Profit": -191,
        "Operating Income": 352,
        "EBIT": 360,
        "Net Income": 13
    },
    "2015-09-30": {
        "Diluted EPS": 1.15,
        "Total Revenue": 113,
        "Gross Profit": 26,
        "Operating Income": -35,
        "EBIT": -27,
        "Net Income": 23
    },
    "2015-06-30": {
        "Diluted EPS": 0.64,
        "Total Revenue": 101,
        "Gross Profit": -45,
        "Operating Income": -94,
        "EBIT": -87,
        "Net Income": 28
    },
    "2015-03-31": {
        "Diluted EPS": 1.2,
        "Total Revenue": 112,
        "Gross Profit": 30,
        "Operating Income": -9,
        "EBIT": -2,
        "Net Income": 54
    },
    "2014-12-31": {
        "Diluted EPS": -1.68,
        "Total Revenue": 97,
        "Gross Profit": -115,
        "Operating Income": -186,
        "EBIT": -177,
        "Net Income": -75
    },
    "2014-09-30": {
        "Diluted EPS": -2.12,
        "Total Revenue": 132,
        "Gross Profit": -17,
        "Operating Income": -59,
        "EBIT": -52,
        "Net Income": -96
    },
    "2014-06-30": {
        "Diluted EPS": 0.02,
        "Total Revenue": 106,
        "Gross Profit": -42,
        "Operating Income": -74,
        "EBIT": -67,
        "Net Income": 2
    },
    "2014-03-31": {
        "Diluted EPS": -2.05,
        "Total Revenue": 112,
        "Gross Profit": 39,
        "Operating Income": 8,
        "EBIT": 15,
        "Net Income": -92
    },
    "2013-12-31": {
        "Diluted EPS": 0.0,
        "Total Revenue": 145,
        "Gross Profit": -46,
        "Operating Income": -90,
        "EBIT": -79,
        "Net Income": -11
    },
    "2013-09-30": {
        "Diluted EPS": -2.22,
        "Total Revenue": 164,
        "Gross Profit": -33,
        "Operating Income": -74,
        "EBIT": -66,
        "Net Income": -92
    },
    "2013-06-30": {
        "Diluted EPS": 8.36,
        "Total Revenue": 157,
        "Gross Profit": -28,
        "Operating Income": -81,
        "EBIT": -71,
        "Net Income": 348
    },
    "2013-03-31": {
        "Diluted EPS": -2.28,
        "Total Revenue": 167,
        "Gross Profit": -16,
        "Operating Income": -53,
        "EBIT": -43,
        "Net Income": -102
    },
    "2012-12-31": {
        "Diluted EPS": 0.0,
        "Total Revenue": 219,
        "Gross Profit": -244,
        "Operating Income": -21,
        "EBIT": -7,
        "Net Income": -85
    },
    "2012-09-30": {
        "Diluted EPS": -1.34,
        "Total Revenue": 203,
        "Gross Profit": 77,
        "Operating Income": -59,
        "EBIT": -48,
        "Net Income": -60
    },
    "2012-06-30": {
        "Diluted EPS": -1.3,
        "Total Revenue": 201,
        "Gross Profit": 73,
        "Operating Income": -60,
        "EBIT": -48,
        "Net Income": -58
    },
    "2012-03-31": {
        "Diluted EPS": -0.46,
        "Total Revenue": 206,
        "Gross Profit": 95,
        "Operating Income": -19,
        "EBIT": -7,
        "Net Income": -21
    },
    "2011-12-31": {
        "Diluted EPS": -1.6,
        "Total Revenue": 225,
        "Gross Profit": 225,
        "Operating Income": 225,
        "EBIT": 225,
        "Net Income": -72
    },
    "2011-09-30": {
        "Diluted EPS": -0.2,
        "Total Revenue": 238,
        "Gross Profit": 238,
        "Operating Income": 238,
        "EBIT": 238,
        "Net Income": -9
    },
    "2011-06-30": {
        "Diluted EPS": -0.36,
        "Total Revenue": 224,
        "Gross Profit": 224,
        "Operating Income": 224,
        "EBIT": 224,
        "Net Income": -16
    },
    "2011-03-31": {
        "Diluted EPS": -0.15,
        "Total Revenue": 177,
        "Gross Profit": 103,
        "Operating Income": 39,
        "EBIT": 51,
        "Net Income": -7
    },
    "2010-12-31": {
        "Diluted EPS": -0.41,
        "Total Revenue": 134,
        "Gross Profit": 134,
        "Operating Income": 134,
        "EBIT": 134,
        "Net Income": -18
    },
    "2010-09-30": {
        "Diluted EPS": -0.01,
        "Total Revenue": 141,
        "Gross Profit": 141,
        "Operating Income": 141,
        "EBIT": 141,
        "Net Income": 0
    },
    "2010-06-30": {
        "Diluted EPS": 0.0,
        "Total Revenue": NaN,
        "Gross Profit": NaN,
        "Operating Income": NaN,
        "EBIT": NaN,
        "Net Income": NaN
    },
    "2010-03-31": {
        "Diluted EPS": 0.04,
        "Total Revenue": 150,
        "Gross Profit": 77,
        "Operating Income": 14,
        "EBIT": 25,
        "Net Income": 1
    },
    "2009-12-31": {
        "Diluted EPS": 0.54,
        "Total Revenue": 111,
        "Gross Profit": -158,
        "Operating Income": -396,
        "EBIT": -396,
        "Net Income": 25
    },
    "2009-09-30": {
        "Diluted EPS": 0.05,
        "Total Revenue": 136,
        "Gross Profit": 136,
        "Operating Income": 136,
        "EBIT": 136,
        "Net Income": 2
    },
    "2009-06-30": {
        "Diluted EPS": 0.27,
        "Total Revenue": 133,
        "Gross Profit": 133,
        "Operating Income": 133,
        "EBIT": 133,
        "Net Income": 12
    },
    "2009-03-31": {
        "Diluted EPS": 0.0,
        "Total Revenue": 148,
        "Gross Profit": 76,
        "Operating Income": 20,
        "EBIT": 32,
        "Net Income": 8
    },
    "2023-06-30": {
        "Tax Effect Of Unusual Items": NaN,
        "Tax Rate For Calcs": NaN,
        "Normalized EBITDA": NaN,
        "Total Unusual Items": 56343000000.0,
        "Total Unusual Items Excluding Goodwill": 56343000000.0,
        "Net Income From Continuing Operation Net Minority Interest": NaN,
        "Reconciled Depreciation": NaN,
        "Reconciled Cost Of Revenue": NaN,
        "EBITDA": NaN,
        "EBIT": NaN,
        "Net Interest Income": NaN,
        "Interest Expense": NaN,
        "Interest Income": NaN,
        "Normalized Income": NaN,
        "Net Income From Continuing And Discontinued Operation": NaN,
        "Total Expenses": NaN,
        "Rent Expense Supplemental": NaN,
        "Total Operating Income As Reported": NaN,
        "Diluted Average Shares": 43750000.0,
        "Basic Average Shares": 43750000.0,
        "Diluted EPS": -409.4,
        "Basic EPS": -409.4,
        "Diluted NI Availto Com Stockholders": NaN,
        "Net Income Common Stockholders": NaN,
        "Net Income": NaN,
        "Net Income Including Noncontrolling Interests": NaN,
        "Net Income Continuous Operations": NaN,
        "Tax Provision": NaN,
        "Pretax Income": NaN,
        "Other Income Expense": NaN,
        "Other Non Operating Income Expenses": NaN,
        "Special Income Charges": NaN,
        "Gain On Sale Of Ppe": NaN,
        "Other Special Charges": NaN,
        "Restructuring And Mergern Acquisition": NaN,
        "Earnings From Equity Interest": 16000000.0,
        "Gain On Sale Of Security": 56343000000.0,
        "Net Non Operating Interest Income Expense": NaN,
        "Total Other Finance Cost": NaN,
        "Interest Expense Non Operating": NaN,
        "Interest Income Non Operating": NaN,
        "Operating Income": NaN,
        "Operating Expense": NaN,
        "Other Operating Expenses": NaN,
        "Other Taxes": NaN,
        "Provision For Doubtful Accounts": NaN,
        "Depreciation Amortization Depletion Income Statement": NaN,
        "Depreciation And Amortization In Income Statement": NaN,
        "Depreciation Income Statement": NaN,
        "Selling General And Administration": NaN,
        "Selling And Marketing Expense": NaN,
        "General And Administrative Expense": NaN,
        "Other Gand A": NaN,
        "Rent And Landing Fees": NaN,
        "Salaries And Wages": NaN,
        "Gross Profit": NaN,
        "Cost Of Revenue": NaN,
        "Total Revenue": NaN,
        "Operating Revenue": NaN
    },
    "2023-09-30": {
        "Tax Effect Of Unusual Items": 0.0,
        "Tax Rate For Calcs": 0.35,
        "Normalized EBITDA": 618029000000.0,
        "Total Unusual Items": 201371000000.0,
        "Total Unusual Items Excluding Goodwill": 201371000000.0,
        "Net Income From Continuing Operation Net Minority Interest": 234941000000.0,
        "Reconciled Depreciation": 53304000000.0,
        "Reconciled Cost Of Revenue": 360082000000.0,
        "EBITDA": 618029000000.0,
        "EBIT": 564725000000.0,
        "Net Interest Income": -202673000000.0,
        "Interest Expense": 143395000000.0,
        "Interest Income": 164000000.0,
        "Normalized Income": 234941000000.0,
        "Net Income From Continuing And Discontinued Operation": 234941000000.0,
        "Total Expenses": 425405000000.0,
        "Rent Expense Supplemental": NaN,
        "Total Operating Income As Reported": 1927000000.0,
        "Diluted Average Shares": 43750000.0,
        "Basic Average Shares": 43750000.0,
        "Diluted EPS": 5370.0,
        "Basic EPS": 5370.0,
        "Diluted NI Availto Com Stockholders": 234941000000.0,
        "Net Income Common Stockholders": 234941000000.0,
        "Net Income": 234941000000.0,
        "Net Income Including Noncontrolling Interests": 234941000000.0,
        "Net Income Continuous Operations": 234941000000.0,
        "Tax Provision": 186389000000.0,
        "Pretax Income": 421330000000.0,
        "Other Income Expense": 622076000000.0,
        "Other Non Operating Income Expenses": 622076000000.0,
        "Special Income Charges": 128989000000.0,
        "Gain On Sale Of Ppe": NaN,
        "Other Special Charges": -128989000000.0,
        "Restructuring And Mergern Acquisition": NaN,
        "Earnings From Equity Interest": 0.0,
        "Gain On Sale Of Security": 72382000000.0,
        "Net Non Operating Interest Income Expense": -202673000000.0,
        "Total Other Finance Cost": 59442000000.0,
        "Interest Expense Non Operating": 143395000000.0,
        "Interest Income Non Operating": 164000000.0,
        "Operating Income": 1927000000.0,
        "Operating Expense": 65323000000.0,
        "Other Operating Expenses": -6654000000.0,
        "Other Taxes": NaN,
        "Provision For Doubtful Accounts": NaN,
        "Depreciation Amortization Depletion Income Statement": NaN,
        "Depreciation And Amortization In Income Statement": NaN,
        "Depreciation Income Statement": NaN,
        "Selling General And Administration": 71977000000.0,
        "Selling And Marketing Expense": 36150000000.0,
        "General And Administrative Expense": 35827000000.0,
        "Other Gand A": 35827000000.0,
        "Rent And Landing Fees": NaN,
        "Salaries And Wages": NaN,
        "Gross Profit": 67250000000.0,
        "Cost Of Revenue": 360082000000.0,
        "Total Revenue": 427332000000.0,
        "Operating Revenue": 427332000000.0
    },
    "2023-12-31": {
        "Tax Effect Of Unusual Items": -4649750000.0,
        "Tax Rate For Calcs": 0.35,
        "Normalized EBITDA": 268392000000.0,
        "Total Unusual Items": -13285000000.0,
        "Total Unusual Items Excluding Goodwill": -13285000000.0,
        "Net Income From Continuing Operation Net Minority Interest": -4545000000.0,
        "Reconciled Depreciation": 47729000000.0,
        "Reconciled Cost Of Revenue": 287630000000.0,
        "EBITDA": 255107000000.0,
        "EBIT": 207378000000.0,
        "Net Interest Income": -166414000000.0,
        "Interest Expense": 157927000000.0,
        "Interest Income": 256000000.0,
        "Normalized Income": 4090250000.0,
        "Net Income From Continuing And Discontinued Operation": -4545000000.0,
        "Total Expenses": 400540000000.0,
        "Rent Expense Supplemental": 1167000000.0,
        "Total Operating Income As Reported": -78661000000.0,
        "Diluted Average Shares": NaN,
        "Basic Average Shares": NaN,
        "Diluted EPS": NaN,
        "Basic EPS": NaN,
        "Diluted NI Availto Com Stockholders": -4545000000.0,
        "Net Income Common Stockholders": -4545000000.0,
        "Net Income": -4545000000.0,
        "Net Income Including Noncontrolling Interests": -4545000000.0,
        "Net Income Continuous Operations": -4545000000.0,
        "Tax Provision": 53996000000.0,
        "Pretax Income": 49451000000.0,
        "Other Income Expense": 294118000000.0,
        "Other Non Operating Income Expenses": 307419000000.0,
        "Special Income Charges": -398000000.0,
        "Gain On Sale Of Ppe": -319000000.0,
        "Other Special Charges": NaN,
        "Restructuring And Mergern Acquisition": 79000000.0,
        "Earnings From Equity Interest": -16000000.0,
        "Gain On Sale Of Security": -12887000000.0,
        "Net Non Operating Interest Income Expense": -166414000000.0,
        "Total Other Finance Cost": 8743000000.0,
        "Interest Expense Non Operating": 157927000000.0,
        "Interest Income Non Operating": 256000000.0,
        "Operating Income": -78253000000.0,
        "Operating Expense": 76341000000.0,
        "Other Operating Expenses": -5490000000.0,
        "Other Taxes": 8940000000.0,
        "Provision For Doubtful Accounts": 2131000000.0,
        "Depreciation Amortization Depletion Income Statement": 11160000000.0,
        "Depreciation And Amortization In Income Statement": 11160000000.0,
        "Depreciation Income Statement": 11160000000.0,
        "Selling General And Administration": 59600000000.0,
        "Selling And Marketing Expense": 20215000000.0,
        "General And Administrative Expense": 39385000000.0,
        "Other Gand A": 20208000000.0,
        "Rent And Landing Fees": 508000000.0,
        "Salaries And Wages": 18669000000.0,
        "Gross Profit": -1912000000.0,
        "Cost Of Revenue": 324199000000.0,
        "Total Revenue": 322287000000.0,
        "Operating Revenue": 322287000000.0
    },
    "2024-03-31": {
        "Tax Effect Of Unusual Items": -33044200000.0,
        "Tax Rate For Calcs": 0.35,
        "Normalized EBITDA": 219489000000.0,
        "Total Unusual Items": -94412000000.0,
        "Total Unusual Items Excluding Goodwill": -94412000000.0,
        "Net Income From Continuing Operation Net Minority Interest": 50867000000.0,
        "Reconciled Depreciation": 26600000000.0,
        "Reconciled Cost Of Revenue": 214283000000.0,
        "EBITDA": 125077000000.0,
        "EBIT": 98477000000.0,
        "Net Interest Income": -119821000000.0,
        "Interest Expense": 113237000000.0,
        "Interest Income": 115000000.0,
        "Normalized Income": 112234800000.0,
        "Net Income From Continuing And Discontinued Operation": 50867000000.0,
        "Total Expenses": 298178000000.0,
        "Rent Expense Supplemental": 688000000.0,
        "Total Operating Income As Reported": -22204000000.0,
        "Diluted Average Shares": 43750000.0,
        "Basic Average Shares": 43750000.0,
        "Diluted EPS": 1162.6,
        "Basic EPS": 1162.6,
        "Diluted NI Availto Com Stockholders": 50867000000.0,
        "Net Income Common Stockholders": 50867000000.0,
        "Net Income": 50867000000.0,
        "Net Income Including Noncontrolling Interests": 50867000000.0,
        "Net Income Continuous Operations": 50867000000.0,
        "Tax Provision": -65627000000.0,
        "Pretax Income": -14760000000.0,
        "Other Income Expense": 127082000000.0,
        "Other Non Operating Income Expenses": 221494000000.0,
        "Special Income Charges": -183000000.0,
        "Gain On Sale Of Ppe": -176000000.0,
        "Other Special Charges": -24000000.0,
        "Restructuring And Mergern Acquisition": 31000000.0,
        "Earnings From Equity Interest": NaN,
        "Gain On Sale Of Security": -94229000000.0,
        "Net Non Operating Interest Income Expense": -119821000000.0,
        "Total Other Finance Cost": 6699000000.0,
        "Interest Expense Non Operating": 113237000000.0,
        "Interest Income Non Operating": 115000000.0,
        "Operating Income": -22021000000.0,
        "Operating Expense": 64086000000.0,
        "Other Operating Expenses": -2694000000.0,
        "Other Taxes": 4248000000.0,
        "Provision For Doubtful Accounts": 442000000.0,
        "Depreciation Amortization Depletion Income Statement": 6791000000.0,
        "Depreciation And Amortization In Income Statement": 6791000000.0,
        "Depreciation Income Statement": 6791000000.0,
        "Selling General And Administration": 55299000000.0,
        "Selling And Marketing Expense": 30197000000.0,
        "General And Administrative Expense": 25102000000.0,
        "Other Gand A": 10872000000.0,
        "Rent And Landing Fees": 507000000.0,
        "Salaries And Wages": 13723000000.0,
        "Gross Profit": 42065000000.0,
        "Cost Of Revenue": 234092000000.0,
        "Total Revenue": 276157000000.0,
        "Operating Revenue": 276157000000.0
    },
    "2024-06-30": {
        "Tax Effect Of Unusual Items": 0.0,
        "Tax Rate For Calcs": 0.35,
        "Normalized EBITDA": 137669000000.0,
        "Total Unusual Items": NaN,
        "Total Unusual Items Excluding Goodwill": NaN,
        "Net Income From Continuing Operation Net Minority Interest": 47269000000.0,
        "Reconciled Depreciation": 38095000000.0,
        "Reconciled Cost Of Revenue": 318586000000.0,
        "EBITDA": 137669000000.0,
        "EBIT": 99574000000.0,
        "Net Interest Income": -132505000000.0,
        "Interest Expense": 60217000000.0,
        "Interest Income": 395000000.0,
        "Normalized Income": 47269000000.0,
        "Net Income From Continuing And Discontinued Operation": 47269000000.0,
        "Total Expenses": 392399000000.0,
        "Rent Expense Supplemental": NaN,
        "Total Operating Income As Reported": 44280000000.0,
        "Diluted Average Shares": 43750000.0,
        "Basic Average Shares": 43750000.0,
        "Diluted EPS": 1080.4,
        "Basic EPS": 1080.4,
        "Diluted NI Availto Com Stockholders": 47269000000.0,
        "Net Income Common Stockholders": 47269000000.0,
        "Net Income": 47269000000.0,
        "Net Income Including Noncontrolling Interests": 47269000000.0,
        "Net Income Continuous Operations": 47269000000.0,
        "Tax Provision": -7912000000.0,
        "Pretax Income": 39357000000.0,
        "Other Income Expense": 127540000000.0,
        "Other Non Operating Income Expenses": 127582000000.0,
        "Special Income Charges": NaN,
        "Gain On Sale Of Ppe": NaN,
        "Other Special Charges": NaN,
        "Restructuring And Mergern Acquisition": NaN,
        "Earnings From Equity Interest": -42000000.0,
        "Gain On Sale Of Security": NaN,
        "Net Non Operating Interest Income Expense": -132505000000.0,
        "Total Other Finance Cost": 72683000000.0,
        "Interest Expense Non Operating": 60217000000.0,
        "Interest Income Non Operating": 395000000.0,
        "Operating Income": 44322000000.0,
        "Operating Expense": 73813000000.0,
        "Other Operating Expenses": 4837000000.0,
        "Other Taxes": NaN,
        "Provision For Doubtful Accounts": NaN,
        "Depreciation Amortization Depletion Income Statement": NaN,
        "Depreciation And Amortization In Income Statement": NaN,
        "Depreciation Income Statement": NaN,
        "Selling General And Administration": 68976000000.0,
        "Selling And Marketing Expense": 38763000000.0,
        "General And Administrative Expense": 30213000000.0,
        "Other Gand A": 30213000000.0,
        "Rent And Landing Fees": NaN,
        "Salaries And Wages": NaN,
        "Gross Profit": 118135000000.0,
        "Cost Of Revenue": 318586000000.0,
        "Total Revenue": 436721000000.0,
        "Operating Revenue": 436721000000.0
    },
    "2024-09-30": {
        "Tax Effect Of Unusual Items": 0.0,
        "Tax Rate For Calcs": 0.140817,
        "Normalized EBITDA": 266968000000.0,
        "Total Unusual Items": NaN,
        "Total Unusual Items Excluding Goodwill": NaN,
        "Net Income From Continuing Operation Net Minority Interest": 114438000000.0,
        "Reconciled Depreciation": 46797000000.0,
        "Reconciled Cost Of Revenue": 453798000000.0,
        "EBITDA": 266968000000.0,
        "EBIT": 220171000000.0,
        "Net Interest Income": 36927000000.0,
        "Interest Expense": 86977000000.0,
        "Interest Income": 193000000.0,
        "Normalized Income": 114438000000.0,
        "Net Income From Continuing And Discontinued Operation": 114438000000.0,
        "Total Expenses": 549069000000.0,
        "Rent Expense Supplemental": NaN,
        "Total Operating Income As Reported": 6719000000.0,
        "Diluted Average Shares": 43750000.0,
        "Basic Average Shares": 43750000.0,
        "Diluted EPS": 2615.8,
        "Basic EPS": 2615.8,
        "Diluted NI Availto Com Stockholders": 114438000000.0,
        "Net Income Common Stockholders": 114438000000.0,
        "Net Income": 114438000000.0,
        "Net Income Including Noncontrolling Interests": 114438000000.0,
        "Net Income Continuous Operations": 114438000000.0,
        "Tax Provision": 18756000000.0,
        "Pretax Income": 133194000000.0,
        "Other Income Expense": 89548000000.0,
        "Other Non Operating Income Expenses": 89548000000.0,
        "Special Income Charges": NaN,
        "Gain On Sale Of Ppe": NaN,
        "Other Special Charges": NaN,
        "Restructuring And Mergern Acquisition": NaN,
        "Earnings From Equity Interest": 0.0,
        "Gain On Sale Of Security": NaN,
        "Net Non Operating Interest Income Expense": 36927000000.0,
        "Total Other Finance Cost": -123711000000.0,
        "Interest Expense Non Operating": 86977000000.0,
        "Interest Income Non Operating": 193000000.0,
        "Operating Income": 6719000000.0,
        "Operating Expense": 95271000000.0,
        "Other Operating Expenses": 5970000000.0,
        "Other Taxes": NaN,
        "Provision For Doubtful Accounts": NaN,
        "Depreciation Amortization Depletion Income Statement": NaN,
        "Depreciation And Amortization In Income Statement": NaN,
        "Depreciation Income Statement": NaN,
        "Selling General And Administration": 89301000000.0,
        "Selling And Marketing Expense": 54202000000.0,
        "General And Administrative Expense": 35099000000.0,
        "Other Gand A": 35099000000.0,
        "Rent And Landing Fees": NaN,
        "Salaries And Wages": NaN,
        "Gross Profit": 101990000000.0,
        "Cost Of Revenue": 453798000000.0,
        "Total Revenue": 555788000000.0,
        "Operating Revenue": 555788000000.0
    }
}