{
    "2023-05-31": {
        "Tax Effect Of Unusual Items": -4020037.695927,
        "Tax Rate For Calcs": 0.270637,
        "Normalized EBITDA": 182100000.0,
        "Total Unusual Items": -14854000.0,
        "Total Unusual Items Excluding Goodwill": -14854000.0,
        "Net Income From Continuing Operation Net Minority Interest": 28959000.0,
        "Reconciled Cost Of Revenue": 391615000.0,
        "EBITDA": 167246000.0,
        "EBIT": 167246000.0,
        "Normalized Income": 39792962.304073,
        "Net Income From Continuing And Discontinued Operation": 28959000.0,
        "Total Expenses": 812517000.0,
        "Total Operating Income As Reported": 48054000.0,
        "Diluted Average Shares": 144795000.0,
        "Basic Average Shares": 144795000.0,
        "Diluted EPS": 0.2,
        "Basic EPS": 0.2,
        "Diluted NI Availto Com Stockholders": 28959000.0,
        "Net Income Common Stockholders": 28959000.0,
        "Net Income": 28959000.0,
        "Minority Interests": -10957000.0,
        "Net Income Including Noncontrolling Interests": 39916000.0,
        "Net Income Continuous Operations": 39916000.0,
        "Earnings From Equity Interest Net Of Tax": -12480000.0,
        "Tax Provision": 19442000.0,
        "Pretax Income": 71838000.0,
        "Other Income Expense": -89962000.0,
        "Other Non Operating Income Expenses": -75108000.0,
        "Gain On Sale Of Security": -6798000.0,
        "Operating Income": 48054000.0,
        "Operating Expense": 420902000.0,
        "Selling General And Administration": 420902000.0,
        "Selling And Marketing Expense": -235781000.0,
        "General And Administrative Expense": 656683000.0,
        "Other Gand A": 656683000.0,
        "Gross Profit": 468956000.0,
        "Cost Of Revenue": 391615000.0,
        "Total Revenue": 860571000.0,
        "Operating Revenue": 860571000.0
    },
    "2023-02-28": {
        "Tax Effect Of Unusual Items": 1267478.747052,
        "Tax Rate For Calcs": 0.187719,
        "Normalized EBITDA": 59739000.0,
        "Total Unusual Items": 6752000.0,
        "Total Unusual Items Excluding Goodwill": 6752000.0,
        "Net Income From Continuing Operation Net Minority Interest": 81648000.0,
        "Reconciled Cost Of Revenue": 369560000.0,
        "EBITDA": 66491000.0,
        "EBIT": 66491000.0,
        "Normalized Income": 76163478.747052,
        "Net Income From Continuing And Discontinued Operation": 81648000.0,
        "Total Expenses": 687662000.0,
        "Total Operating Income As Reported": 66491000.0,
        "Diluted Average Shares": 168141423.0,
        "Basic Average Shares": 166988709.0,
        "Diluted EPS": 0.5,
        "Basic EPS": 0.5,
        "Diluted NI Availto Com Stockholders": 81648000.0,
        "Net Income Common Stockholders": 81648000.0,
        "Net Income": 81648000.0,
        "Minority Interests": -12632000.0,
        "Net Income Including Noncontrolling Interests": 94280000.0,
        "Net Income Continuous Operations": 94280000.0,
        "Earnings From Equity Interest Net Of Tax": 10598000.0,
        "Tax Provision": 19339000.0,
        "Pretax Income": 103021000.0,
        "Other Income Expense": 36530000.0,
        "Other Non Operating Income Expenses": 29778000.0,
        "Gain On Sale Of Security": 6752000.0,
        "Operating Income": 66491000.0,
        "Operating Expense": 318102000.0,
        "Selling General And Administration": 318102000.0,
        "Selling And Marketing Expense": 102631000.0,
        "General And Administrative Expense": 215471000.0,
        "Other Gand A": 215471000.0,
        "Gross Profit": 384593000.0,
        "Cost Of Revenue": 369560000.0,
        "Total Revenue": 754153000.0,
        "Operating Revenue": 754153000.0
    },
    "2022-11-30": {
        "Tax Effect Of Unusual Items": 44321.536738,
        "Tax Rate For Calcs": 0.163548,
        "Normalized EBITDA": -2759000.0,
        "Total Unusual Items": 271000.0,
        "Total Unusual Items Excluding Goodwill": 271000.0,
        "Net Income From Continuing Operation Net Minority Interest": 732000.0,
        "Reconciled Cost Of Revenue": 336196000.0,
        "EBITDA": -2488000.0,
        "EBIT": -2488000.0,
        "Normalized Income": 505321.536738,
        "Net Income From Continuing And Discontinued Operation": 732000.0,
        "Total Expenses": 640702000.0,
        "Total Operating Income As Reported": -2488000.0,
        "Diluted Average Shares": 168999446.0,
        "Basic Average Shares": 168921825.0,
        "Diluted EPS": 0.004331,
        "Basic EPS": 0.004333,
        "Diluted NI Availto Com Stockholders": 732000.0,
        "Net Income Common Stockholders": 732000.0,
        "Net Income": 732000.0,
        "Minority Interests": -15854000.0,
        "Net Income Including Noncontrolling Interests": 16586000.0,
        "Net Income Continuous Operations": 16586000.0,
        "Earnings From Equity Interest Net Of Tax": -3575000.0,
        "Tax Provision": 3942000.0,
        "Pretax Income": 24103000.0,
        "Other Income Expense": 26591000.0,
        "Other Non Operating Income Expenses": 26320000.0,
        "Gain On Sale Of Security": 271000.0,
        "Operating Income": -2488000.0,
        "Operating Expense": 304506000.0,
        "Selling General And Administration": 304506000.0,
        "Selling And Marketing Expense": 95525000.0,
        "General And Administrative Expense": 208981000.0,
        "Other Gand A": 208981000.0,
        "Gross Profit": 302018000.0,
        "Cost Of Revenue": 336196000.0,
        "Total Revenue": 638214000.0,
        "Operating Revenue": 638214000.0
    },
    "2022-08-31": {
        "Tax Effect Of Unusual Items": -67747.939654,
        "Tax Rate For Calcs": 0.213044,
        "Normalized EBITDA": 78307000.0,
        "Total Unusual Items": -318000.0,
        "Total Unusual Items Excluding Goodwill": -318000.0,
        "Net Income From Continuing Operation Net Minority Interest": 66002000.0,
        "Reconciled Cost Of Revenue": 312067000.0,
        "EBITDA": 77989000.0,
        "EBIT": 77989000.0,
        "Normalized Income": 66252252.060346,
        "Net Income From Continuing And Discontinued Operation": 66002000.0,
        "Total Expenses": 666833000.0,
        "Total Operating Income As Reported": 77989000.0,
        "Diluted Average Shares": 170233488.0,
        "Basic Average Shares": 170082983.0,
        "Diluted EPS": 0.4,
        "Basic EPS": 0.4,
        "Diluted NI Availto Com Stockholders": 66002000.0,
        "Net Income Common Stockholders": 66002000.0,
        "Net Income": 66002000.0,
        "Minority Interests": -18579000.0,
        "Net Income Including Noncontrolling Interests": 84581000.0,
        "Net Income Continuous Operations": 84581000.0,
        "Earnings From Equity Interest Net Of Tax": -1645000.0,
        "Tax Provision": 23343000.0,
        "Pretax Income": 109569000.0,
        "Other Income Expense": 31580000.0,
        "Other Non Operating Income Expenses": 31898000.0,
        "Gain On Sale Of Security": -318000.0,
        "Operating Income": 77989000.0,
        "Operating Expense": 354766000.0,
        "Selling General And Administration": 354766000.0,
        "Selling And Marketing Expense": 98744000.0,
        "General And Administrative Expense": 256022000.0,
        "Other Gand A": 256022000.0,
        "Gross Profit": 432755000.0,
        "Cost Of Revenue": 312067000.0,
        "Total Revenue": 744822000.0,
        "Operating Revenue": 744822000.0
    },
    "2022-05-31": {
        "Tax Effect Of Unusual Items": -672800.0,
        "Tax Rate For Calcs": 0.4,
        "Normalized EBITDA": -103967000.0,
        "Total Unusual Items": -1682000.0,
        "Total Unusual Items Excluding Goodwill": -1682000.0,
        "Net Income From Continuing Operation Net Minority Interest": -189302000.0,
        "Reconciled Cost Of Revenue": 247827000.0,
        "EBIT": -105649000.0,
        "Normalized Income": -188292800.0,
        "Net Income From Continuing And Discontinued Operation": -189302000.0,
        "Total Expenses": 629672000.0,
        "Total Operating Income As Reported": -105649000.0,
        "Diluted Average Shares": 169697219.0,
        "Basic Average Shares": 169697219.0,
        "Diluted EPS": -1.1,
        "Basic EPS": -1.1,
        "Diluted NI Availto Com Stockholders": -189302000.0,
        "Net Income Common Stockholders": -189302000.0,
        "Net Income": -189302000.0,
        "Minority Interests": -2635000.0,
        "Net Income Including Noncontrolling Interests": -186667000.0,
        "Net Income Continuous Operations": -186667000.0,
        "Earnings From Equity Interest Net Of Tax": -5322000.0,
        "Tax Provision": 5618000.0,
        "Pretax Income": -175727000.0,
        "Other Income Expense": -70078000.0,
        "Other Non Operating Income Expenses": -68396000.0,
        "Special Income Charges": 0.0,
        "Impairment Of Capital Assets": 0.0,
        "Gain On Sale Of Security": -1682000.0,
        "Operating Income": -105649000.0,
        "Operating Expense": 381845000.0,
        "Selling General And Administration": 381845000.0,
        "Selling And Marketing Expense": 95786000.0,
        "General And Administrative Expense": 286059000.0,
        "Other Gand A": 286059000.0,
        "Gross Profit": 276196000.0,
        "Cost Of Revenue": 247827000.0,
        "Total Revenue": 524023000.0,
        "Operating Revenue": 524023000.0
    },
    "2022-02-28": {
        "Diluted EPS": -0.72,
        "Total Revenue": 614,
        "Gross Profit": 241,
        "Operating Income": -141,
        "EBIT": -141,
        "Net Income": -122
    },
    "2021-11-30": {
        "Diluted EPS": 0.0,
        "Total Revenue": NaN,
        "Gross Profit": NaN,
        "Operating Income": NaN,
        "Net Income": NaN
    },
    "2021-08-31": {
        "Diluted EPS": 0.36,
        "Total Revenue": NaN,
        "Gross Profit": 667,
        "Operating Income": 32,
        "EBIT": 32,
        "Net Income": 61
    },
    "2021-05-31": {
        "Diluted EPS": -0.28,
        "Total Revenue": NaN,
        "Gross Profit": 633,
        "Operating Income": -71,
        "EBIT": -71,
        "Net Income": -45
    },
    "2021-02-28": {
        "Diluted EPS": 0.89,
        "Total Revenue": NaN,
        "Gross Profit": 651,
        "Operating Income": 101,
        "EBIT": 101,
        "Net Income": 151
    },
    "2020-11-30": {
        "Diluted EPS": 0.33,
        "Total Revenue": 888,
        "Gross Profit": 434,
        "Operating Income": -32,
        "EBIT": -32,
        "Net Income": 54
    },
    "2020-08-31": {
        "Diluted EPS": 1.09,
        "Total Revenue": 986,
        "Gross Profit": 522,
        "Operating Income": 150,
        "EBIT": 185,
        "Net Income": 175
    },
    "2020-05-31": {
        "Diluted EPS": 0.05,
        "Total Revenue": 798,
        "Gross Profit": 407,
        "Operating Income": 10,
        "EBIT": 10,
        "Net Income": 13
    },
    "2020-02-29": {
        "Diluted EPS": 0.9,
        "Total Revenue": 923,
        "Gross Profit": 525,
        "Operating Income": 117,
        "EBIT": 117,
        "Net Income": 138
    },
    "2019-11-30": {
        "Diluted EPS": 0.34,
        "Total Revenue": 785,
        "Gross Profit": 426,
        "Operating Income": 25,
        "EBIT": 25,
        "Net Income": 53
    },
    "2019-08-31": {
        "Diluted EPS": 1.31,
        "Total Revenue": NaN,
        "Gross Profit": 632,
        "Operating Income": 246,
        "EBIT": 292,
        "Net Income": 209
    },
    "2019-05-31": {
        "Diluted EPS": 0.28,
        "Total Revenue": 843,
        "Gross Profit": 472,
        "Operating Income": 77,
        "EBIT": 77,
        "Net Income": 43
    },
    "2019-02-28": {
        "Diluted EPS": 0.61,
        "Total Revenue": 797,
        "Gross Profit": 459,
        "Operating Income": 96,
        "EBIT": 96,
        "Net Income": 97
    },
    "2018-11-30": {
        "Diluted EPS": -0.16,
        "Total Revenue": 597,
        "Gross Profit": 297,
        "Operating Income": -29,
        "EBIT": -29,
        "Net Income": -26
    },
    "2018-08-31": {
        "Diluted EPS": 0.77,
        "Total Revenue": 860,
        "Gross Profit": 492,
        "Operating Income": 161,
        "EBIT": 161,
        "Net Income": 123
    },
    "2018-05-31": {
        "Diluted EPS": 0.41,
        "Total Revenue": 701,
        "Gross Profit": 402,
        "Operating Income": 57,
        "EBIT": 57,
        "Net Income": 65
    },
    "2018-02-28": {
        "Diluted EPS": 0.43,
        "Total Revenue": 618,
        "Gross Profit": 349,
        "Operating Income": 58,
        "EBIT": 58,
        "Net Income": 68
    },
    "2017-11-30": {
        "Diluted EPS": 0.03,
        "Total Revenue": 467,
        "Gross Profit": 240,
        "Operating Income": -13,
        "EBIT": -13,
        "Net Income": 4
    },
    "2017-08-31": {
        "Diluted EPS": 1.0,
        "Total Revenue": 661,
        "Gross Profit": 391,
        "Operating Income": 161,
        "EBIT": 161,
        "Net Income": 158
    },
    "2017-05-31": {
        "Diluted EPS": 0.35,
        "Total Revenue": 486,
        "Gross Profit": 287,
        "Operating Income": 52,
        "EBIT": 52,
        "Net Income": 55
    },
    "2017-02-28": {
        "Diluted EPS": 0.43,
        "Total Revenue": 438,
        "Gross Profit": 254,
        "Operating Income": 58,
        "EBIT": 58,
        "Net Income": 68
    },
    "2016-11-30": {
        "Diluted EPS": 0.07,
        "Total Revenue": 341,
        "Gross Profit": 178,
        "Operating Income": 0,
        "EBIT": 0,
        "Net Income": 10
    },
    "2016-08-31": {
        "Diluted EPS": 0.89,
        "Total Revenue": 534,
        "Gross Profit": 331,
        "Operating Income": 153,
        "EBIT": 153,
        "Net Income": 141
    },
    "2016-05-31": {
        "Diluted EPS": 0.26,
        "Total Revenue": 395,
        "Gross Profit": 231,
        "Operating Income": 37,
        "EBIT": 37,
        "Net Income": 42
    },
    "2016-02-29": {
        "Diluted EPS": 0.31,
        "Total Revenue": 347,
        "Gross Profit": 202,
        "Operating Income": 42,
        "EBIT": 42,
        "Net Income": 48
    },
    "2015-11-30": {
        "Diluted EPS": 0.04,
        "Total Revenue": 278,
        "Gross Profit": 144,
        "Operating Income": -10,
        "EBIT": -10,
        "Net Income": 6
    },
    "2015-08-31": {
        "Diluted EPS": 0.82,
        "Total Revenue": 458,
        "Gross Profit": 287,
        "Operating Income": 130,
        "EBIT": 130,
        "Net Income": 129
    },
    "2015-05-31": {
        "Diluted EPS": 0.23,
        "Total Revenue": 329,
        "Gross Profit": 192,
        "Operating Income": 24,
        "EBIT": 71,
        "Net Income": 35
    },
    "2015-02-28": {
        "Diluted EPS": 0.26,
        "Total Revenue": 288,
        "Gross Profit": 162,
        "Operating Income": 32,
        "EBIT": 32,
        "Net Income": 41
    },
    "2014-11-30": {
        "Diluted EPS": 0.02,
        "Total Revenue": 236,
        "Gross Profit": 122,
        "Operating Income": -13,
        "EBIT": -13,
        "Net Income": 2
    },
    "2014-08-31": {
        "Diluted EPS": 0.71,
        "Total Revenue": 394,
        "Gross Profit": 246,
        "Operating Income": 111,
        "EBIT": 111,
        "Net Income": 112
    },
    "2014-05-31": {
        "Diluted EPS": 0.27,
        "Total Revenue": 287,
        "Gross Profit": 174,
        "Operating Income": 31,
        "EBIT": 31,
        "Net Income": 43
    },
    "2014-02-28": {
        "Diluted EPS": 0.27,
        "Total Revenue": 254,
        "Gross Profit": 147,
        "Operating Income": 31,
        "EBIT": 31,
        "Net Income": 42
    },
    "2013-11-30": {
        "Diluted EPS": 0.03,
        "Total Revenue": 208,
        "Gross Profit": 111,
        "Operating Income": 1,
        "EBIT": 1,
        "Net Income": 4
    },
    "2013-08-31": {
        "Diluted EPS": 0.81,
        "Total Revenue": 389,
        "Gross Profit": 256,
        "Operating Income": 135,
        "EBIT": 135,
        "Net Income": 126
    },
    "2013-05-31": {
        "Diluted EPS": 0.18,
        "Total Revenue": 240,
        "Gross Profit": 146,
        "Operating Income": 24,
        "EBIT": 24,
        "Net Income": 28
    },
    "2013-02-28": {
        "Diluted EPS": 0.18,
        "Total Revenue": 218,
        "Gross Profit": 127,
        "Operating Income": 23,
        "EBIT": 23,
        "Net Income": 28
    },
    "2012-11-30": {
        "Diluted EPS": -0.1,
        "Total Revenue": 166,
        "Gross Profit": 85,
        "Operating Income": -27,
        "EBIT": -27,
        "Net Income": -16
    },
    "2012-08-31": {
        "Diluted EPS": 0.61,
        "Total Revenue": 336,
        "Gross Profit": 218,
        "Operating Income": 102,
        "EBIT": 102,
        "Net Income": 96
    },
    "2012-05-31": {
        "Diluted EPS": 0.1,
        "Total Revenue": 193,
        "Gross Profit": 115,
        "Operating Income": 9,
        "EBIT": 9,
        "Net Income": 16
    },
    "2012-02-29": {
        "Diluted EPS": 0.14,
        "Total Revenue": 174,
        "Gross Profit": 103,
        "Operating Income": 17,
        "EBIT": 17,
        "Net Income": 22
    },
    "2011-11-30": {
        "Diluted EPS": 0.02,
        "Total Revenue": 132,
        "Gross Profit": 71,
        "Operating Income": -4,
        "EBIT": -4,
        "Net Income": 3
    },
    "2011-08-31": {
        "Diluted EPS": 0.58,
        "Total Revenue": 272,
        "Gross Profit": 179,
        "Operating Income": 95,
        "EBIT": 95,
        "Net Income": 91
    },
    "2011-05-31": {
        "Diluted EPS": 0.09,
        "Total Revenue": 137,
        "Gross Profit": 81,
        "Operating Income": 12,
        "EBIT": 12,
        "Net Income": 14
    },
    "2011-02-28": {
        "Diluted EPS": 0.15,
        "Total Revenue": 133,
        "Gross Profit": 78,
        "Operating Income": 21,
        "EBIT": 21,
        "Net Income": 23
    },
    "2010-11-30": {
        "Diluted EPS": 0.01,
        "Total Revenue": 96,
        "Gross Profit": 51,
        "Operating Income": -2,
        "EBIT": -2,
        "Net Income": 2
    },
    "2010-08-31": {
        "Diluted EPS": 0.4,
        "Total Revenue": 192,
        "Gross Profit": 126,
        "Operating Income": 66,
        "EBIT": 66,
        "Net Income": 62
    },
    "2010-05-31": {
        "Diluted EPS": 0.04,
        "Total Revenue": 87,
        "Gross Profit": 50,
        "Operating Income": 4,
        "EBIT": 4,
        "Net Income": 6
    },
    "2010-02-28": {
        "Diluted EPS": 0.09,
        "Total Revenue": 89,
        "Gross Profit": 54,
        "Operating Income": 14,
        "EBIT": 14,
        "Net Income": 14
    },
    "2009-11-30": {
        "Diluted EPS": 0.01,
        "Total Revenue": 61,
        "Gross Profit": 33,
        "Operating Income": -1,
        "EBIT": -1,
        "Net Income": 1
    },
    "2009-08-31": {
        "Diluted EPS": 0.37,
        "Total Revenue": 149,
        "Gross Profit": 102,
        "Operating Income": 61,
        "EBIT": 61,
        "Net Income": 57
    },
    "2009-05-31": {
        "Diluted EPS": 0.02,
        "Total Revenue": 59,
        "Gross Profit": 34,
        "Operating Income": 2,
        "EBIT": 2,
        "Net Income": 3
    },
    "2009-02-28": {
        "Diluted EPS": 0.07,
        "Total Revenue": 65,
        "Gross Profit": 39,
        "Operating Income": 9,
        "EBIT": 9,
        "Net Income": 10
    },
    "2023-08-31": {
        "Tax Effect Of Unusual Items": 1834145.851882,
        "Tax Rate For Calcs": 0.253055,
        "Normalized EBITDA": 197876000.0,
        "Total Unusual Items": 7248000.0,
        "Total Unusual Items Excluding Goodwill": 7248000.0,
        "Net Income From Continuing Operation Net Minority Interest": 165386000.0,
        "Reconciled Cost Of Revenue": 441218000.0,
        "EBITDA": 205124000.0,
        "EBIT": 205124000.0,
        "Normalized Income": 159972145.851882,
        "Net Income From Continuing And Discontinued Operation": 165386000.0,
        "Total Expenses": 894897000.0,
        "Total Operating Income As Reported": 205124000.0,
        "Diluted Average Shares": 166531869.0,
        "Basic Average Shares": 165120388.0,
        "Diluted EPS": 1.0,
        "Basic EPS": 1.0,
        "Diluted NI Availto Com Stockholders": 165386000.0,
        "Net Income Common Stockholders": 165386000.0,
        "Net Income": 165386000.0,
        "Minority Interests": -10688000.0,
        "Net Income Including Noncontrolling Interests": 176074000.0,
        "Net Income Continuous Operations": 176074000.0,
        "Earnings From Equity Interest Net Of Tax": -8496000.0,
        "Tax Provision": 62530000.0,
        "Pretax Income": 247100000.0,
        "Other Income Expense": 41976000.0,
        "Other Non Operating Income Expenses": 34728000.0,
        "Gain On Sale Of Security": 7248000.0,
        "Operating Income": 205124000.0,
        "Operating Expense": 453679000.0,
        "Selling General And Administration": 453679000.0,
        "Selling And Marketing Expense": 136121000.0,
        "General And Administrative Expense": 317558000.0,
        "Other Gand A": 317558000.0,
        "Gross Profit": 658803000.0,
        "Cost Of Revenue": 441218000.0,
        "Total Revenue": 1100021000.0,
        "Operating Revenue": 1100021000.0
    }
}