{
    "2023-05-31": {
        "Tax Effect Of Unusual Items": 0.0,
        "Tax Rate For Calcs": 0.273,
        "Normalized EBITDA": 216400.0,
        "Total Unusual Items": NaN,
        "Total Unusual Items Excluding Goodwill": NaN,
        "Net Income From Continuing Operation Net Minority Interest": -872800.0,
        "Reconciled Depreciation": 683600.0,
        "Reconciled Cost Of Revenue": 5150400.0,
        "EBITDA": 216400.0,
        "EBIT": -467200.0,
        "Net Interest Income": -733400.0,
        "Interest Expense": 733400.0,
        "Normalized Income": -872800.0,
        "Net Income From Continuing And Discontinued Operation": -872800.0,
        "Total Expenses": 15382600.0,
        "Diluted Average Shares": 8278049.0,
        "Basic Average Shares": 8278049.0,
        "Diluted EPS": -0.11,
        "Basic EPS": -0.11,
        "Diluted NI Availto Com Stockholders": -872800.0,
        "Net Income Common Stockholders": -872800.0,
        "Net Income": -872800.0,
        "Net Income Including Noncontrolling Interests": -872800.0,
        "Net Income Continuous Operations": -872800.0,
        "Tax Provision": -327800.0,
        "Pretax Income": -1200600.0,
        "Other Income Expense": 391400.0,
        "Other Non Operating Income Expenses": 391400.0,
        "Special Income Charges": NaN,
        "Gain On Sale Of Ppe": NaN,
        "Net Non Operating Interest Income Expense": -733400.0,
        "Interest Expense Non Operating": 733400.0,
        "Operating Income": -858600.0,
        "Operating Expense": 10232200.0,
        "Other Operating Expenses": 2397900.0,
        "Other Taxes": NaN,
        "Selling General And Administration": 7834300.0,
        "Selling And Marketing Expense": 4199800.0,
        "General And Administrative Expense": 3634500.0,
        "Other Gand A": 3634500.0,
        "Gross Profit": 9373600.0,
        "Cost Of Revenue": 5150400.0,
        "Total Revenue": 14524000.0,
        "Operating Revenue": 21595300.0
    },
    "2023-02-28": {
        "Tax Effect Of Unusual Items": 0.0,
        "Tax Rate For Calcs": 0.263834,
        "Normalized EBITDA": -1298000.0,
        "Total Unusual Items": NaN,
        "Total Unusual Items Excluding Goodwill": NaN,
        "Net Income From Continuing Operation Net Minority Interest": -1919700.0,
        "Reconciled Depreciation": 654300.0,
        "Reconciled Cost Of Revenue": 5926600.0,
        "EBITDA": -1298000.0,
        "EBIT": -1952300.0,
        "Net Interest Income": -655400.0,
        "Interest Expense": 655400.0,
        "Normalized Income": -1919700.0,
        "Net Income From Continuing And Discontinued Operation": -1919700.0,
        "Total Expenses": 17084400.0,
        "Diluted Average Shares": 8404233.0,
        "Basic Average Shares": 8404233.0,
        "Diluted EPS": -0.228421,
        "Basic EPS": -0.228421,
        "Diluted NI Availto Com Stockholders": -1919700.0,
        "Net Income Common Stockholders": -1919700.0,
        "Net Income": -1919700.0,
        "Net Income Including Noncontrolling Interests": -1919700.0,
        "Net Income Continuous Operations": -1919700.0,
        "Tax Provision": -688000.0,
        "Pretax Income": -2607700.0,
        "Other Income Expense": 151800.0,
        "Other Non Operating Income Expenses": 151800.0,
        "Special Income Charges": NaN,
        "Gain On Sale Of Ppe": NaN,
        "Net Non Operating Interest Income Expense": -655400.0,
        "Interest Expense Non Operating": 655400.0,
        "Operating Income": -2104100.0,
        "Operating Expense": 11157800.0,
        "Other Operating Expenses": 2813900.0,
        "Other Taxes": NaN,
        "Selling General And Administration": 8343900.0,
        "Selling And Marketing Expense": 4186300.0,
        "General And Administrative Expense": 4157600.0,
        "Other Gand A": 4157600.0,
        "Gross Profit": 9053700.0,
        "Cost Of Revenue": 5926600.0,
        "Total Revenue": 14980300.0,
        "Operating Revenue": 22907100.0
    },
    "2022-11-30": {
        "Tax Effect Of Unusual Items": NaN,
        "Tax Rate For Calcs": NaN,
        "Normalized EBITDA": NaN,
        "Total Unusual Items": 0.0,
        "Total Unusual Items Excluding Goodwill": 0.0,
        "Net Income From Continuing Operation Net Minority Interest": NaN,
        "Reconciled Depreciation": NaN,
        "Reconciled Cost Of Revenue": NaN,
        "EBITDA": NaN,
        "EBIT": NaN,
        "Net Interest Income": NaN,
        "Interest Expense": NaN,
        "Normalized Income": NaN,
        "Net Income From Continuing And Discontinued Operation": NaN,
        "Total Expenses": NaN,
        "Diluted Average Shares": 8249069.0,
        "Basic Average Shares": 8058349.0,
        "Diluted EPS": 0.000109,
        "Basic EPS": 0.000112,
        "Diluted NI Availto Com Stockholders": NaN,
        "Net Income Common Stockholders": NaN,
        "Net Income": NaN,
        "Net Income Including Noncontrolling Interests": NaN,
        "Net Income Continuous Operations": NaN,
        "Tax Provision": NaN,
        "Pretax Income": NaN,
        "Other Income Expense": NaN,
        "Other Non Operating Income Expenses": NaN,
        "Special Income Charges": 0.0,
        "Gain On Sale Of Ppe": 0.0,
        "Net Non Operating Interest Income Expense": NaN,
        "Interest Expense Non Operating": NaN,
        "Operating Income": NaN,
        "Operating Expense": NaN,
        "Other Operating Expenses": NaN,
        "Other Taxes": 0.0,
        "Selling General And Administration": NaN,
        "Selling And Marketing Expense": NaN,
        "General And Administrative Expense": NaN,
        "Other Gand A": NaN,
        "Gross Profit": NaN,
        "Cost Of Revenue": NaN,
        "Total Revenue": NaN,
        "Operating Revenue": NaN
    },
    "2022-08-31": {
        "Tax Effect Of Unusual Items": NaN,
        "Tax Rate For Calcs": NaN,
        "Normalized EBITDA": NaN,
        "Total Unusual Items": NaN,
        "Total Unusual Items Excluding Goodwill": NaN,
        "Net Income From Continuing Operation Net Minority Interest": NaN,
        "Reconciled Depreciation": NaN,
        "Reconciled Cost Of Revenue": NaN,
        "EBITDA": NaN,
        "EBIT": NaN,
        "Net Interest Income": NaN,
        "Interest Expense": NaN,
        "Normalized Income": NaN,
        "Net Income From Continuing And Discontinued Operation": NaN,
        "Total Expenses": NaN,
        "Diluted Average Shares": NaN,
        "Basic Average Shares": NaN,
        "Diluted EPS": NaN,
        "Basic EPS": NaN,
        "Diluted NI Availto Com Stockholders": NaN,
        "Net Income Common Stockholders": NaN,
        "Net Income": NaN,
        "Net Income Including Noncontrolling Interests": NaN,
        "Net Income Continuous Operations": NaN,
        "Tax Provision": NaN,
        "Pretax Income": NaN,
        "Other Income Expense": NaN,
        "Other Non Operating Income Expenses": NaN,
        "Special Income Charges": NaN,
        "Gain On Sale Of Ppe": NaN,
        "Net Non Operating Interest Income Expense": NaN,
        "Interest Expense Non Operating": NaN,
        "Operating Income": NaN,
        "Operating Expense": NaN,
        "Other Operating Expenses": NaN,
        "Other Taxes": 0.0,
        "Selling General And Administration": NaN,
        "Selling And Marketing Expense": NaN,
        "General And Administrative Expense": NaN,
        "Other Gand A": NaN,
        "Gross Profit": NaN,
        "Cost Of Revenue": NaN,
        "Total Revenue": NaN,
        "Operating Revenue": NaN
    },
    "2022-05-31": {
        "Tax Effect Of Unusual Items": 0.0,
        "Tax Rate For Calcs": 0.243603,
        "Normalized EBITDA": 1273000.0,
        "Net Income From Continuing Operation Net Minority Interest": 215800.0,
        "Reconciled Depreciation": 599600.0,
        "Reconciled Cost Of Revenue": 7851500.0,
        "EBIT": 673400.0,
        "Net Interest Income": -388100.0,
        "Interest Expense": 388100.0,
        "Normalized Income": 215800.0,
        "Net Income From Continuing And Discontinued Operation": 215800.0,
        "Total Expenses": 22878200.0,
        "Diluted Average Shares": 8473610.0,
        "Basic Average Shares": 8086427.0,
        "Diluted EPS": 0.03,
        "Basic EPS": 0.03,
        "Diluted NI Availto Com Stockholders": 215800.0,
        "Net Income Common Stockholders": 215800.0,
        "Net Income": 215800.0,
        "Net Income Including Noncontrolling Interests": 215800.0,
        "Net Income Continuous Operations": 215800.0,
        "Tax Provision": 69500.0,
        "Pretax Income": 285300.0,
        "Other Income Expense": 390700.0,
        "Other Non Operating Income Expenses": 390700.0,
        "Net Non Operating Interest Income Expense": -388100.0,
        "Interest Expense Non Operating": 388100.0,
        "Operating Income": 282700.0,
        "Operating Expense": 15026700.0,
        "Other Operating Expenses": 3770600.0,
        "Selling General And Administration": 11256100.0,
        "Selling And Marketing Expense": 6871800.0,
        "General And Administrative Expense": 4384300.0,
        "Other Gand A": 4384300.0,
        "Gross Profit": 15309400.0,
        "Cost Of Revenue": 7851500.0,
        "Total Revenue": 23160900.0,
        "Operating Revenue": 23160900.0
    },
    "2022-02-28": {
        "Diluted EPS": 0.03,
        "Total Revenue": 23,
        "Gross Profit": 15,
        "Operating Income": 0,
        "EBIT": 1,
        "Net Income": 0
    },
    "2021-11-30": {
        "Diluted EPS": 0.31,
        "Total Revenue": 45,
        "Gross Profit": 31,
        "Operating Income": 3,
        "EBIT": 4,
        "Net Income": 3
    },
    "2021-08-31": {
        "Diluted EPS": 0.23,
        "Total Revenue": 33,
        "Gross Profit": 22,
        "Operating Income": 2,
        "EBIT": 3,
        "Net Income": 2
    },
    "2021-05-31": {
        "Diluted EPS": 0.41,
        "Total Revenue": 41,
        "Gross Profit": 29,
        "Operating Income": 4,
        "EBIT": 5,
        "Net Income": 3
    },
    "2021-02-28": {
        "Diluted EPS": 0.25,
        "Total Revenue": 40,
        "Gross Profit": 29,
        "Operating Income": 3,
        "EBIT": 3,
        "Net Income": 2
    },
    "2020-11-30": {
        "Diluted EPS": 0.51,
        "Total Revenue": 67,
        "Gross Profit": 47,
        "Operating Income": 5,
        "EBIT": 6,
        "Net Income": 4
    },
    "2020-08-31": {
        "Diluted EPS": 0.51,
        "Total Revenue": 59,
        "Gross Profit": 42,
        "Operating Income": 5,
        "EBIT": 6,
        "Net Income": 4
    },
    "2020-05-31": {
        "Diluted EPS": 0.23,
        "Total Revenue": 38,
        "Gross Profit": 27,
        "Operating Income": 2,
        "EBIT": 3,
        "Net Income": 2
    },
    "2020-02-29": {
        "Diluted EPS": 0.06,
        "Total Revenue": 20,
        "Gross Profit": 14,
        "Operating Income": 0,
        "EBIT": 1,
        "Net Income": 1
    },
    "2019-11-30": {
        "Diluted EPS": 0.33,
        "Total Revenue": 41,
        "Gross Profit": 28,
        "Operating Income": 4,
        "EBIT": 4,
        "Net Income": 3
    },
    "2019-08-31": {
        "Diluted EPS": 0.12,
        "Total Revenue": 24,
        "Gross Profit": 16,
        "Operating Income": 1,
        "EBIT": 2,
        "Net Income": 1
    },
    "2019-05-31": {
        "Diluted EPS": 0.17,
        "Total Revenue": 28,
        "Gross Profit": 19,
        "Operating Income": 2,
        "EBIT": 2,
        "Net Income": 1
    },
    "2019-02-28": {
        "Diluted EPS": 0.07,
        "Total Revenue": 24,
        "Gross Profit": 16,
        "Operating Income": 1,
        "EBIT": 1,
        "Net Income": 1
    },
    "2018-11-30": {
        "Diluted EPS": 0.34,
        "Total Revenue": 40,
        "Gross Profit": 27,
        "Operating Income": 4,
        "EBIT": 4,
        "Net Income": 3
    },
    "2018-08-31": {
        "Diluted EPS": 0.18,
        "Total Revenue": 25,
        "Gross Profit": 16,
        "Operating Income": 2,
        "EBIT": 2,
        "Net Income": 1
    },
    "2018-05-31": {
        "Diluted EPS": 0.22,
        "Total Revenue": 30,
        "Gross Profit": 20,
        "Operating Income": 2,
        "EBIT": 3,
        "Net Income": 2
    },
    "2018-02-28": {
        "Diluted EPS": 0.1,
        "Total Revenue": 22,
        "Gross Profit": 15,
        "Operating Income": 1,
        "EBIT": 1,
        "Net Income": 1
    },
    "2017-11-30": {
        "Diluted EPS": 0.26,
        "Total Revenue": 39,
        "Gross Profit": 27,
        "Operating Income": 3,
        "EBIT": 4,
        "Net Income": 2
    },
    "2017-08-31": {
        "Diluted EPS": 0.13,
        "Total Revenue": 24,
        "Gross Profit": 17,
        "Operating Income": 2,
        "EBIT": 2,
        "Net Income": 1
    },
    "2017-05-31": {
        "Diluted EPS": 0.15,
        "Total Revenue": 27,
        "Gross Profit": 18,
        "Operating Income": 2,
        "EBIT": 2,
        "Net Income": 1
    },
    "2017-02-28": {
        "Diluted EPS": 0.08,
        "Total Revenue": 27,
        "Gross Profit": 21,
        "Operating Income": 1,
        "EBIT": 1,
        "Net Income": 1
    },
    "2016-11-30": {
        "Diluted EPS": 0.16,
        "Total Revenue": 31,
        "Gross Profit": 22,
        "Operating Income": 2,
        "EBIT": 2,
        "Net Income": 1
    },
    "2016-08-31": {
        "Diluted EPS": 0.04,
        "Total Revenue": 26,
        "Gross Profit": 18,
        "Operating Income": 0,
        "EBIT": 1,
        "Net Income": 0
    },
    "2016-05-31": {
        "Diluted EPS": 0.08,
        "Total Revenue": 23,
        "Gross Profit": 16,
        "Operating Income": 1,
        "EBIT": 1,
        "Net Income": 1
    },
    "2016-02-29": {
        "Diluted EPS": -0.02,
        "Total Revenue": 17,
        "Gross Profit": 12,
        "Operating Income": 0,
        "EBIT": 0,
        "Net Income": 0
    },
    "2015-11-30": {
        "Diluted EPS": 0.16,
        "Total Revenue": 24,
        "Gross Profit": 17,
        "Operating Income": 2,
        "EBIT": 2,
        "Net Income": 1
    },
    "2015-08-31": {
        "Diluted EPS": 0.08,
        "Total Revenue": 13,
        "Gross Profit": 8,
        "Operating Income": 1,
        "EBIT": 1,
        "Net Income": 1
    },
    "2015-05-31": {
        "Diluted EPS": 0.04,
        "Total Revenue": 10,
        "Gross Profit": 6,
        "Operating Income": 1,
        "EBIT": 1,
        "Net Income": 0
    },
    "2015-02-28": {
        "Diluted EPS": 0.01,
        "Total Revenue": 8,
        "Gross Profit": 5,
        "Operating Income": 0,
        "EBIT": 0,
        "Net Income": 0
    },
    "2014-11-30": {
        "Diluted EPS": 0.07,
        "Total Revenue": 11,
        "Gross Profit": 7,
        "Operating Income": 1,
        "EBIT": 1,
        "Net Income": 1
    },
    "2014-08-31": {
        "Diluted EPS": 0.0,
        "Total Revenue": 7,
        "Gross Profit": 4,
        "Operating Income": 0,
        "EBIT": 0,
        "Net Income": 0
    },
    "2014-05-31": {
        "Diluted EPS": 0.03,
        "Total Revenue": 7,
        "Gross Profit": 4,
        "Operating Income": 0,
        "EBIT": 0,
        "Net Income": 0
    },
    "2014-02-28": {
        "Diluted EPS": -0.04,
        "Total Revenue": 6,
        "Gross Profit": 4,
        "Operating Income": 0,
        "EBIT": 0,
        "Net Income": 0
    },
    "2013-11-30": {
        "Diluted EPS": 0.07,
        "Total Revenue": 9,
        "Gross Profit": 5,
        "Operating Income": 1,
        "EBIT": 1,
        "Net Income": 1
    },
    "2013-08-31": {
        "Diluted EPS": 0.01,
        "Total Revenue": 6,
        "Gross Profit": 3,
        "Operating Income": 0,
        "EBIT": 0,
        "Net Income": 0
    },
    "2013-05-31": {
        "Diluted EPS": 0.01,
        "Total Revenue": 6,
        "Gross Profit": 4,
        "Operating Income": 0,
        "EBIT": 0,
        "Net Income": 0
    },
    "2013-02-28": {
        "Diluted EPS": -0.03,
        "Total Revenue": 6,
        "Gross Profit": 3,
        "Operating Income": 0,
        "EBIT": 0,
        "Net Income": 0
    },
    "2012-11-30": {
        "Diluted EPS": 0.07,
        "Total Revenue": 8,
        "Gross Profit": 5,
        "Operating Income": 1,
        "EBIT": 1,
        "Net Income": 1
    },
    "2012-08-31": {
        "Diluted EPS": 0.02,
        "Total Revenue": 5,
        "Gross Profit": 3,
        "Operating Income": 0,
        "EBIT": 0,
        "Net Income": 0
    },
    "2012-05-31": {
        "Diluted EPS": 0.05,
        "Total Revenue": 7,
        "Gross Profit": 4,
        "Operating Income": 1,
        "EBIT": 1,
        "Net Income": 0
    },
    "2012-02-29": {
        "Diluted EPS": 0.03,
        "Total Revenue": 6,
        "Gross Profit": 4,
        "Operating Income": 0,
        "EBIT": 0,
        "Net Income": 0
    },
    "2011-11-30": {
        "Diluted EPS": 0.1,
        "Total Revenue": 9,
        "Gross Profit": 5,
        "Operating Income": 1,
        "EBIT": 1,
        "Net Income": 1
    },
    "2011-08-31": {
        "Diluted EPS": 0.02,
        "Total Revenue": 5,
        "Gross Profit": 3,
        "Operating Income": 0,
        "EBIT": 0,
        "Net Income": 0
    },
    "2011-05-31": {
        "Diluted EPS": 0.04,
        "Total Revenue": 6,
        "Gross Profit": 4,
        "Operating Income": 0,
        "EBIT": 0,
        "Net Income": 0
    },
    "2011-02-28": {
        "Diluted EPS": 0.0,
        "Total Revenue": 6,
        "Gross Profit": 4,
        "Operating Income": 0,
        "EBIT": 0,
        "Net Income": 0
    },
    "2010-11-30": {
        "Diluted EPS": 0.1,
        "Total Revenue": 9,
        "Gross Profit": 6,
        "Operating Income": 1,
        "EBIT": 1,
        "Net Income": 1
    },
    "2010-08-31": {
        "Diluted EPS": 0.03,
        "Total Revenue": 6,
        "Gross Profit": 3,
        "Operating Income": 0,
        "EBIT": 0,
        "Net Income": 0
    },
    "2010-05-31": {
        "Diluted EPS": 0.03,
        "Total Revenue": 6,
        "Gross Profit": 4,
        "Operating Income": 0,
        "EBIT": 0,
        "Net Income": 0
    },
    "2010-02-28": {
        "Diluted EPS": 0.04,
        "Total Revenue": 6,
        "Gross Profit": 4,
        "Operating Income": 0,
        "EBIT": 0,
        "Net Income": 0
    },
    "2009-11-30": {
        "Diluted EPS": 0.12,
        "Total Revenue": 10,
        "Gross Profit": 6,
        "Operating Income": 1,
        "EBIT": 1,
        "Net Income": 1
    },
    "2009-08-31": {
        "Diluted EPS": 0.03,
        "Total Revenue": 6,
        "Gross Profit": 4,
        "Operating Income": 0,
        "EBIT": 0,
        "Net Income": 0
    },
    "2009-05-31": {
        "Diluted EPS": 0.06,
        "Total Revenue": 6,
        "Gross Profit": 4,
        "Operating Income": 1,
        "EBIT": 1,
        "Net Income": 0
    },
    "2009-02-28": {
        "Diluted EPS": 0.06,
        "Total Revenue": 6,
        "Gross Profit": 4,
        "Operating Income": 1,
        "EBIT": 1,
        "Net Income": 0
    },
    "2023-08-31": {
        "Tax Effect Of Unusual Items": 0.0,
        "Tax Rate For Calcs": 0.269,
        "Normalized EBITDA": 2878600.0,
        "Total Unusual Items": NaN,
        "Total Unusual Items Excluding Goodwill": NaN,
        "Net Income From Continuing Operation Net Minority Interest": 1061700.0,
        "Reconciled Depreciation": 682400.0,
        "Reconciled Cost Of Revenue": 3684300.0,
        "EBITDA": 2878600.0,
        "EBIT": 2196200.0,
        "Net Interest Income": -743300.0,
        "Interest Expense": 743300.0,
        "Normalized Income": 1061700.0,
        "Net Income From Continuing And Discontinued Operation": 1061700.0,
        "Total Expenses": 8841000.0,
        "Diluted Average Shares": 8269771.0,
        "Basic Average Shares": 8269771.0,
        "Diluted EPS": 0.13,
        "Basic EPS": 0.13,
        "Diluted NI Availto Com Stockholders": 1061700.0,
        "Net Income Common Stockholders": 1061700.0,
        "Net Income": 1061700.0,
        "Net Income Including Noncontrolling Interests": 1061700.0,
        "Net Income Continuous Operations": 1061700.0,
        "Tax Provision": 391200.0,
        "Pretax Income": 1452900.0,
        "Other Income Expense": 444100.0,
        "Other Non Operating Income Expenses": 444100.0,
        "Special Income Charges": NaN,
        "Gain On Sale Of Ppe": NaN,
        "Net Non Operating Interest Income Expense": -743300.0,
        "Interest Expense Non Operating": 743300.0,
        "Operating Income": 1752100.0,
        "Operating Expense": 5156700.0,
        "Other Operating Expenses": 1916000.0,
        "Other Taxes": -3808700.0,
        "Selling General And Administration": 7049400.0,
        "Selling And Marketing Expense": 3520300.0,
        "General And Administrative Expense": 3529100.0,
        "Other Gand A": 3529100.0,
        "Gross Profit": 6908800.0,
        "Cost Of Revenue": 3684300.0,
        "Total Revenue": 10593100.0,
        "Operating Revenue": 16114300.0
    },
    "2023-11-30": {
        "Tax Effect Of Unusual Items": 1064120.8,
        "Tax Rate For Calcs": 0.268,
        "Normalized EBITDA": 81100.0,
        "Total Unusual Items": 3970600.0,
        "Total Unusual Items Excluding Goodwill": 3970600.0,
        "Net Income From Continuing Operation Net Minority Interest": 1972100.0,
        "Reconciled Depreciation": 629500.0,
        "Reconciled Cost Of Revenue": 5802400.0,
        "EBITDA": 4051700.0,
        "EBIT": 3422200.0,
        "Net Interest Income": -726200.0,
        "Interest Expense": 726200.0,
        "Normalized Income": -934379.2,
        "Net Income From Continuing And Discontinued Operation": 1972100.0,
        "Total Expenses": 17885900.0,
        "Diluted Average Shares": 8266032.0,
        "Basic Average Shares": 8266032.0,
        "Diluted EPS": 0.24,
        "Basic EPS": 0.24,
        "Diluted NI Availto Com Stockholders": 1972100.0,
        "Net Income Common Stockholders": 1972100.0,
        "Net Income": 1972100.0,
        "Net Income Including Noncontrolling Interests": 1972100.0,
        "Net Income Continuous Operations": 1972100.0,
        "Tax Provision": 723900.0,
        "Pretax Income": 2696000.0,
        "Other Income Expense": 4363300.0,
        "Other Non Operating Income Expenses": 392700.0,
        "Special Income Charges": 3970600.0,
        "Gain On Sale Of Ppe": 3970600.0,
        "Net Non Operating Interest Income Expense": -726200.0,
        "Interest Expense Non Operating": 726200.0,
        "Operating Income": -941100.0,
        "Operating Expense": 12083500.0,
        "Other Operating Expenses": 2978200.0,
        "Other Taxes": 0.0,
        "Selling General And Administration": 9105300.0,
        "Selling And Marketing Expense": 5585000.0,
        "General And Administrative Expense": 3520300.0,
        "Other Gand A": 3520300.0,
        "Gross Profit": 11142400.0,
        "Cost Of Revenue": 5802400.0,
        "Total Revenue": 16944800.0,
        "Operating Revenue": 25384200.0
    },
    "2024-02-29": {
        "Tax Effect Of Unusual Items": 0.0,
        "Tax Rate For Calcs": 0.270633,
        "Normalized EBITDA": -1166000.0,
        "Total Unusual Items": NaN,
        "Total Unusual Items Excluding Goodwill": NaN,
        "Net Income From Continuing Operation Net Minority Interest": -1614600.0,
        "Reconciled Depreciation": 491700.0,
        "Reconciled Cost Of Revenue": 3408300.0,
        "EBITDA": -1166000.0,
        "EBIT": -1657700.0,
        "Net Interest Income": -556000.0,
        "Interest Expense": 556000.0,
        "Normalized Income": -1614600.0,
        "Net Income From Continuing And Discontinued Operation": -1614600.0,
        "Total Expenses": 14821700.0,
        "Diluted Average Shares": NaN,
        "Basic Average Shares": NaN,
        "Diluted EPS": NaN,
        "Basic EPS": NaN,
        "Diluted NI Availto Com Stockholders": -1614600.0,
        "Net Income Common Stockholders": -1614600.0,
        "Net Income": -1614600.0,
        "Net Income Including Noncontrolling Interests": -1614600.0,
        "Net Income Continuous Operations": -1614600.0,
        "Tax Provision": -599100.0,
        "Pretax Income": -2213700.0,
        "Other Income Expense": 4195500.0,
        "Other Non Operating Income Expenses": 8212600.0,
        "Special Income Charges": NaN,
        "Gain On Sale Of Ppe": NaN,
        "Net Non Operating Interest Income Expense": -556000.0,
        "Interest Expense Non Operating": 556000.0,
        "Operating Income": -5853200.0,
        "Operating Expense": 11413400.0,
        "Other Operating Expenses": 1497100.0,
        "Other Taxes": NaN,
        "Selling General And Administration": 6107600.0,
        "Selling And Marketing Expense": 2800500.0,
        "General And Administrative Expense": 3307100.0,
        "Other Gand A": 3307100.0,
        "Gross Profit": 5560200.0,
        "Cost Of Revenue": 3408300.0,
        "Total Revenue": 8968500.0,
        "Operating Revenue": 14865900.0
    }
}