{
    "2023-06-30": {
        "Tax Effect Of Unusual Items": 1720118.343195,
        "Tax Rate For Calcs": 0.273035,
        "Normalized EBITDA": 159700000.0,
        "Total Unusual Items": 6300000.0,
        "Total Unusual Items Excluding Goodwill": 6300000.0,
        "Net Income From Continuing Operation Net Minority Interest": 86100000.0,
        "Reconciled Depreciation": 33700000.0,
        "Reconciled Cost Of Revenue": 558100000.0,
        "EBITDA": 166000000.0,
        "EBIT": 132300000.0,
        "Net Interest Income": -10500000.0,
        "Interest Expense": 14000000.0,
        "Interest Income": 3500000.0,
        "Normalized Income": 81520118.343195,
        "Net Income From Continuing And Discontinued Operation": 86100000.0,
        "Total Expenses": 816500000.0,
        "Total Operating Income As Reported": 122600000.0,
        "Diluted Average Shares": 52871415.0,
        "Basic Average Shares": 49655544.0,
        "Diluted EPS": 1.65,
        "Basic EPS": 1.733945,
        "Diluted NI Availto Com Stockholders": 87200000.0,
        "Average Dilution Earnings": 1100000.0,
        "Net Income Common Stockholders": 86100000.0,
        "Net Income": 86100000.0,
        "Minority Interests": 100000.0,
        "Net Income Including Noncontrolling Interests": 86000000.0,
        "Net Income Continuous Operations": 86000000.0,
        "Tax Provision": 32300000.0,
        "Pretax Income": 118300000.0,
        "Other Income Expense": 6200000.0,
        "Other Non Operating Income Expenses": -100000.0,
        "Gain On Sale Of Security": 6300000.0,
        "Net Non Operating Interest Income Expense": -10500000.0,
        "Interest Expense Non Operating": 14000000.0,
        "Interest Income Non Operating": 3500000.0,
        "Operating Income": 122600000.0,
        "Operating Expense": 258400000.0,
        "Depreciation Amortization Depletion Income Statement": 33700000.0,
        "Depreciation And Amortization In Income Statement": 33700000.0,
        "Selling General And Administration": 224700000.0,
        "General And Administrative Expense": 224700000.0,
        "Other Gand A": 75300000.0,
        "Salaries And Wages": 149400000.0,
        "Gross Profit": 381000000.0,
        "Cost Of Revenue": 558100000.0,
        "Total Revenue": 939100000.0,
        "Operating Revenue": 939100000.0
    },
    "2023-03-31": {
        "Tax Effect Of Unusual Items": -231000.0,
        "Tax Rate For Calcs": 0.21,
        "Normalized EBITDA": 81100000.0,
        "Total Unusual Items": -1100000.0,
        "Total Unusual Items Excluding Goodwill": -1100000.0,
        "Net Income From Continuing Operation Net Minority Interest": 20100000.0,
        "Reconciled Depreciation": 32900000.0,
        "Reconciled Cost Of Revenue": 491600000.0,
        "EBITDA": 80000000.0,
        "EBIT": 47100000.0,
        "Net Interest Income": -7500000.0,
        "Interest Expense": 10100000.0,
        "Interest Income": 2600000.0,
        "Normalized Income": 20969000.0,
        "Net Income From Continuing And Discontinued Operation": 20100000.0,
        "Total Expenses": 741600000.0,
        "Total Operating Income As Reported": 45600000.0,
        "Diluted Average Shares": NaN,
        "Basic Average Shares": NaN,
        "Diluted EPS": NaN,
        "Basic EPS": NaN,
        "Diluted NI Availto Com Stockholders": 20100000.0,
        "Average Dilution Earnings": NaN,
        "Net Income Common Stockholders": 20100000.0,
        "Net Income": 20100000.0,
        "Minority Interests": 300000.0,
        "Net Income Including Noncontrolling Interests": 19800000.0,
        "Net Income Continuous Operations": 19800000.0,
        "Tax Provision": 17200000.0,
        "Pretax Income": 37000000.0,
        "Other Income Expense": -1100000.0,
        "Other Non Operating Income Expenses": NaN,
        "Gain On Sale Of Security": -1100000.0,
        "Net Non Operating Interest Income Expense": -7500000.0,
        "Interest Expense Non Operating": 10100000.0,
        "Interest Income Non Operating": 2600000.0,
        "Operating Income": 45600000.0,
        "Operating Expense": 250000000.0,
        "Depreciation Amortization Depletion Income Statement": 32900000.0,
        "Depreciation And Amortization In Income Statement": 32900000.0,
        "Selling General And Administration": 217100000.0,
        "General And Administrative Expense": 217100000.0,
        "Other Gand A": 75200000.0,
        "Salaries And Wages": 141900000.0,
        "Gross Profit": 295600000.0,
        "Cost Of Revenue": 491600000.0,
        "Total Revenue": 787200000.0,
        "Operating Revenue": 787200000.0
    },
    "2022-12-31": {
        "Tax Effect Of Unusual Items": NaN,
        "Tax Rate For Calcs": NaN,
        "Normalized EBITDA": NaN,
        "Total Unusual Items": NaN,
        "Total Unusual Items Excluding Goodwill": NaN,
        "Net Income From Continuing Operation Net Minority Interest": NaN,
        "Reconciled Depreciation": NaN,
        "Reconciled Cost Of Revenue": NaN,
        "EBITDA": NaN,
        "EBIT": NaN,
        "Net Interest Income": NaN,
        "Interest Expense": NaN,
        "Interest Income": NaN,
        "Normalized Income": NaN,
        "Net Income From Continuing And Discontinued Operation": NaN,
        "Total Expenses": NaN,
        "Total Operating Income As Reported": NaN,
        "Diluted Average Shares": NaN,
        "Basic Average Shares": NaN,
        "Diluted EPS": NaN,
        "Basic EPS": NaN,
        "Diluted NI Availto Com Stockholders": NaN,
        "Average Dilution Earnings": NaN,
        "Net Income Common Stockholders": NaN,
        "Net Income": NaN,
        "Minority Interests": NaN,
        "Net Income Including Noncontrolling Interests": NaN,
        "Net Income Continuous Operations": NaN,
        "Tax Provision": NaN,
        "Pretax Income": NaN,
        "Other Income Expense": NaN,
        "Other Non Operating Income Expenses": 748000.0,
        "Gain On Sale Of Security": NaN,
        "Net Non Operating Interest Income Expense": NaN,
        "Interest Expense Non Operating": NaN,
        "Interest Income Non Operating": NaN,
        "Operating Income": NaN,
        "Operating Expense": NaN,
        "Depreciation Amortization Depletion Income Statement": NaN,
        "Depreciation And Amortization In Income Statement": NaN,
        "Selling General And Administration": NaN,
        "General And Administrative Expense": NaN,
        "Other Gand A": NaN,
        "Salaries And Wages": NaN,
        "Gross Profit": NaN,
        "Cost Of Revenue": NaN,
        "Total Revenue": NaN,
        "Operating Revenue": NaN
    },
    "2022-09-30": {
        "Tax Effect Of Unusual Items": NaN,
        "Tax Rate For Calcs": NaN,
        "Normalized EBITDA": NaN,
        "Total Unusual Items": NaN,
        "Total Unusual Items Excluding Goodwill": NaN,
        "Net Income From Continuing Operation Net Minority Interest": NaN,
        "Reconciled Depreciation": NaN,
        "Reconciled Cost Of Revenue": NaN,
        "EBITDA": NaN,
        "EBIT": NaN,
        "Net Interest Income": NaN,
        "Interest Expense": NaN,
        "Interest Income": NaN,
        "Normalized Income": NaN,
        "Net Income From Continuing And Discontinued Operation": NaN,
        "Total Expenses": NaN,
        "Total Operating Income As Reported": NaN,
        "Diluted Average Shares": NaN,
        "Basic Average Shares": NaN,
        "Diluted EPS": NaN,
        "Basic EPS": NaN,
        "Diluted NI Availto Com Stockholders": NaN,
        "Average Dilution Earnings": 1100000.0,
        "Net Income Common Stockholders": NaN,
        "Net Income": NaN,
        "Minority Interests": NaN,
        "Net Income Including Noncontrolling Interests": NaN,
        "Net Income Continuous Operations": NaN,
        "Tax Provision": NaN,
        "Pretax Income": NaN,
        "Other Income Expense": NaN,
        "Other Non Operating Income Expenses": 10000.0,
        "Gain On Sale Of Security": NaN,
        "Net Non Operating Interest Income Expense": NaN,
        "Interest Expense Non Operating": NaN,
        "Interest Income Non Operating": NaN,
        "Operating Income": NaN,
        "Operating Expense": NaN,
        "Depreciation Amortization Depletion Income Statement": NaN,
        "Depreciation And Amortization In Income Statement": NaN,
        "Selling General And Administration": NaN,
        "General And Administrative Expense": NaN,
        "Other Gand A": NaN,
        "Salaries And Wages": NaN,
        "Gross Profit": NaN,
        "Cost Of Revenue": NaN,
        "Total Revenue": NaN,
        "Operating Revenue": NaN
    },
    "2022-06-30": {
        "Tax Effect Of Unusual Items": -3911182.51928,
        "Tax Rate For Calcs": 0.266067,
        "Normalized EBITDA": 137300000.0,
        "Total Unusual Items": -14700000.0,
        "Total Unusual Items Excluding Goodwill": -14700000.0,
        "Net Income From Continuing Operation Net Minority Interest": 57300000.0,
        "Reconciled Depreciation": 36000000.0,
        "Reconciled Cost Of Revenue": 500700000.0,
        "EBITDA": 122600000.0,
        "EBIT": 86600000.0,
        "Net Interest Income": -8600000.0,
        "Interest Expense": 8800000.0,
        "Interest Income": 200000.0,
        "Normalized Income": 68088817.48072,
        "Net Income From Continuing And Discontinued Operation": 57300000.0,
        "Total Expenses": 742200000.0,
        "Total Operating Income As Reported": 101100000.0,
        "Diluted Average Shares": 53766914.0,
        "Basic Average Shares": 50394610.0,
        "Diluted EPS": 1.08,
        "Basic EPS": 1.13,
        "Diluted NI Availto Com Stockholders": 58400000.0,
        "Average Dilution Earnings": 1100000.0,
        "Net Income Common Stockholders": 57300000.0,
        "Net Income": 57300000.0,
        "Minority Interests": 200000.0,
        "Net Income Including Noncontrolling Interests": 57100000.0,
        "Net Income Continuous Operations": 57100000.0,
        "Tax Provision": 20700000.0,
        "Pretax Income": 77800000.0,
        "Other Income Expense": -14700000.0,
        "Other Non Operating Income Expenses": NaN,
        "Special Income Charges": NaN,
        "Impairment Of Capital Assets": NaN,
        "Gain On Sale Of Security": -14700000.0,
        "Net Non Operating Interest Income Expense": -8600000.0,
        "Interest Expense Non Operating": 8800000.0,
        "Interest Income Non Operating": 200000.0,
        "Operating Income": 101100000.0,
        "Operating Expense": 241500000.0,
        "Depreciation Amortization Depletion Income Statement": 36000000.0,
        "Depreciation And Amortization In Income Statement": 36000000.0,
        "Selling General And Administration": 205500000.0,
        "General And Administrative Expense": 205500000.0,
        "Other Gand A": 74200000.0,
        "Salaries And Wages": 131300000.0,
        "Gross Profit": 342600000.0,
        "Cost Of Revenue": 500700000.0,
        "Total Revenue": 843300000.0,
        "Operating Revenue": 843300000.0
    },
    "2022-03-31": {
        "Diluted EPS": 0.16,
        "Total Revenue": 719,
        "Gross Profit": 260,
        "Operating Income": 37,
        "EBIT": 71,
        "Net Income": 8
    },
    "2021-12-31": {
        "Diluted EPS": -0.05,
        "Total Revenue": 812,
        "Gross Profit": 301,
        "Operating Income": 29,
        "EBIT": 69,
        "Net Income": -3
    },
    "2021-09-30": {
        "Diluted EPS": 1.37,
        "Total Revenue": 817,
        "Gross Profit": 332,
        "Operating Income": 114,
        "EBIT": 153,
        "Net Income": 74
    },
    "2021-06-30": {
        "Diluted EPS": 0.16,
        "Total Revenue": 715,
        "Gross Profit": 244,
        "Operating Income": 30,
        "EBIT": 69,
        "Net Income": 9
    },
    "2021-03-31": {
        "Diluted EPS": -0.16,
        "Total Revenue": 653,
        "Gross Profit": 218,
        "Operating Income": 10,
        "EBIT": 49,
        "Net Income": -9
    },
    "2020-12-31": {
        "Diluted EPS": 1.36,
        "Total Revenue": 707,
        "Gross Profit": 247,
        "Operating Income": 50,
        "EBIT": 89,
        "Net Income": 70
    },
    "2020-09-30": {
        "Diluted EPS": 0.76,
        "Total Revenue": 664,
        "Gross Profit": 257,
        "Operating Income": 66,
        "EBIT": 103,
        "Net Income": 40
    },
    "2020-06-30": {
        "Diluted EPS": -2.22,
        "Total Revenue": 528,
        "Gross Profit": 178,
        "Operating Income": -101,
        "EBIT": -66,
        "Net Income": -116
    },
    "2020-03-31": {
        "Diluted EPS": 0.04,
        "Total Revenue": 584,
        "Gross Profit": 224,
        "Operating Income": 32,
        "EBIT": 67,
        "Net Income": 2
    },
    "2019-12-31": {
        "Diluted EPS": 1.98,
        "Total Revenue": 694,
        "Gross Profit": 290,
        "Operating Income": 107,
        "EBIT": 140,
        "Net Income": 106
    },
    "2019-09-30": {
        "Diluted EPS": 2.46,
        "Total Revenue": 787,
        "Gross Profit": 382,
        "Operating Income": 194,
        "EBIT": 226,
        "Net Income": 138
    },
    "2019-06-30": {
        "Diluted EPS": 1.25,
        "Total Revenue": 692,
        "Gross Profit": 298,
        "Operating Income": 118,
        "EBIT": 151,
        "Net Income": 68
    },
    "2019-03-31": {
        "Diluted EPS": 0.62,
        "Total Revenue": 578,
        "Gross Profit": 224,
        "Operating Income": 56,
        "EBIT": 87,
        "Net Income": 35
    },
    "2018-12-31": {
        "Diluted EPS": 1.06,
        "Total Revenue": 649,
        "Gross Profit": 254,
        "Operating Income": 71,
        "EBIT": 102,
        "Net Income": 60
    },
    "2018-09-30": {
        "Diluted EPS": 1.89,
        "Total Revenue": 715,
        "Gross Profit": 326,
        "Operating Income": 151,
        "EBIT": 181,
        "Net Income": 103
    },
    "2018-06-30": {
        "Diluted EPS": 0.82,
        "Total Revenue": 622,
        "Gross Profit": 261,
        "Operating Income": 90,
        "EBIT": 120,
        "Net Income": 44
    },
    "2018-03-31": {
        "Diluted EPS": 0.49,
        "Total Revenue": 551,
        "Gross Profit": 207,
        "Operating Income": 45,
        "EBIT": 75,
        "Net Income": 26
    },
    "2017-12-31": {
        "Diluted EPS": -0.39,
        "Total Revenue": 605,
        "Gross Profit": 227,
        "Operating Income": 41,
        "EBIT": 70,
        "Net Income": -23
    },
    "2017-09-30": {
        "Diluted EPS": 1.8,
        "Total Revenue": 638,
        "Gross Profit": 273,
        "Operating Income": 117,
        "EBIT": 145,
        "Net Income": 100
    },
    "2017-06-30": {
        "Diluted EPS": 0.93,
        "Total Revenue": 537,
        "Gross Profit": 219,
        "Operating Income": 67,
        "EBIT": 93,
        "Net Income": 51
    },
    "2017-03-31": {
        "Diluted EPS": 0.51,
        "Total Revenue": 473,
        "Gross Profit": 177,
        "Operating Income": 41,
        "EBIT": 66,
        "Net Income": 28
    },
    "2016-12-31": {
        "Diluted EPS": 0.55,
        "Total Revenue": 520,
        "Gross Profit": 199,
        "Operating Income": 58,
        "EBIT": 84,
        "Net Income": 29
    },
    "2016-09-30": {
        "Diluted EPS": 1.11,
        "Total Revenue": 524,
        "Gross Profit": 224,
        "Operating Income": 90,
        "EBIT": 113,
        "Net Income": 61
    },
    "2016-06-30": {
        "Diluted EPS": 1.04,
        "Total Revenue": 477,
        "Gross Profit": 195,
        "Operating Income": 59,
        "EBIT": 82,
        "Net Income": 56
    },
    "2016-03-31": {
        "Diluted EPS": 0.53,
        "Total Revenue": 438,
        "Gross Profit": 166,
        "Operating Income": 42,
        "EBIT": 64,
        "Net Income": 29
    },
    "2015-12-31": {
        "Diluted EPS": 0.63,
        "Total Revenue": 471,
        "Gross Profit": 180,
        "Operating Income": 55,
        "EBIT": 76,
        "Net Income": 33
    },
    "2015-09-30": {
        "Diluted EPS": 0.57,
        "Total Revenue": 481,
        "Gross Profit": 199,
        "Operating Income": 70,
        "EBIT": 91,
        "Net Income": 31
    },
    "2015-06-30": {
        "Diluted EPS": 0.5,
        "Total Revenue": 425,
        "Gross Profit": 167,
        "Operating Income": 47,
        "EBIT": 67,
        "Net Income": 27
    },
    "2015-03-31": {
        "Diluted EPS": 0.13,
        "Total Revenue": 395,
        "Gross Profit": 144,
        "Operating Income": 32,
        "EBIT": 52,
        "Net Income": 7
    },
    "2014-12-31": {
        "Diluted EPS": 0.57,
        "Total Revenue": 462,
        "Gross Profit": 172,
        "Operating Income": 49,
        "EBIT": 70,
        "Net Income": 30
    },
    "2014-09-30": {
        "Diluted EPS": 0.64,
        "Total Revenue": 453,
        "Gross Profit": 179,
        "Operating Income": 51,
        "EBIT": 70,
        "Net Income": 35
    },
    "2014-06-30": {
        "Diluted EPS": 0.38,
        "Total Revenue": 395,
        "Gross Profit": 153,
        "Operating Income": 34,
        "EBIT": 52,
        "Net Income": 21
    },
    "2014-03-31": {
        "Diluted EPS": 0.3,
        "Total Revenue": 353,
        "Gross Profit": 127,
        "Operating Income": 24,
        "EBIT": 41,
        "Net Income": 16
    },
    "2013-12-31": {
        "Diluted EPS": 0.18,
        "Total Revenue": 375,
        "Gross Profit": 139,
        "Operating Income": 16,
        "EBIT": 33,
        "Net Income": 10
    },
    "2013-09-30": {
        "Diluted EPS": 0.92,
        "Total Revenue": 361,
        "Gross Profit": 137,
        "Operating Income": 55,
        "EBIT": 71,
        "Net Income": 48
    },
    "2013-06-30": {
        "Diluted EPS": 0.35,
        "Total Revenue": 342,
        "Gross Profit": 127,
        "Operating Income": 28,
        "EBIT": 44,
        "Net Income": 18
    },
    "2013-03-31": {
        "Diluted EPS": 0.24,
        "Total Revenue": 336,
        "Gross Profit": 117,
        "Operating Income": 19,
        "EBIT": 37,
        "Net Income": 12
    },
    "2012-12-31": {
        "Diluted EPS": -0.25,
        "Total Revenue": 351,
        "Gross Profit": 126,
        "Operating Income": -2,
        "EBIT": 15,
        "Net Income": -13
    },
    "2012-09-30": {
        "Diluted EPS": 0.28,
        "Total Revenue": 316,
        "Gross Profit": 116,
        "Operating Income": 24,
        "EBIT": 43,
        "Net Income": 15
    },
    "2012-06-30": {
        "Diluted EPS": 0.11,
        "Total Revenue": 302,
        "Gross Profit": 110,
        "Operating Income": 20,
        "EBIT": 38,
        "Net Income": 6
    },
    "2012-03-31": {
        "Diluted EPS": 0.26,
        "Total Revenue": 298,
        "Gross Profit": 104,
        "Operating Income": 16,
        "EBIT": 34,
        "Net Income": 13
    },
    "2011-12-31": {
        "Diluted EPS": 0.21,
        "Total Revenue": 319,
        "Gross Profit": 115,
        "Operating Income": 23,
        "EBIT": 44,
        "Net Income": 11
    },
    "2011-09-30": {
        "Diluted EPS": -0.06,
        "Total Revenue": 300,
        "Gross Profit": 109,
        "Operating Income": 20,
        "EBIT": 37,
        "Net Income": -3
    },
    "2011-06-30": {
        "Diluted EPS": 0.23,
        "Total Revenue": 280,
        "Gross Profit": 104,
        "Operating Income": 19,
        "EBIT": 36,
        "Net Income": 12
    },
    "2011-03-31": {
        "Diluted EPS": 0.33,
        "Total Revenue": 263,
        "Gross Profit": 92,
        "Operating Income": 17,
        "EBIT": 34,
        "Net Income": 17
    },
    "2010-12-31": {
        "Diluted EPS": -1.18,
        "Total Revenue": 284,
        "Gross Profit": 102,
        "Operating Income": -50,
        "EBIT": -32,
        "Net Income": -61
    },
    "2010-09-30": {
        "Diluted EPS": 0.41,
        "Total Revenue": 260,
        "Gross Profit": 93,
        "Operating Income": 20,
        "EBIT": 37,
        "Net Income": 21
    },
    "2010-06-30": {
        "Diluted EPS": -0.03,
        "Total Revenue": 244,
        "Gross Profit": 83,
        "Operating Income": 17,
        "EBIT": 32,
        "Net Income": -1
    },
    "2010-03-31": {
        "Diluted EPS": 0.05,
        "Total Revenue": 250,
        "Gross Profit": 84,
        "Operating Income": 18,
        "EBIT": 35,
        "Net Income": 3
    },
    "2009-12-31": {
        "Diluted EPS": 0.17,
        "Total Revenue": 286,
        "Gross Profit": 99,
        "Operating Income": 22,
        "EBIT": 40,
        "Net Income": 8
    },
    "2009-09-30": {
        "Diluted EPS": 0.36,
        "Total Revenue": 265,
        "Gross Profit": 91,
        "Operating Income": 22,
        "EBIT": 39,
        "Net Income": 19
    },
    "2009-06-30": {
        "Diluted EPS": 0.3,
        "Total Revenue": 249,
        "Gross Profit": 84,
        "Operating Income": 18,
        "EBIT": 34,
        "Net Income": 16
    },
    "2009-03-31": {
        "Diluted EPS": -0.24,
        "Total Revenue": 234,
        "Gross Profit": 80,
        "Operating Income": 10,
        "EBIT": 26,
        "Net Income": -12
    },
    "2023-09-30": {
        "Tax Effect Of Unusual Items": -2569600.0,
        "Tax Rate For Calcs": 0.292,
        "Normalized EBITDA": 203800000.0,
        "Total Unusual Items": -8800000.0,
        "Total Unusual Items Excluding Goodwill": -8800000.0,
        "Net Income From Continuing Operation Net Minority Interest": 104200000.0,
        "Reconciled Depreciation": 32800000.0,
        "Reconciled Cost Of Revenue": 576700000.0,
        "EBITDA": 195000000.0,
        "EBIT": 162200000.0,
        "Net Interest Income": -11000000.0,
        "Interest Expense": 15000000.0,
        "Interest Income": 4000000.0,
        "Normalized Income": 110430400.0,
        "Net Income From Continuing And Discontinued Operation": 104200000.0,
        "Total Expenses": 837000000.0,
        "Total Operating Income As Reported": 167000000.0,
        "Diluted Average Shares": 51470603.0,
        "Basic Average Shares": 46161043.0,
        "Diluted EPS": 2.05,
        "Basic EPS": 2.257315,
        "Diluted NI Availto Com Stockholders": 105300000.0,
        "Average Dilution Earnings": 1100000.0,
        "Net Income Common Stockholders": 104200000.0,
        "Net Income": 104200000.0,
        "Minority Interests": 0.0,
        "Net Income Including Noncontrolling Interests": 104200000.0,
        "Net Income Continuous Operations": 104200000.0,
        "Tax Provision": 43000000.0,
        "Pretax Income": 147200000.0,
        "Other Income Expense": -8800000.0,
        "Other Non Operating Income Expenses": NaN,
        "Gain On Sale Of Security": -8800000.0,
        "Net Non Operating Interest Income Expense": -11000000.0,
        "Interest Expense Non Operating": 15000000.0,
        "Interest Income Non Operating": 4000000.0,
        "Operating Income": 167000000.0,
        "Operating Expense": 260300000.0,
        "Depreciation Amortization Depletion Income Statement": 32800000.0,
        "Depreciation And Amortization In Income Statement": 32800000.0,
        "Selling General And Administration": 227500000.0,
        "General And Administrative Expense": 227500000.0,
        "Other Gand A": 73900000.0,
        "Salaries And Wages": 153600000.0,
        "Gross Profit": 427300000.0,
        "Cost Of Revenue": 576700000.0,
        "Total Revenue": 1004000000.0,
        "Operating Revenue": 1004000000.0
    },
    "2023-12-31": {
        "Tax Effect Of Unusual Items": 3365066.39428,
        "Tax Rate For Calcs": 0.290092,
        "Normalized EBITDA": 136300000.0,
        "Total Unusual Items": 11600000.0,
        "Total Unusual Items Excluding Goodwill": 11600000.0,
        "Net Income From Continuing Operation Net Minority Interest": 69300000.0,
        "Reconciled Depreciation": 33500000.0,
        "Reconciled Cost Of Revenue": 596400000.0,
        "EBITDA": 147900000.0,
        "EBIT": 114400000.0,
        "Net Interest Income": -11400000.0,
        "Interest Expense": 16500000.0,
        "Interest Income": 5100000.0,
        "Normalized Income": 61065066.39428,
        "Net Income From Continuing And Discontinued Operation": 69300000.0,
        "Total Expenses": 860300000.0,
        "Total Operating Income As Reported": 97400000.0,
        "Diluted Average Shares": 49066284.0,
        "Basic Average Shares": 45777962.0,
        "Diluted EPS": 1.43,
        "Basic EPS": 1.513829,
        "Diluted NI Availto Com Stockholders": 70400000.0,
        "Average Dilution Earnings": 1100000.0,
        "Net Income Common Stockholders": 69300000.0,
        "Net Income": 69300000.0,
        "Minority Interests": -200000.0,
        "Net Income Including Noncontrolling Interests": 69500000.0,
        "Net Income Continuous Operations": 69500000.0,
        "Tax Provision": 28400000.0,
        "Pretax Income": 97900000.0,
        "Other Income Expense": 11900000.0,
        "Other Non Operating Income Expenses": 300000.0,
        "Gain On Sale Of Security": 11600000.0,
        "Net Non Operating Interest Income Expense": -11400000.0,
        "Interest Expense Non Operating": 16500000.0,
        "Interest Income Non Operating": 5100000.0,
        "Operating Income": 97400000.0,
        "Operating Expense": 263900000.0,
        "Depreciation Amortization Depletion Income Statement": 33500000.0,
        "Depreciation And Amortization In Income Statement": 33500000.0,
        "Selling General And Administration": 230400000.0,
        "General And Administrative Expense": 230400000.0,
        "Other Gand A": 72400000.0,
        "Salaries And Wages": 158000000.0,
        "Gross Profit": 361300000.0,
        "Cost Of Revenue": 596400000.0,
        "Total Revenue": 957700000.0,
        "Operating Revenue": 957700000.0
    },
    "2024-03-31": {
        "Tax Effect Of Unusual Items": -4737500.0,
        "Tax Rate For Calcs": 0.379,
        "Normalized EBITDA": 102300000.0,
        "Total Unusual Items": -12500000.0,
        "Total Unusual Items Excluding Goodwill": -12500000.0,
        "Net Income From Continuing Operation Net Minority Interest": 26200000.0,
        "Reconciled Depreciation": 32700000.0,
        "Reconciled Cost Of Revenue": 533700000.0,
        "EBITDA": 89800000.0,
        "EBIT": 57100000.0,
        "Net Interest Income": -9200000.0,
        "Interest Expense": 14900000.0,
        "Interest Income": 5700000.0,
        "Normalized Income": 33962500.0,
        "Net Income From Continuing And Discontinued Operation": 26200000.0,
        "Total Expenses": 793000000.0,
        "Total Operating Income As Reported": 64000000.0,
        "Diluted Average Shares": 48962583.0,
        "Basic Average Shares": 45868774.0,
        "Diluted EPS": 0.55,
        "Basic EPS": 0.571195,
        "Diluted NI Availto Com Stockholders": 26200000.0,
        "Average Dilution Earnings": NaN,
        "Net Income Common Stockholders": 26200000.0,
        "Net Income": 26200000.0,
        "Minority Interests": 0.0,
        "Net Income Including Noncontrolling Interests": 26200000.0,
        "Net Income Continuous Operations": 26200000.0,
        "Tax Provision": 16000000.0,
        "Pretax Income": 42200000.0,
        "Other Income Expense": -12600000.0,
        "Other Non Operating Income Expenses": -100000.0,
        "Gain On Sale Of Security": -12500000.0,
        "Net Non Operating Interest Income Expense": -9200000.0,
        "Interest Expense Non Operating": 14900000.0,
        "Interest Income Non Operating": 5700000.0,
        "Operating Income": 64000000.0,
        "Operating Expense": 259300000.0,
        "Depreciation Amortization Depletion Income Statement": 32700000.0,
        "Depreciation And Amortization In Income Statement": 32700000.0,
        "Selling General And Administration": 226600000.0,
        "General And Administrative Expense": 226600000.0,
        "Other Gand A": 71900000.0,
        "Salaries And Wages": 154700000.0,
        "Gross Profit": 323300000.0,
        "Cost Of Revenue": 533700000.0,
        "Total Revenue": 857000000.0,
        "Operating Revenue": 857000000.0
    },
    "2024-06-30": {
        "Tax Effect Of Unusual Items": NaN,
        "Tax Rate For Calcs": NaN,
        "Normalized EBITDA": NaN,
        "Total Unusual Items": NaN,
        "Total Unusual Items Excluding Goodwill": NaN,
        "Net Income From Continuing Operation Net Minority Interest": NaN,
        "Reconciled Depreciation": NaN,
        "Reconciled Cost Of Revenue": NaN,
        "EBITDA": NaN,
        "EBIT": NaN,
        "Net Interest Income": NaN,
        "Interest Expense": NaN,
        "Interest Income": NaN,
        "Normalized Income": NaN,
        "Net Income From Continuing And Discontinued Operation": NaN,
        "Total Expenses": NaN,
        "Total Operating Income As Reported": NaN,
        "Diluted Average Shares": 48700270.0,
        "Basic Average Shares": 45871136.0,
        "Diluted EPS": 1.73,
        "Basic EPS": 1.811597,
        "Diluted NI Availto Com Stockholders": NaN,
        "Average Dilution Earnings": NaN,
        "Net Income Common Stockholders": NaN,
        "Net Income": NaN,
        "Minority Interests": NaN,
        "Net Income Including Noncontrolling Interests": NaN,
        "Net Income Continuous Operations": NaN,
        "Tax Provision": NaN,
        "Pretax Income": NaN,
        "Other Income Expense": NaN,
        "Other Non Operating Income Expenses": NaN,
        "Gain On Sale Of Security": NaN,
        "Net Non Operating Interest Income Expense": NaN,
        "Interest Expense Non Operating": NaN,
        "Interest Income Non Operating": NaN,
        "Operating Income": NaN,
        "Operating Expense": NaN,
        "Depreciation Amortization Depletion Income Statement": NaN,
        "Depreciation And Amortization In Income Statement": NaN,
        "Selling General And Administration": NaN,
        "General And Administrative Expense": NaN,
        "Other Gand A": NaN,
        "Salaries And Wages": NaN,
        "Gross Profit": NaN,
        "Cost Of Revenue": NaN,
        "Total Revenue": NaN,
        "Operating Revenue": NaN
    }
}