{
    "2023-03-31": {
        "Tax Effect Of Unusual Items": 0.0,
        "Tax Rate For Calcs": 0.276,
        "Normalized EBITDA": 31300000.0,
        "Total Unusual Items": 0.0,
        "Total Unusual Items Excluding Goodwill": 0.0,
        "Net Income From Continuing Operation Net Minority Interest": 7100000.0,
        "Reconciled Depreciation": 13500000.0,
        "Reconciled Cost Of Revenue": 43200000.0,
        "EBITDA": 31300000.0,
        "EBIT": 17800000.0,
        "Net Interest Income": -6900000.0,
        "Interest Expense": 8000000.0,
        "Interest Income": 1100000.0,
        "Normalized Income": 7100000.0,
        "Net Income From Continuing And Discontinued Operation": 7100000.0,
        "Total Expenses": 105500000.0,
        "Total Operating Income As Reported": 16800000.0,
        "Diluted Average Shares": 67280000.0,
        "Basic Average Shares": 67280000.0,
        "Diluted EPS": -0.04,
        "Basic EPS": -0.04,
        "Diluted NI Availto Com Stockholders": -3000000.0,
        "Net Income Common Stockholders": -3000000.0,
        "Otherunder Preferred Stock Dividend": 10100000.0,
        "Net Income": 7100000.0,
        "Net Income Including Noncontrolling Interests": 7100000.0,
        "Net Income Continuous Operations": 7100000.0,
        "Tax Provision": 2700000.0,
        "Pretax Income": 9800000.0,
        "Other Income Expense": -100000.0,
        "Other Non Operating Income Expenses": -100000.0,
        "Special Income Charges": 0.0,
        "Other Special Charges": NaN,
        "Impairment Of Capital Assets": 0.0,
        "Net Non Operating Interest Income Expense": -6900000.0,
        "Interest Expense Non Operating": 8000000.0,
        "Interest Income Non Operating": 1100000.0,
        "Operating Income": 16800000.0,
        "Operating Expense": 62300000.0,
        "Other Operating Expenses": NaN,
        "Depreciation Amortization Depletion Income Statement": 13500000.0,
        "Depreciation And Amortization In Income Statement": 13500000.0,
        "Selling General And Administration": 48800000.0,
        "Gross Profit": 79100000.0,
        "Cost Of Revenue": 43200000.0,
        "Total Revenue": 122300000.0,
        "Operating Revenue": 122300000.0
    },
    "2022-12-31": {
        "Tax Effect Of Unusual Items": NaN,
        "Tax Rate For Calcs": NaN,
        "Normalized EBITDA": NaN,
        "Total Unusual Items": NaN,
        "Total Unusual Items Excluding Goodwill": NaN,
        "Net Income From Continuing Operation Net Minority Interest": NaN,
        "Reconciled Depreciation": NaN,
        "Reconciled Cost Of Revenue": NaN,
        "EBITDA": NaN,
        "EBIT": NaN,
        "Net Interest Income": NaN,
        "Interest Expense": NaN,
        "Interest Income": NaN,
        "Normalized Income": NaN,
        "Net Income From Continuing And Discontinued Operation": NaN,
        "Total Expenses": NaN,
        "Total Operating Income As Reported": NaN,
        "Diluted Average Shares": NaN,
        "Basic Average Shares": NaN,
        "Diluted EPS": NaN,
        "Basic EPS": NaN,
        "Diluted NI Availto Com Stockholders": NaN,
        "Net Income Common Stockholders": NaN,
        "Otherunder Preferred Stock Dividend": NaN,
        "Net Income": NaN,
        "Net Income Including Noncontrolling Interests": NaN,
        "Net Income Continuous Operations": NaN,
        "Tax Provision": NaN,
        "Pretax Income": NaN,
        "Other Income Expense": NaN,
        "Other Non Operating Income Expenses": NaN,
        "Special Income Charges": NaN,
        "Other Special Charges": NaN,
        "Impairment Of Capital Assets": 0.0,
        "Net Non Operating Interest Income Expense": NaN,
        "Interest Expense Non Operating": NaN,
        "Interest Income Non Operating": NaN,
        "Operating Income": NaN,
        "Operating Expense": NaN,
        "Other Operating Expenses": 0.0,
        "Depreciation Amortization Depletion Income Statement": NaN,
        "Depreciation And Amortization In Income Statement": NaN,
        "Selling General And Administration": NaN,
        "Gross Profit": NaN,
        "Cost Of Revenue": NaN,
        "Total Revenue": NaN,
        "Operating Revenue": NaN
    },
    "2022-09-30": {
        "Tax Effect Of Unusual Items": NaN,
        "Tax Rate For Calcs": NaN,
        "Normalized EBITDA": NaN,
        "Total Unusual Items": NaN,
        "Total Unusual Items Excluding Goodwill": NaN,
        "Net Income From Continuing Operation Net Minority Interest": NaN,
        "Reconciled Depreciation": NaN,
        "Reconciled Cost Of Revenue": NaN,
        "EBITDA": NaN,
        "EBIT": NaN,
        "Net Interest Income": NaN,
        "Interest Expense": NaN,
        "Interest Income": NaN,
        "Normalized Income": NaN,
        "Net Income From Continuing And Discontinued Operation": NaN,
        "Total Expenses": NaN,
        "Total Operating Income As Reported": NaN,
        "Diluted Average Shares": NaN,
        "Basic Average Shares": NaN,
        "Diluted EPS": NaN,
        "Basic EPS": NaN,
        "Diluted NI Availto Com Stockholders": NaN,
        "Net Income Common Stockholders": NaN,
        "Otherunder Preferred Stock Dividend": NaN,
        "Net Income": NaN,
        "Net Income Including Noncontrolling Interests": NaN,
        "Net Income Continuous Operations": NaN,
        "Tax Provision": NaN,
        "Pretax Income": NaN,
        "Other Income Expense": NaN,
        "Other Non Operating Income Expenses": -100000.0,
        "Special Income Charges": NaN,
        "Other Special Charges": -151000000.0,
        "Impairment Of Capital Assets": NaN,
        "Net Non Operating Interest Income Expense": NaN,
        "Interest Expense Non Operating": NaN,
        "Interest Income Non Operating": NaN,
        "Operating Income": NaN,
        "Operating Expense": NaN,
        "Other Operating Expenses": -151000000.0,
        "Depreciation Amortization Depletion Income Statement": NaN,
        "Depreciation And Amortization In Income Statement": NaN,
        "Selling General And Administration": NaN,
        "Gross Profit": NaN,
        "Cost Of Revenue": NaN,
        "Total Revenue": NaN,
        "Operating Revenue": NaN
    },
    "2022-06-30": {
        "Tax Effect Of Unusual Items": 0.0,
        "Tax Rate For Calcs": 0.4,
        "Normalized EBITDA": 20800000.0,
        "Total Unusual Items": 0.0,
        "Total Unusual Items Excluding Goodwill": 0.0,
        "Net Income From Continuing Operation Net Minority Interest": -700000.0,
        "Reconciled Depreciation": 14000000.0,
        "Reconciled Cost Of Revenue": 26400000.0,
        "EBITDA": 20800000.0,
        "EBIT": 6800000.0,
        "Net Interest Income": -4600000.0,
        "Interest Expense": 4600000.0,
        "Interest Income": NaN,
        "Normalized Income": -700000.0,
        "Net Income From Continuing And Discontinued Operation": -700000.0,
        "Total Expenses": 64600000.0,
        "Total Operating Income As Reported": 6800000.0,
        "Diluted Average Shares": 69816000.0,
        "Basic Average Shares": 69816000.0,
        "Diluted EPS": -0.15,
        "Basic EPS": -0.15,
        "Diluted NI Availto Com Stockholders": -10300000.0,
        "Net Income Common Stockholders": -10300000.0,
        "Otherunder Preferred Stock Dividend": 9600000.0,
        "Net Income": -700000.0,
        "Net Income Including Noncontrolling Interests": -700000.0,
        "Net Income Continuous Operations": -700000.0,
        "Tax Provision": 2900000.0,
        "Pretax Income": 2200000.0,
        "Other Income Expense": NaN,
        "Other Non Operating Income Expenses": NaN,
        "Special Income Charges": 0.0,
        "Gain On Sale Of Ppe": NaN,
        "Other Special Charges": NaN,
        "Impairment Of Capital Assets": 0.0,
        "Net Non Operating Interest Income Expense": -4600000.0,
        "Interest Expense Non Operating": 4600000.0,
        "Interest Income Non Operating": NaN,
        "Operating Income": 6800000.0,
        "Operating Expense": 38200000.0,
        "Other Operating Expenses": -8100000.0,
        "Depreciation Amortization Depletion Income Statement": 14000000.0,
        "Depreciation And Amortization In Income Statement": 14000000.0,
        "Selling General And Administration": 32300000.0,
        "Gross Profit": 45000000.0,
        "Cost Of Revenue": 26400000.0,
        "Total Revenue": 71400000.0,
        "Operating Revenue": 71400000.0
    },
    "2022-03-31": {
        "Diluted EPS": 0.04,
        "Total Revenue": 122,
        "Gross Profit": 88,
        "Operating Income": 19,
        "EBIT": 42,
        "Net Income": 3
    },
    "2021-12-31": {
        "Diluted EPS": -0.27,
        "Total Revenue": 101,
        "Gross Profit": 85,
        "Operating Income": -7,
        "EBIT": 45,
        "Net Income": -18
    },
    "2021-09-30": {
        "Diluted EPS": -0.25,
        "Total Revenue": 78,
        "Gross Profit": 44,
        "Operating Income": -7,
        "EBIT": 5,
        "Net Income": -18
    },
    "2021-06-30": {
        "Diluted EPS": -0.77,
        "Total Revenue": 17,
        "Gross Profit": 14,
        "Operating Income": -32,
        "EBIT": -19,
        "Net Income": -55
    },
    "2021-03-31": {
        "Diluted EPS": -0.33,
        "Total Revenue": 27,
        "Gross Profit": 23,
        "Operating Income": -20,
        "EBIT": -7,
        "Net Income": -24
    },
    "2020-12-31": {
        "Diluted EPS": -0.58,
        "Total Revenue": 55,
        "Gross Profit": 44,
        "Operating Income": -29,
        "EBIT": 15,
        "Net Income": -42
    },
    "2020-09-30": {
        "Diluted EPS": -0.31,
        "Total Revenue": 25,
        "Gross Profit": 20,
        "Operating Income": -18,
        "EBIT": -5,
        "Net Income": -22
    },
    "2020-06-30": {
        "Diluted EPS": 0.13,
        "Total Revenue": 55,
        "Gross Profit": 56,
        "Operating Income": 19,
        "EBIT": 31,
        "Net Income": 10
    },
    "2020-03-31": {
        "Diluted EPS": -8.33,
        "Total Revenue": 100,
        "Gross Profit": 56,
        "Operating Income": -642,
        "EBIT": 18,
        "Net Income": -594
    },
    "2019-12-31": {
        "Diluted EPS": -0.95,
        "Total Revenue": 45,
        "Gross Profit": 28,
        "Operating Income": -77,
        "EBIT": -4,
        "Net Income": -68
    },
    "2019-09-30": {
        "Diluted EPS": -0.27,
        "Total Revenue": 82,
        "Gross Profit": 57,
        "Operating Income": -16,
        "EBIT": 24,
        "Net Income": -20
    },
    "2019-06-30": {
        "Diluted EPS": 0.16,
        "Total Revenue": 103,
        "Gross Profit": 71,
        "Operating Income": 24,
        "EBIT": 38,
        "Net Income": 11
    },
    "2019-03-31": {
        "Diluted EPS": 0.36,
        "Total Revenue": 137,
        "Gross Profit": 92,
        "Operating Income": 43,
        "EBIT": 57,
        "Net Income": 27
    },
    "2018-12-31": {
        "Diluted EPS": -1.2,
        "Total Revenue": 57,
        "Gross Profit": 37,
        "Operating Income": -112,
        "EBIT": 5,
        "Net Income": -90
    },
    "2018-09-30": {
        "Diluted EPS": 0.28,
        "Total Revenue": 103,
        "Gross Profit": 77,
        "Operating Income": 36,
        "EBIT": 48,
        "Net Income": 21
    },
    "2018-06-30": {
        "Diluted EPS": 0.08,
        "Total Revenue": 78,
        "Gross Profit": 54,
        "Operating Income": 15,
        "EBIT": 27,
        "Net Income": 6
    },
    "2018-03-31": {
        "Diluted EPS": 0.5,
        "Total Revenue": 142,
        "Gross Profit": 101,
        "Operating Income": 57,
        "EBIT": 69,
        "Net Income": 38
    },
    "2017-12-31": {
        "Diluted EPS": 0.53,
        "Total Revenue": 32,
        "Gross Profit": 22,
        "Operating Income": -15,
        "EBIT": -4,
        "Net Income": 40
    },
    "2017-09-30": {
        "Diluted EPS": 0.25,
        "Total Revenue": 107,
        "Gross Profit": 80,
        "Operating Income": 39,
        "EBIT": 51,
        "Net Income": 19
    },
    "2017-06-30": {
        "Diluted EPS": -0.09,
        "Total Revenue": 74,
        "Gross Profit": 53,
        "Operating Income": 7,
        "EBIT": 21,
        "Net Income": -6
    },
    "2017-03-31": {
        "Diluted EPS": 0.44,
        "Total Revenue": 136,
        "Gross Profit": 99,
        "Operating Income": 57,
        "EBIT": 68,
        "Net Income": 28
    },
    "2016-12-31": {
        "Diluted EPS": -0.38,
        "Total Revenue": 30,
        "Gross Profit": 21,
        "Operating Income": -14,
        "EBIT": 1,
        "Net Income": -24
    },
    "2016-09-30": {
        "Diluted EPS": 0.29,
        "Total Revenue": 101,
        "Gross Profit": 77,
        "Operating Income": 42,
        "EBIT": 53,
        "Net Income": 18
    },
    "2016-06-30": {
        "Diluted EPS": -0.01,
        "Total Revenue": 65,
        "Gross Profit": 45,
        "Operating Income": 13,
        "EBIT": 24,
        "Net Income": 0
    },
    "2016-03-31": {
        "Diluted EPS": 0.45,
        "Total Revenue": 128,
        "Gross Profit": 96,
        "Operating Income": 60,
        "EBIT": 71,
        "Net Income": 28
    },
    "2015-12-31": {
        "Diluted EPS": 0.0,
        "Total Revenue": NaN,
        "Gross Profit": NaN,
        "Operating Income": NaN,
        "EBIT": NaN,
        "Net Income": NaN
    },
    "2014-12-31": {
        "Diluted EPS": 0.0,
        "Total Revenue": NaN,
        "Gross Profit": NaN,
        "Operating Income": NaN,
        "EBIT": NaN,
        "Net Income": NaN
    },
    "2023-06-30": {
        "Tax Effect Of Unusual Items": -809600.0,
        "Tax Rate For Calcs": 0.352,
        "Normalized EBITDA": 14100000.0,
        "Total Unusual Items": -2300000.0,
        "Total Unusual Items Excluding Goodwill": -2300000.0,
        "Net Income From Continuing Operation Net Minority Interest": -8100000.0,
        "Reconciled Depreciation": 12900000.0,
        "Reconciled Cost Of Revenue": 32800000.0,
        "EBITDA": 11800000.0,
        "EBIT": -1100000.0,
        "Net Interest Income": -9100000.0,
        "Interest Expense": 11400000.0,
        "Interest Income": 2300000.0,
        "Normalized Income": -6609600.0,
        "Net Income From Continuing And Discontinued Operation": -8100000.0,
        "Total Expenses": 87500000.0,
        "Total Operating Income As Reported": -1000000.0,
        "Diluted Average Shares": 62868000.0,
        "Basic Average Shares": 62868000.0,
        "Diluted EPS": -0.29,
        "Basic EPS": -0.29,
        "Diluted NI Availto Com Stockholders": -18500000.0,
        "Net Income Common Stockholders": -18500000.0,
        "Otherunder Preferred Stock Dividend": 10400000.0,
        "Net Income": -8100000.0,
        "Net Income Including Noncontrolling Interests": -8100000.0,
        "Net Income Continuous Operations": -8100000.0,
        "Tax Provision": -4400000.0,
        "Pretax Income": -12500000.0,
        "Other Income Expense": -2400000.0,
        "Other Non Operating Income Expenses": -100000.0,
        "Special Income Charges": -2300000.0,
        "Other Special Charges": 2300000.0,
        "Impairment Of Capital Assets": 0.0,
        "Net Non Operating Interest Income Expense": -9100000.0,
        "Interest Expense Non Operating": 11400000.0,
        "Interest Income Non Operating": 2300000.0,
        "Operating Income": -1000000.0,
        "Operating Expense": 54700000.0,
        "Other Operating Expenses": NaN,
        "Depreciation Amortization Depletion Income Statement": 12900000.0,
        "Depreciation And Amortization In Income Statement": 12900000.0,
        "Selling General And Administration": 41800000.0,
        "Gross Profit": 53700000.0,
        "Cost Of Revenue": 32800000.0,
        "Total Revenue": 86500000.0,
        "Operating Revenue": 86500000.0
    },
    "2023-09-30": {
        "Tax Effect Of Unusual Items": 588000.0,
        "Tax Rate For Calcs": 0.21,
        "Normalized EBITDA": 6500000.0,
        "Total Unusual Items": 2800000.0,
        "Total Unusual Items Excluding Goodwill": 2800000.0,
        "Net Income From Continuing Operation Net Minority Interest": 10700000.0,
        "Reconciled Depreciation": 8800000.0,
        "Reconciled Cost Of Revenue": 25900000.0,
        "EBITDA": 9300000.0,
        "EBIT": 500000.0,
        "Net Interest Income": -10500000.0,
        "Interest Expense": 12100000.0,
        "Interest Income": 1600000.0,
        "Normalized Income": 8488000.0,
        "Net Income From Continuing And Discontinued Operation": 10700000.0,
        "Total Expenses": 76300000.0,
        "Total Operating Income As Reported": -1000000.0,
        "Diluted Average Shares": 63586000.0,
        "Basic Average Shares": 63586000.0,
        "Diluted EPS": 0.0,
        "Basic EPS": 0.0,
        "Diluted NI Availto Com Stockholders": 0.0,
        "Net Income Common Stockholders": 0.0,
        "Otherunder Preferred Stock Dividend": 10700000.0,
        "Net Income": 10700000.0,
        "Net Income Including Noncontrolling Interests": 10700000.0,
        "Net Income Continuous Operations": 10700000.0,
        "Tax Provision": -22300000.0,
        "Pretax Income": -11600000.0,
        "Other Income Expense": 2700000.0,
        "Other Non Operating Income Expenses": -100000.0,
        "Special Income Charges": 2800000.0,
        "Other Special Charges": -2800000.0,
        "Impairment Of Capital Assets": 0.0,
        "Net Non Operating Interest Income Expense": -10500000.0,
        "Interest Expense Non Operating": 12100000.0,
        "Interest Income Non Operating": 1600000.0,
        "Operating Income": -3800000.0,
        "Operating Expense": 50400000.0,
        "Other Operating Expenses": NaN,
        "Depreciation Amortization Depletion Income Statement": 8800000.0,
        "Depreciation And Amortization In Income Statement": 8800000.0,
        "Selling General And Administration": 41600000.0,
        "Gross Profit": 46600000.0,
        "Cost Of Revenue": 25900000.0,
        "Total Revenue": 72500000.0,
        "Operating Revenue": 72500000.0
    },
    "2023-12-31": {
        "Tax Effect Of Unusual Items": -630000.0,
        "Tax Rate For Calcs": 0.21,
        "Normalized EBITDA": 36000000.0,
        "Total Unusual Items": -3000000.0,
        "Total Unusual Items Excluding Goodwill": -3000000.0,
        "Net Income From Continuing Operation Net Minority Interest": -17900000.0,
        "Reconciled Depreciation": 9800000.0,
        "Reconciled Cost Of Revenue": 35700000.0,
        "EBITDA": 33000000.0,
        "EBIT": 23200000.0,
        "Net Interest Income": -8600000.0,
        "Interest Expense": 11800000.0,
        "Interest Income": 3200000.0,
        "Normalized Income": -15530000.0,
        "Net Income From Continuing And Discontinued Operation": -17900000.0,
        "Total Expenses": 78800000.0,
        "Total Operating Income As Reported": 19900000.0,
        "Diluted Average Shares": 62896000.0,
        "Basic Average Shares": 62896000.0,
        "Diluted EPS": -0.46,
        "Basic EPS": -0.46,
        "Diluted NI Availto Com Stockholders": -28700000.0,
        "Net Income Common Stockholders": -28700000.0,
        "Otherunder Preferred Stock Dividend": 10800000.0,
        "Net Income": -17900000.0,
        "Net Income Including Noncontrolling Interests": -17900000.0,
        "Net Income Continuous Operations": -17900000.0,
        "Tax Provision": 29300000.0,
        "Pretax Income": 11400000.0,
        "Other Income Expense": -2700000.0,
        "Other Non Operating Income Expenses": NaN,
        "Special Income Charges": -3000000.0,
        "Other Special Charges": 2800000.0,
        "Impairment Of Capital Assets": 0.0,
        "Net Non Operating Interest Income Expense": -8600000.0,
        "Interest Expense Non Operating": 11800000.0,
        "Interest Income Non Operating": 3200000.0,
        "Operating Income": 22700000.0,
        "Operating Expense": 43100000.0,
        "Other Operating Expenses": NaN,
        "Depreciation Amortization Depletion Income Statement": 9800000.0,
        "Depreciation And Amortization In Income Statement": 9800000.0,
        "Selling General And Administration": 36100000.0,
        "Gross Profit": 65800000.0,
        "Cost Of Revenue": 35700000.0,
        "Total Revenue": 101500000.0,
        "Operating Revenue": 101500000.0
    },
    "2024-03-31": {
        "Tax Effect Of Unusual Items": 241000.0,
        "Tax Rate For Calcs": 0.241,
        "Normalized EBITDA": 32700000.0,
        "Total Unusual Items": 1000000.0,
        "Total Unusual Items Excluding Goodwill": 1000000.0,
        "Net Income From Continuing Operation Net Minority Interest": 11000000.0,
        "Reconciled Depreciation": 7100000.0,
        "Reconciled Cost Of Revenue": 47500000.0,
        "EBITDA": 33700000.0,
        "EBIT": 26600000.0,
        "Net Interest Income": -9800000.0,
        "Interest Expense": 12100000.0,
        "Interest Income": 2300000.0,
        "Normalized Income": 10241000.0,
        "Net Income From Continuing And Discontinued Operation": 11000000.0,
        "Total Expenses": 110100000.0,
        "Total Operating Income As Reported": 24300000.0,
        "Diluted Average Shares": 65205000.0,
        "Basic Average Shares": 63039000.0,
        "Diluted EPS": 0.001534,
        "Basic EPS": 0.001586,
        "Diluted NI Availto Com Stockholders": 100000.0,
        "Net Income Common Stockholders": 100000.0,
        "Otherunder Preferred Stock Dividend": 10900000.0,
        "Net Income": 11000000.0,
        "Net Income Including Noncontrolling Interests": 11000000.0,
        "Net Income Continuous Operations": 11000000.0,
        "Tax Provision": 3500000.0,
        "Pretax Income": 14500000.0,
        "Other Income Expense": 1000000.0,
        "Other Non Operating Income Expenses": NaN,
        "Special Income Charges": 1000000.0,
        "Other Special Charges": -1000000.0,
        "Impairment Of Capital Assets": NaN,
        "Net Non Operating Interest Income Expense": -9800000.0,
        "Interest Expense Non Operating": 12100000.0,
        "Interest Income Non Operating": 2300000.0,
        "Operating Income": 23300000.0,
        "Operating Expense": 62600000.0,
        "Other Operating Expenses": NaN,
        "Depreciation Amortization Depletion Income Statement": 7100000.0,
        "Depreciation And Amortization In Income Statement": 7100000.0,
        "Selling General And Administration": 55500000.0,
        "Gross Profit": 85900000.0,
        "Cost Of Revenue": 47500000.0,
        "Total Revenue": 133400000.0,
        "Operating Revenue": 133400000.0
    }
}