{
    "2023-06-30": {
        "Tax Effect Of Unusual Items": 0.0,
        "Tax Rate For Calcs": 0.216,
        "Total Unusual Items": NaN,
        "Total Unusual Items Excluding Goodwill": NaN,
        "Net Income From Continuing Operation Net Minority Interest": 49127000.0,
        "Reconciled Depreciation": 2922000.0,
        "Net Interest Income": 140327000.0,
        "Interest Expense": 47205000.0,
        "Interest Income": 187532000.0,
        "Normalized Income": 49127000.0,
        "Net Income From Continuing And Discontinued Operation": 49127000.0,
        "Diluted Average Shares": 37495000.0,
        "Basic Average Shares": 37347000.0,
        "Diluted EPS": 1.29,
        "Basic EPS": 1.29,
        "Diluted NI Availto Com Stockholders": 48190000.0,
        "Net Income Common Stockholders": 48190000.0,
        "Preferred Stock Dividends": 937000.0,
        "Net Income": 49127000.0,
        "Net Income Including Noncontrolling Interests": 49127000.0,
        "Net Income Continuous Operations": 49127000.0,
        "Tax Provision": 13560000.0,
        "Pretax Income": 62687000.0,
        "Special Income Charges": NaN,
        "Restructuring And Mergern Acquisition": NaN,
        "Gain On Sale Of Security": 2077000.0,
        "Depreciation Amortization Depletion Income Statement": 1136000.0,
        "Depreciation And Amortization In Income Statement": 1136000.0,
        "Amortization": 1136000.0,
        "Amortization Of Intangibles Income Statement": 1136000.0,
        "Selling General And Administration": 44261000.0,
        "General And Administrative Expense": 44261000.0,
        "Other Gand A": NaN,
        "Insurance And Claims": 2620000.0,
        "Salaries And Wages": 41641000.0,
        "Total Revenue": 136116000.0,
        "Operating Revenue": 136116000.0
    },
    "2023-03-31": {
        "Tax Effect Of Unusual Items": 0.0,
        "Tax Rate For Calcs": 0.218,
        "Total Unusual Items": NaN,
        "Total Unusual Items Excluding Goodwill": NaN,
        "Net Income From Continuing Operation Net Minority Interest": 55738000.0,
        "Reconciled Depreciation": 3006000.0,
        "Net Interest Income": 139180000.0,
        "Interest Expense": 29504000.0,
        "Interest Income": 168684000.0,
        "Normalized Income": 55738000.0,
        "Net Income From Continuing And Discontinued Operation": 55738000.0,
        "Diluted Average Shares": 37487000.0,
        "Basic Average Shares": 37305000.0,
        "Diluted EPS": 1.46,
        "Basic EPS": 1.47,
        "Diluted NI Availto Com Stockholders": 54800000.0,
        "Net Income Common Stockholders": 54800000.0,
        "Preferred Stock Dividends": 938000.0,
        "Net Income": 55738000.0,
        "Net Income Including Noncontrolling Interests": 55738000.0,
        "Net Income Continuous Operations": 55738000.0,
        "Tax Provision": 15523000.0,
        "Pretax Income": 71261000.0,
        "Special Income Charges": NaN,
        "Restructuring And Mergern Acquisition": NaN,
        "Gain On Sale Of Security": 595000.0,
        "Depreciation Amortization Depletion Income Statement": 1239000.0,
        "Depreciation And Amortization In Income Statement": 1239000.0,
        "Amortization": 1239000.0,
        "Amortization Of Intangibles Income Statement": 1239000.0,
        "Selling General And Administration": 45075000.0,
        "General And Administrative Expense": 45075000.0,
        "Other Gand A": NaN,
        "Insurance And Claims": 2572000.0,
        "Salaries And Wages": 42503000.0,
        "Total Revenue": 141803000.0,
        "Operating Revenue": 141803000.0
    },
    "2022-12-31": {
        "Tax Effect Of Unusual Items": NaN,
        "Tax Rate For Calcs": NaN,
        "Total Unusual Items": 0.0,
        "Total Unusual Items Excluding Goodwill": 0.0,
        "Net Income From Continuing Operation Net Minority Interest": NaN,
        "Reconciled Depreciation": NaN,
        "Net Interest Income": NaN,
        "Interest Expense": NaN,
        "Interest Income": NaN,
        "Normalized Income": NaN,
        "Net Income From Continuing And Discontinued Operation": NaN,
        "Diluted Average Shares": NaN,
        "Basic Average Shares": NaN,
        "Diluted EPS": NaN,
        "Basic EPS": NaN,
        "Diluted NI Availto Com Stockholders": NaN,
        "Net Income Common Stockholders": NaN,
        "Preferred Stock Dividends": NaN,
        "Net Income": NaN,
        "Net Income Including Noncontrolling Interests": NaN,
        "Net Income Continuous Operations": NaN,
        "Tax Provision": NaN,
        "Pretax Income": NaN,
        "Special Income Charges": 0.0,
        "Restructuring And Mergern Acquisition": 0.0,
        "Gain On Sale Of Security": NaN,
        "Depreciation Amortization Depletion Income Statement": NaN,
        "Depreciation And Amortization In Income Statement": NaN,
        "Amortization": NaN,
        "Amortization Of Intangibles Income Statement": NaN,
        "Selling General And Administration": NaN,
        "General And Administrative Expense": NaN,
        "Other Gand A": NaN,
        "Insurance And Claims": NaN,
        "Salaries And Wages": NaN,
        "Total Revenue": NaN,
        "Operating Revenue": NaN
    },
    "2022-09-30": {
        "Tax Effect Of Unusual Items": NaN,
        "Tax Rate For Calcs": NaN,
        "Total Unusual Items": 0.0,
        "Total Unusual Items Excluding Goodwill": 0.0,
        "Net Income From Continuing Operation Net Minority Interest": NaN,
        "Reconciled Depreciation": NaN,
        "Net Interest Income": NaN,
        "Interest Expense": NaN,
        "Interest Income": NaN,
        "Normalized Income": NaN,
        "Net Income From Continuing And Discontinued Operation": NaN,
        "Diluted Average Shares": NaN,
        "Basic Average Shares": NaN,
        "Diluted EPS": NaN,
        "Basic EPS": NaN,
        "Diluted NI Availto Com Stockholders": NaN,
        "Net Income Common Stockholders": NaN,
        "Preferred Stock Dividends": NaN,
        "Net Income": NaN,
        "Net Income Including Noncontrolling Interests": NaN,
        "Net Income Continuous Operations": NaN,
        "Tax Provision": NaN,
        "Pretax Income": NaN,
        "Special Income Charges": 0.0,
        "Restructuring And Mergern Acquisition": 0.0,
        "Gain On Sale Of Security": NaN,
        "Depreciation Amortization Depletion Income Statement": NaN,
        "Depreciation And Amortization In Income Statement": NaN,
        "Amortization": NaN,
        "Amortization Of Intangibles Income Statement": NaN,
        "Selling General And Administration": NaN,
        "General And Administrative Expense": NaN,
        "Other Gand A": 3543000.0,
        "Insurance And Claims": NaN,
        "Salaries And Wages": NaN,
        "Total Revenue": NaN,
        "Operating Revenue": NaN
    },
    "2022-06-30": {
        "Tax Effect Of Unusual Items": 0.0,
        "Tax Rate For Calcs": 0.22,
        "Total Unusual Items": 0.0,
        "Total Unusual Items Excluding Goodwill": 0.0,
        "Net Income From Continuing Operation Net Minority Interest": 45149000.0,
        "Reconciled Depreciation": 3793000.0,
        "Net Interest Income": 109613000.0,
        "Interest Expense": 6456000.0,
        "Interest Income": 116069000.0,
        "Normalized Income": 45149000.0,
        "Net Income From Continuing And Discontinued Operation": 45149000.0,
        "Diluted Average Shares": 37282000.0,
        "Basic Average Shares": 37243000.0,
        "Diluted EPS": 1.19,
        "Basic EPS": 1.19,
        "Diluted NI Availto Com Stockholders": 44211000.0,
        "Net Income Common Stockholders": 44211000.0,
        "Preferred Stock Dividends": 938000.0,
        "Net Income": 45149000.0,
        "Net Income Including Noncontrolling Interests": 45149000.0,
        "Net Income Continuous Operations": 45149000.0,
        "Tax Provision": 12576000.0,
        "Pretax Income": 57725000.0,
        "Special Income Charges": 0.0,
        "Gain On Sale Of Business": 0.0,
        "Restructuring And Mergern Acquisition": 0.0,
        "Gain On Sale Of Security": 0.0,
        "Depreciation Amortization Depletion Income Statement": 1328000.0,
        "Depreciation And Amortization In Income Statement": 1328000.0,
        "Amortization": 1328000.0,
        "Amortization Of Intangibles Income Statement": 1328000.0,
        "Selling General And Administration": 36028000.0,
        "General And Administrative Expense": 36028000.0,
        "Other Gand A": 3111000.0,
        "Insurance And Claims": 1623000.0,
        "Salaries And Wages": 36028000.0,
        "Total Revenue": 123807000.0,
        "Operating Revenue": 123807000.0
    },
    "2022-03-31": {
        "Diluted EPS": 1.23,
        "Total Revenue": 125,
        "Gross Profit": 120,
        "Operating Income": 61,
        "EBIT": NaN,
        "Net Income": 46
    },
    "2021-12-31": {
        "Diluted EPS": 1.29,
        "Total Revenue": 130,
        "Gross Profit": 125,
        "Operating Income": 67,
        "EBIT": NaN,
        "Net Income": 51
    },
    "2021-09-30": {
        "Diluted EPS": 0.38,
        "Total Revenue": 121,
        "Gross Profit": 115,
        "Operating Income": 33,
        "EBIT": NaN,
        "Net Income": 14
    },
    "2021-06-30": {
        "Diluted EPS": 1.23,
        "Total Revenue": 104,
        "Gross Profit": 98,
        "Operating Income": 50,
        "EBIT": NaN,
        "Net Income": 38
    },
    "2021-03-31": {
        "Diluted EPS": 0.96,
        "Total Revenue": 96,
        "Gross Profit": 90,
        "Operating Income": 41,
        "EBIT": NaN,
        "Net Income": 30
    },
    "2020-12-31": {
        "Diluted EPS": 1.04,
        "Total Revenue": 103,
        "Gross Profit": 96,
        "Operating Income": 38,
        "EBIT": NaN,
        "Net Income": 29
    },
    "2020-09-30": {
        "Diluted EPS": 0.68,
        "Total Revenue": 83,
        "Gross Profit": 76,
        "Operating Income": 24,
        "EBIT": NaN,
        "Net Income": 18
    },
    "2020-06-30": {
        "Diluted EPS": 0.56,
        "Total Revenue": 83,
        "Gross Profit": 76,
        "Operating Income": 18,
        "EBIT": NaN,
        "Net Income": 15
    },
    "2020-03-31": {
        "Diluted EPS": 0.48,
        "Total Revenue": 90,
        "Gross Profit": 77,
        "Operating Income": 16,
        "EBIT": NaN,
        "Net Income": 13
    },
    "2019-12-31": {
        "Diluted EPS": 1.12,
        "Total Revenue": 92,
        "Gross Profit": 76,
        "Operating Income": 36,
        "EBIT": NaN,
        "Net Income": 29
    },
    "2019-09-30": {
        "Diluted EPS": 1.08,
        "Total Revenue": 95,
        "Gross Profit": 77,
        "Operating Income": 37,
        "EBIT": NaN,
        "Net Income": 29
    },
    "2019-06-30": {
        "Diluted EPS": 0.68,
        "Total Revenue": 91,
        "Gross Profit": 74,
        "Operating Income": 33,
        "EBIT": NaN,
        "Net Income": 18
    },
    "2019-03-31": {
        "Diluted EPS": 0.67,
        "Total Revenue": 77,
        "Gross Profit": 62,
        "Operating Income": 28,
        "EBIT": NaN,
        "Net Income": 16
    },
    "2018-12-31": {
        "Diluted EPS": 1.01,
        "Total Revenue": 75,
        "Gross Profit": 61,
        "Operating Income": 28,
        "EBIT": NaN,
        "Net Income": 24
    },
    "2018-09-30": {
        "Diluted EPS": 0.97,
        "Total Revenue": 69,
        "Gross Profit": 57,
        "Operating Income": 24,
        "EBIT": NaN,
        "Net Income": 23
    },
    "2018-06-30": {
        "Diluted EPS": 0.95,
        "Total Revenue": 68,
        "Gross Profit": 57,
        "Operating Income": 27,
        "EBIT": NaN,
        "Net Income": 22
    },
    "2018-03-31": {
        "Diluted EPS": 0.9,
        "Total Revenue": 65,
        "Gross Profit": 56,
        "Operating Income": 25,
        "EBIT": NaN,
        "Net Income": 21
    },
    "2017-12-31": {
        "Diluted EPS": 0.32,
        "Total Revenue": 66,
        "Gross Profit": 59,
        "Operating Income": 23,
        "EBIT": NaN,
        "Net Income": 8
    },
    "2017-09-30": {
        "Diluted EPS": 0.69,
        "Total Revenue": 61,
        "Gross Profit": 54,
        "Operating Income": 24,
        "EBIT": NaN,
        "Net Income": 16
    },
    "2017-06-30": {
        "Diluted EPS": 0.5,
        "Total Revenue": 59,
        "Gross Profit": 54,
        "Operating Income": 22,
        "EBIT": NaN,
        "Net Income": 12
    },
    "2017-03-31": {
        "Diluted EPS": 0.56,
        "Total Revenue": 51,
        "Gross Profit": 46,
        "Operating Income": 19,
        "EBIT": NaN,
        "Net Income": 12
    },
    "2016-12-31": {
        "Diluted EPS": 0.67,
        "Total Revenue": 48,
        "Gross Profit": 44,
        "Operating Income": 22,
        "EBIT": NaN,
        "Net Income": 14
    },
    "2016-09-30": {
        "Diluted EPS": 0.59,
        "Total Revenue": 44,
        "Gross Profit": 41,
        "Operating Income": 18,
        "EBIT": NaN,
        "Net Income": 12
    },
    "2016-06-30": {
        "Diluted EPS": 0.61,
        "Total Revenue": 44,
        "Gross Profit": 41,
        "Operating Income": 19,
        "EBIT": NaN,
        "Net Income": 12
    },
    "2016-03-31": {
        "Diluted EPS": 0.54,
        "Total Revenue": 41,
        "Gross Profit": 38,
        "Operating Income": 17,
        "EBIT": NaN,
        "Net Income": 11
    },
    "2015-12-31": {
        "Diluted EPS": 0.52,
        "Total Revenue": 42,
        "Gross Profit": 39,
        "Operating Income": 16,
        "EBIT": NaN,
        "Net Income": 11
    },
    "2015-09-30": {
        "Diluted EPS": 0.48,
        "Total Revenue": 38,
        "Gross Profit": 35,
        "Operating Income": 14,
        "EBIT": NaN,
        "Net Income": 10
    },
    "2015-06-30": {
        "Diluted EPS": 0.43,
        "Total Revenue": 38,
        "Gross Profit": 35,
        "Operating Income": 13,
        "EBIT": NaN,
        "Net Income": 9
    },
    "2015-03-31": {
        "Diluted EPS": 0.46,
        "Total Revenue": 36,
        "Gross Profit": 33,
        "Operating Income": 14,
        "EBIT": NaN,
        "Net Income": 9
    },
    "2014-12-31": {
        "Diluted EPS": 0.28,
        "Total Revenue": 39,
        "Gross Profit": 36,
        "Operating Income": 9,
        "EBIT": NaN,
        "Net Income": 6
    },
    "2014-09-30": {
        "Diluted EPS": 0.41,
        "Total Revenue": 35,
        "Gross Profit": 32,
        "Operating Income": 13,
        "EBIT": NaN,
        "Net Income": 8
    },
    "2014-06-30": {
        "Diluted EPS": 0.36,
        "Total Revenue": 36,
        "Gross Profit": 32,
        "Operating Income": 11,
        "EBIT": NaN,
        "Net Income": 7
    },
    "2014-03-31": {
        "Diluted EPS": 0.3,
        "Total Revenue": 38,
        "Gross Profit": 34,
        "Operating Income": 9,
        "EBIT": NaN,
        "Net Income": 6
    },
    "2013-12-31": {
        "Diluted EPS": 0.18,
        "Total Revenue": 41,
        "Gross Profit": 37,
        "Operating Income": 4,
        "EBIT": NaN,
        "Net Income": 4
    },
    "2013-09-30": {
        "Diluted EPS": 0.44,
        "Total Revenue": 41,
        "Gross Profit": 36,
        "Operating Income": 13,
        "EBIT": NaN,
        "Net Income": 8
    },
    "2013-06-30": {
        "Diluted EPS": 0.58,
        "Total Revenue": 36,
        "Gross Profit": 32,
        "Operating Income": 17,
        "EBIT": NaN,
        "Net Income": 11
    },
    "2013-03-31": {
        "Diluted EPS": 0.53,
        "Total Revenue": 45,
        "Gross Profit": 40,
        "Operating Income": 15,
        "EBIT": NaN,
        "Net Income": 10
    },
    "2012-12-31": {
        "Diluted EPS": 0.23,
        "Total Revenue": 42,
        "Gross Profit": 36,
        "Operating Income": 8,
        "EBIT": NaN,
        "Net Income": 4
    },
    "2012-09-30": {
        "Diluted EPS": 0.39,
        "Total Revenue": 51,
        "Gross Profit": 45,
        "Operating Income": 12,
        "EBIT": NaN,
        "Net Income": 7
    },
    "2012-06-30": {
        "Diluted EPS": 0.44,
        "Total Revenue": 41,
        "Gross Profit": 35,
        "Operating Income": 13,
        "EBIT": NaN,
        "Net Income": 8
    },
    "2012-03-31": {
        "Diluted EPS": 0.31,
        "Total Revenue": 41,
        "Gross Profit": 35,
        "Operating Income": 9,
        "EBIT": NaN,
        "Net Income": 6
    },
    "2011-12-31": {
        "Diluted EPS": 0.39,
        "Total Revenue": 40,
        "Gross Profit": 33,
        "Operating Income": 10,
        "EBIT": NaN,
        "Net Income": 7
    },
    "2011-09-30": {
        "Diluted EPS": 0.29,
        "Total Revenue": 43,
        "Gross Profit": 35,
        "Operating Income": 9,
        "EBIT": NaN,
        "Net Income": 5
    },
    "2011-06-30": {
        "Diluted EPS": 0.43,
        "Total Revenue": 43,
        "Gross Profit": 35,
        "Operating Income": 13,
        "EBIT": NaN,
        "Net Income": 8
    },
    "2011-03-31": {
        "Diluted EPS": 0.23,
        "Total Revenue": 35,
        "Gross Profit": 28,
        "Operating Income": 6,
        "EBIT": NaN,
        "Net Income": 3
    },
    "2010-12-31": {
        "Diluted EPS": 0.28,
        "Total Revenue": 36,
        "Gross Profit": 28,
        "Operating Income": 6,
        "EBIT": NaN,
        "Net Income": 3
    },
    "2010-09-30": {
        "Diluted EPS": 0.17,
        "Total Revenue": 35,
        "Gross Profit": 28,
        "Operating Income": 4,
        "EBIT": NaN,
        "Net Income": 3
    },
    "2010-06-30": {
        "Diluted EPS": 0.01,
        "Total Revenue": 32,
        "Gross Profit": 24,
        "Operating Income": 1,
        "EBIT": NaN,
        "Net Income": 1
    },
    "2010-03-31": {
        "Diluted EPS": -0.25,
        "Total Revenue": 31,
        "Gross Profit": 23,
        "Operating Income": -5,
        "EBIT": NaN,
        "Net Income": -3
    },
    "2009-12-31": {
        "Diluted EPS": -0.1,
        "Total Revenue": 32,
        "Gross Profit": 22,
        "Operating Income": 1,
        "EBIT": NaN,
        "Net Income": -3
    },
    "2009-09-30": {
        "Diluted EPS": 0.31,
        "Total Revenue": 39,
        "Gross Profit": 26,
        "Operating Income": 7,
        "EBIT": NaN,
        "Net Income": 5
    },
    "2009-06-30": {
        "Diluted EPS": -0.07,
        "Total Revenue": 34,
        "Gross Profit": 21,
        "Operating Income": -2,
        "EBIT": NaN,
        "Net Income": 0
    },
    "2009-03-31": {
        "Diluted EPS": -4.06,
        "Total Revenue": 33,
        "Gross Profit": 20,
        "Operating Income": -55,
        "EBIT": NaN,
        "Net Income": -51
    },
    "2023-09-30": {
        "Tax Effect Of Unusual Items": 0.0,
        "Tax Rate For Calcs": 0.217,
        "Total Unusual Items": NaN,
        "Total Unusual Items Excluding Goodwill": NaN,
        "Net Income From Continuing Operation Net Minority Interest": 44665000.0,
        "Reconciled Depreciation": 2690000.0,
        "Net Interest Income": 141324000.0,
        "Interest Expense": 59267000.0,
        "Interest Income": 200591000.0,
        "Normalized Income": 44665000.0,
        "Net Income From Continuing And Discontinued Operation": 44665000.0,
        "Diluted Average Shares": 37520000.0,
        "Basic Average Shares": 37405000.0,
        "Diluted EPS": 1.17,
        "Basic EPS": 1.17,
        "Diluted NI Availto Com Stockholders": 43727000.0,
        "Net Income Common Stockholders": 43727000.0,
        "Preferred Stock Dividends": 938000.0,
        "Net Income": 44665000.0,
        "Net Income Including Noncontrolling Interests": 44665000.0,
        "Net Income Continuous Operations": 44665000.0,
        "Tax Provision": 12385000.0,
        "Pretax Income": 57050000.0,
        "Special Income Charges": NaN,
        "Restructuring And Mergern Acquisition": NaN,
        "Gain On Sale Of Security": 0.0,
        "Depreciation Amortization Depletion Income Statement": 1119000.0,
        "Depreciation And Amortization In Income Statement": 1119000.0,
        "Amortization": 1119000.0,
        "Amortization Of Intangibles Income Statement": 1119000.0,
        "Selling General And Administration": 43639000.0,
        "General And Administrative Expense": 43639000.0,
        "Other Gand A": NaN,
        "Insurance And Claims": 2868000.0,
        "Salaries And Wages": 40771000.0,
        "Total Revenue": 130605000.0,
        "Operating Revenue": 130605000.0
    },
    "2023-12-31": {
        "Tax Effect Of Unusual Items": 0.0,
        "Tax Rate For Calcs": 0.19808,
        "Total Unusual Items": NaN,
        "Total Unusual Items Excluding Goodwill": NaN,
        "Net Income From Continuing Operation Net Minority Interest": 44529000.0,
        "Reconciled Depreciation": 2721000.0,
        "Net Interest Income": 140351000.0,
        "Interest Expense": 66351000.0,
        "Interest Income": 206702000.0,
        "Normalized Income": 44529000.0,
        "Net Income From Continuing And Discontinued Operation": 44529000.0,
        "Diluted Average Shares": 37554000.0,
        "Basic Average Shares": 37421000.0,
        "Diluted EPS": 1.16,
        "Basic EPS": 1.16,
        "Diluted NI Availto Com Stockholders": 43592000.0,
        "Net Income Common Stockholders": 43592000.0,
        "Preferred Stock Dividends": 937000.0,
        "Net Income": 44529000.0,
        "Net Income Including Noncontrolling Interests": 44529000.0,
        "Net Income Continuous Operations": 44529000.0,
        "Tax Provision": 10999000.0,
        "Pretax Income": 55528000.0,
        "Special Income Charges": NaN,
        "Restructuring And Mergern Acquisition": NaN,
        "Gain On Sale Of Security": 0.0,
        "Depreciation Amortization Depletion Income Statement": 1108000.0,
        "Depreciation And Amortization In Income Statement": 1108000.0,
        "Amortization": 1108000.0,
        "Amortization Of Intangibles Income Statement": 1108000.0,
        "Selling General And Administration": 44755000.0,
        "General And Administrative Expense": 44755000.0,
        "Other Gand A": NaN,
        "Insurance And Claims": 5104000.0,
        "Salaries And Wages": 39651000.0,
        "Total Revenue": 141861000.0,
        "Operating Revenue": 141861000.0
    },
    "2024-03-31": {
        "Tax Effect Of Unusual Items": 0.0,
        "Tax Rate For Calcs": 0.202,
        "Total Unusual Items": NaN,
        "Total Unusual Items Excluding Goodwill": NaN,
        "Net Income From Continuing Operation Net Minority Interest": 40401000.0,
        "Reconciled Depreciation": 2616000.0,
        "Net Interest Income": 137322000.0,
        "Interest Expense": 69995000.0,
        "Interest Income": 207317000.0,
        "Normalized Income": 40401000.0,
        "Net Income From Continuing And Discontinued Operation": 40401000.0,
        "Diluted Average Shares": 37597000.0,
        "Basic Average Shares": 37490000.0,
        "Diluted EPS": 1.05,
        "Basic EPS": 1.05,
        "Diluted NI Availto Com Stockholders": 39463000.0,
        "Net Income Common Stockholders": 39463000.0,
        "Preferred Stock Dividends": 938000.0,
        "Net Income": 40401000.0,
        "Net Income Including Noncontrolling Interests": 40401000.0,
        "Net Income Continuous Operations": 40401000.0,
        "Tax Provision": 10228000.0,
        "Pretax Income": 50629000.0,
        "Special Income Charges": NaN,
        "Restructuring And Mergern Acquisition": NaN,
        "Gain On Sale Of Security": 585000.0,
        "Depreciation Amortization Depletion Income Statement": 1047000.0,
        "Depreciation And Amortization In Income Statement": 1047000.0,
        "Amortization": 1047000.0,
        "Amortization Of Intangibles Income Statement": 1047000.0,
        "Selling General And Administration": 48869000.0,
        "General And Administrative Expense": 48869000.0,
        "Other Gand A": NaN,
        "Insurance And Claims": 3607000.0,
        "Salaries And Wages": 45262000.0,
        "Total Revenue": 127501000.0,
        "Operating Revenue": 127501000.0
    }
}