{
    "2023-06-30": {
        "Tax Effect Of Unusual Items": 0.0,
        "Tax Rate For Calcs": 0.274336,
        "Normalized EBITDA": 404900000.0,
        "Net Income From Continuing Operation Net Minority Interest": 138300000.0,
        "Reconciled Depreciation": 152100000.0,
        "Reconciled Cost Of Revenue": 585500000.0,
        "EBITDA": 404900000.0,
        "EBIT": 252800000.0,
        "Net Interest Income": -60700000.0,
        "Interest Expense": 60700000.0,
        "Normalized Income": 138300000.0,
        "Net Income From Continuing And Discontinued Operation": 138300000.0,
        "Total Expenses": 1080700000.0,
        "Total Operating Income As Reported": 236900000.0,
        "Diluted Average Shares": 123800000.0,
        "Basic Average Shares": 122700000.0,
        "Diluted EPS": 1.12,
        "Basic EPS": 1.13,
        "Diluted NI Availto Com Stockholders": 138300000.0,
        "Net Income Common Stockholders": 138300000.0,
        "Net Income": 138300000.0,
        "Minority Interests": -1100000.0,
        "Net Income Including Noncontrolling Interests": 139400000.0,
        "Net Income Continuous Operations": 139400000.0,
        "Tax Provision": 52700000.0,
        "Pretax Income": 192100000.0,
        "Other Income Expense": 15900000.0,
        "Other Non Operating Income Expenses": 15900000.0,
        "Net Non Operating Interest Income Expense": -60700000.0,
        "Interest Expense Non Operating": 60700000.0,
        "Operating Income": 236900000.0,
        "Operating Expense": 492700000.0,
        "Depreciation Amortization Depletion Income Statement": 149600000.0,
        "Depreciation And Amortization In Income Statement": 149600000.0,
        "Selling General And Administration": 343100000.0,
        "Gross Profit": 729600000.0,
        "Cost Of Revenue": 588000000.0,
        "Total Revenue": 1317600000.0,
        "Operating Revenue": 1317600000.0
    },
    "2023-03-31": {
        "Tax Effect Of Unusual Items": 0.0,
        "Tax Rate For Calcs": 0.254271,
        "Normalized EBITDA": 362000000.0,
        "Net Income From Continuing Operation Net Minority Interest": 112400000.0,
        "Reconciled Depreciation": 152200000.0,
        "Reconciled Cost Of Revenue": 578300000.0,
        "EBITDA": 362000000.0,
        "EBIT": 209800000.0,
        "Net Interest Income": -57600000.0,
        "Interest Expense": 57600000.0,
        "Normalized Income": 112400000.0,
        "Net Income From Continuing And Discontinued Operation": 112400000.0,
        "Total Expenses": 1096600000.0,
        "Total Operating Income As Reported": 205400000.0,
        "Diluted Average Shares": 123500000.0,
        "Basic Average Shares": 122600000.0,
        "Diluted EPS": 0.91,
        "Basic EPS": 0.92,
        "Diluted NI Availto Com Stockholders": 112400000.0,
        "Net Income Common Stockholders": 112400000.0,
        "Net Income": 112400000.0,
        "Minority Interests": -1100000.0,
        "Net Income Including Noncontrolling Interests": 113500000.0,
        "Net Income Continuous Operations": 113500000.0,
        "Tax Provision": 38700000.0,
        "Pretax Income": 152200000.0,
        "Other Income Expense": 4400000.0,
        "Other Non Operating Income Expenses": 4400000.0,
        "Net Non Operating Interest Income Expense": -57600000.0,
        "Interest Expense Non Operating": 57600000.0,
        "Operating Income": 205400000.0,
        "Operating Expense": 516200000.0,
        "Depreciation Amortization Depletion Income Statement": 150100000.0,
        "Depreciation And Amortization In Income Statement": 150100000.0,
        "Selling General And Administration": 366100000.0,
        "Gross Profit": 721600000.0,
        "Cost Of Revenue": 580400000.0,
        "Total Revenue": 1302000000.0,
        "Operating Revenue": 1302000000.0
    },
    "2022-12-31": {
        "Tax Effect Of Unusual Items": 0.0,
        "Tax Rate For Calcs": 0.227884,
        "Normalized EBITDA": 340400000.0,
        "Net Income From Continuing Operation Net Minority Interest": 108200000.0,
        "Reconciled Depreciation": 144500000.0,
        "Reconciled Cost Of Revenue": 537000000.0,
        "EBITDA": 340400000.0,
        "EBIT": 195900000.0,
        "Net Interest Income": -54600000.0,
        "Interest Expense": 54600000.0,
        "Normalized Income": 108200000.0,
        "Net Income From Continuing And Discontinued Operation": 108200000.0,
        "Total Expenses": 1021900000.0,
        "Total Operating Income As Reported": 176100000.0,
        "Diluted Average Shares": 123300000.0,
        "Basic Average Shares": 122500000.0,
        "Diluted EPS": 0.88,
        "Basic EPS": 0.88,
        "Diluted NI Availto Com Stockholders": 108200000.0,
        "Net Income Common Stockholders": 108200000.0,
        "Net Income": 108200000.0,
        "Minority Interests": -900000.0,
        "Net Income Including Noncontrolling Interests": 109100000.0,
        "Net Income Continuous Operations": 109100000.0,
        "Tax Provision": 32200000.0,
        "Pretax Income": 141300000.0,
        "Other Income Expense": 19800000.0,
        "Other Non Operating Income Expenses": 19800000.0,
        "Net Non Operating Interest Income Expense": -54600000.0,
        "Interest Expense Non Operating": 54600000.0,
        "Operating Income": 176100000.0,
        "Operating Expense": 482700000.0,
        "Depreciation Amortization Depletion Income Statement": 142300000.0,
        "Depreciation And Amortization In Income Statement": 142300000.0,
        "Selling General And Administration": 340400000.0,
        "Gross Profit": 658800000.0,
        "Cost Of Revenue": 539200000.0,
        "Total Revenue": 1198000000.0,
        "Operating Revenue": 1198000000.0
    },
    "2022-09-30": {
        "Tax Effect Of Unusual Items": 0.0,
        "Tax Rate For Calcs": 0.240328,
        "Normalized EBITDA": 409700000.0,
        "Net Income From Continuing Operation Net Minority Interest": 165700000.0,
        "Reconciled Depreciation": 142900000.0,
        "Reconciled Cost Of Revenue": 540500000.0,
        "EBITDA": 409700000.0,
        "EBIT": 266800000.0,
        "Net Interest Income": -47100000.0,
        "Interest Expense": 47100000.0,
        "Normalized Income": 165700000.0,
        "Net Income From Continuing And Discontinued Operation": 165700000.0,
        "Total Expenses": 1001400000.0,
        "Total Operating Income As Reported": 242900000.0,
        "Diluted Average Shares": 123300000.0,
        "Basic Average Shares": 122400000.0,
        "Diluted EPS": 1.34,
        "Basic EPS": 1.35,
        "Diluted NI Availto Com Stockholders": 165700000.0,
        "Net Income Common Stockholders": 165700000.0,
        "Net Income": 165700000.0,
        "Minority Interests": -1200000.0,
        "Net Income Including Noncontrolling Interests": 166900000.0,
        "Net Income Continuous Operations": 166900000.0,
        "Tax Provision": 52800000.0,
        "Pretax Income": 219700000.0,
        "Other Income Expense": 23900000.0,
        "Other Non Operating Income Expenses": 23900000.0,
        "Net Non Operating Interest Income Expense": -47100000.0,
        "Interest Expense Non Operating": 47100000.0,
        "Operating Income": 242900000.0,
        "Operating Expense": 458900000.0,
        "Depreciation Amortization Depletion Income Statement": 140900000.0,
        "Depreciation And Amortization In Income Statement": 140900000.0,
        "Selling General And Administration": 318000000.0,
        "Gross Profit": 701800000.0,
        "Cost Of Revenue": 542500000.0,
        "Total Revenue": 1244300000.0,
        "Operating Revenue": 1244300000.0
    },
    "2022-06-30": {
        "Tax Effect Of Unusual Items": 0.0,
        "Tax Rate For Calcs": 0.239426,
        "Normalized EBITDA": 448300000.0,
        "Net Income From Continuing Operation Net Minority Interest": 200600000.0,
        "Reconciled Depreciation": 141900000.0,
        "Reconciled Cost Of Revenue": 540000000.0,
        "EBITDA": 448300000.0,
        "EBIT": 306400000.0,
        "Net Interest Income": -41600000.0,
        "Interest Expense": 41600000.0,
        "Normalized Income": 200600000.0,
        "Net Income From Continuing And Discontinued Operation": 200600000.0,
        "Total Expenses": 1012100000.0,
        "Total Operating Income As Reported": 304600000.0,
        "Diluted Average Shares": 123300000.0,
        "Basic Average Shares": 122400000.0,
        "Diluted EPS": 1.63,
        "Basic EPS": 1.64,
        "Diluted NI Availto Com Stockholders": 200600000.0,
        "Net Income Common Stockholders": 200600000.0,
        "Net Income": 200600000.0,
        "Minority Interests": -800000.0,
        "Net Income Including Noncontrolling Interests": 201400000.0,
        "Net Income Continuous Operations": 201400000.0,
        "Tax Provision": 63400000.0,
        "Pretax Income": 264800000.0,
        "Other Income Expense": 1800000.0,
        "Other Non Operating Income Expenses": 1800000.0,
        "Net Non Operating Interest Income Expense": -41600000.0,
        "Interest Expense Non Operating": 41600000.0,
        "Operating Income": 304600000.0,
        "Operating Expense": 470000000.0,
        "Depreciation Amortization Depletion Income Statement": 139800000.0,
        "Depreciation And Amortization In Income Statement": 139800000.0,
        "Selling General And Administration": 330200000.0,
        "Gross Profit": 774600000.0,
        "Cost Of Revenue": 542100000.0,
        "Total Revenue": 1316700000.0,
        "Operating Revenue": 1316700000.0
    },
    "2022-03-31": {
        "Diluted EPS": 1.8,
        "Total Revenue": NaN,
        "Gross Profit": 810,
        "Operating Income": 332,
        "EBIT": 472,
        "Net Income": 222
    },
    "2021-12-31": {
        "Diluted EPS": 0.98,
        "Total Revenue": NaN,
        "Gross Profit": 728,
        "Operating Income": 252,
        "EBIT": 387,
        "Net Income": 122
    },
    "2021-09-30": {
        "Diluted EPS": 1.66,
        "Total Revenue": NaN,
        "Gross Profit": 734,
        "Operating Income": 273,
        "EBIT": 392,
        "Net Income": 205
    },
    "2021-06-30": {
        "Diluted EPS": 1.74,
        "Total Revenue": NaN,
        "Gross Profit": 752,
        "Operating Income": 306,
        "EBIT": 426,
        "Net Income": 215
    },
    "2021-03-31": {
        "Diluted EPS": 1.64,
        "Total Revenue": NaN,
        "Gross Profit": 730,
        "Operating Income": 307,
        "EBIT": 423,
        "Net Income": 202
    },
    "2020-12-31": {
        "Diluted EPS": 0.61,
        "Total Revenue": NaN,
        "Gross Profit": 638,
        "Operating Income": 170,
        "EBIT": 274,
        "Net Income": 75
    },
    "2020-09-30": {
        "Diluted EPS": 1.86,
        "Total Revenue": NaN,
        "Gross Profit": 635,
        "Operating Income": 204,
        "EBIT": 308,
        "Net Income": 229
    },
    "2020-06-30": {
        "Diluted EPS": 0.82,
        "Total Revenue": 983,
        "Gross Profit": 574,
        "Operating Income": 167,
        "EBIT": 265,
        "Net Income": 100
    },
    "2020-03-31": {
        "Diluted EPS": 0.95,
        "Total Revenue": 958,
        "Gross Profit": 544,
        "Operating Income": 136,
        "EBIT": 230,
        "Net Income": 117
    },
    "2019-12-31": {
        "Diluted EPS": 0.24,
        "Total Revenue": 906,
        "Gross Profit": 523,
        "Operating Income": 47,
        "EBIT": 136,
        "Net Income": 24
    },
    "2019-09-30": {
        "Diluted EPS": 0.66,
        "Total Revenue": 876,
        "Gross Profit": 501,
        "Operating Income": 122,
        "EBIT": 207,
        "Net Income": 81
    },
    "2019-06-30": {
        "Diluted EPS": 0.55,
        "Total Revenue": 880,
        "Gross Profit": 503,
        "Operating Income": 114,
        "EBIT": 198,
        "Net Income": 67
    },
    "2019-03-31": {
        "Diluted EPS": -4.6,
        "Total Revenue": 846,
        "Gross Profit": 459,
        "Operating Income": -618,
        "EBIT": -539,
        "Net Income": -556
    },
    "2018-12-31": {
        "Diluted EPS": 0.3,
        "Total Revenue": 835,
        "Gross Profit": 463,
        "Operating Income": 46,
        "EBIT": 127,
        "Net Income": 36
    },
    "2018-09-30": {
        "Diluted EPS": 0.32,
        "Total Revenue": 834,
        "Gross Profit": 458,
        "Operating Income": 64,
        "EBIT": 142,
        "Net Income": 38
    },
    "2018-06-30": {
        "Diluted EPS": 1.19,
        "Total Revenue": 877,
        "Gross Profit": 528,
        "Operating Income": 194,
        "EBIT": 272,
        "Net Income": 145
    },
    "2018-03-31": {
        "Diluted EPS": 0.75,
        "Total Revenue": 866,
        "Gross Profit": 523,
        "Operating Income": 144,
        "EBIT": 223,
        "Net Income": 91
    },
    "2017-12-31": {
        "Diluted EPS": 1.42,
        "Total Revenue": 839,
        "Gross Profit": 520,
        "Operating Income": 193,
        "EBIT": 267,
        "Net Income": 172
    },
    "2017-09-30": {
        "Diluted EPS": 0.79,
        "Total Revenue": 835,
        "Gross Profit": 538,
        "Operating Income": 155,
        "EBIT": 228,
        "Net Income": 96
    },
    "2017-06-30": {
        "Diluted EPS": 1.36,
        "Total Revenue": 857,
        "Gross Profit": 563,
        "Operating Income": 266,
        "EBIT": 337,
        "Net Income": 165
    },
    "2017-03-31": {
        "Diluted EPS": 1.26,
        "Total Revenue": 832,
        "Gross Profit": 531,
        "Operating Income": 219,
        "EBIT": 291,
        "Net Income": 153
    },
    "2016-12-31": {
        "Diluted EPS": 1.02,
        "Total Revenue": 801,
        "Gross Profit": 515,
        "Operating Income": 211,
        "EBIT": 284,
        "Net Income": 123
    },
    "2016-09-30": {
        "Diluted EPS": 1.09,
        "Total Revenue": 804,
        "Gross Profit": 516,
        "Operating Income": 212,
        "EBIT": 283,
        "Net Income": 133
    },
    "2016-06-30": {
        "Diluted EPS": 1.08,
        "Total Revenue": 811,
        "Gross Profit": 526,
        "Operating Income": 226,
        "EBIT": 294,
        "Net Income": 131
    },
    "2016-03-31": {
        "Diluted EPS": 0.85,
        "Total Revenue": 728,
        "Gross Profit": 475,
        "Operating Income": 176,
        "EBIT": 233,
        "Net Income": 102
    },
    "2015-12-31": {
        "Diluted EPS": 0.92,
        "Total Revenue": 666,
        "Gross Profit": 441,
        "Operating Income": 177,
        "EBIT": 227,
        "Net Income": 112
    },
    "2015-09-30": {
        "Diluted EPS": 0.98,
        "Total Revenue": 667,
        "Gross Profit": 441,
        "Operating Income": 174,
        "EBIT": 224,
        "Net Income": 118
    },
    "2015-06-30": {
        "Diluted EPS": 0.92,
        "Total Revenue": 678,
        "Gross Profit": 457,
        "Operating Income": 189,
        "EBIT": 239,
        "Net Income": 111
    },
    "2015-03-31": {
        "Diluted EPS": 0.73,
        "Total Revenue": 652,
        "Gross Profit": 437,
        "Operating Income": 154,
        "EBIT": 205,
        "Net Income": 88
    },
    "2014-12-31": {
        "Diluted EPS": 0.8,
        "Total Revenue": 625,
        "Gross Profit": 410,
        "Operating Income": 165,
        "EBIT": 216,
        "Net Income": 98
    },
    "2014-09-30": {
        "Diluted EPS": 0.75,
        "Total Revenue": 613,
        "Gross Profit": 402,
        "Operating Income": 154,
        "EBIT": 205,
        "Net Income": 93
    },
    "2014-06-30": {
        "Diluted EPS": 0.75,
        "Total Revenue": 614,
        "Gross Profit": 402,
        "Operating Income": 167,
        "EBIT": 218,
        "Net Income": 93
    },
    "2014-03-31": {
        "Diluted EPS": 0.67,
        "Total Revenue": 585,
        "Gross Profit": 378,
        "Operating Income": 152,
        "EBIT": 203,
        "Net Income": 84
    },
    "2013-12-31": {
        "Diluted EPS": 0.62,
        "Total Revenue": 579,
        "Gross Profit": 381,
        "Operating Income": 154,
        "EBIT": 200,
        "Net Income": 77
    },
    "2013-09-30": {
        "Diluted EPS": 0.67,
        "Total Revenue": 572,
        "Gross Profit": 375,
        "Operating Income": 150,
        "EBIT": 202,
        "Net Income": 84
    },
    "2013-06-30": {
        "Diluted EPS": 0.73,
        "Total Revenue": 587,
        "Gross Profit": 389,
        "Operating Income": 158,
        "EBIT": 202,
        "Net Income": 91
    },
    "2013-03-31": {
        "Diluted EPS": 0.82,
        "Total Revenue": 567,
        "Gross Profit": 371,
        "Operating Income": 149,
        "EBIT": 197,
        "Net Income": 101
    },
    "2012-12-31": {
        "Diluted EPS": 0.38,
        "Total Revenue": 534,
        "Gross Profit": 337,
        "Operating Income": 92,
        "EBIT": 133,
        "Net Income": 46
    },
    "2012-09-30": {
        "Diluted EPS": 0.64,
        "Total Revenue": 520,
        "Gross Profit": 332,
        "Operating Income": 131,
        "EBIT": 171,
        "Net Income": 78
    },
    "2012-06-30": {
        "Diluted EPS": 0.62,
        "Total Revenue": 513,
        "Gross Profit": 326,
        "Operating Income": 129,
        "EBIT": 170,
        "Net Income": 76
    },
    "2012-03-31": {
        "Diluted EPS": 0.58,
        "Total Revenue": 506,
        "Gross Profit": 319,
        "Operating Income": 128,
        "EBIT": 170,
        "Net Income": 72
    },
    "2011-12-31": {
        "Diluted EPS": 0.6,
        "Total Revenue": 443,
        "Gross Profit": 307,
        "Operating Income": 123,
        "EBIT": 164,
        "Net Income": 74
    },
    "2011-09-30": {
        "Diluted EPS": 0.54,
        "Total Revenue": 490,
        "Gross Profit": 304,
        "Operating Income": 122,
        "EBIT": 162,
        "Net Income": 67
    },
    "2011-06-30": {
        "Diluted EPS": 0.28,
        "Total Revenue": 487,
        "Gross Profit": 298,
        "Operating Income": 115,
        "EBIT": 155,
        "Net Income": 35
    },
    "2011-03-31": {
        "Diluted EPS": 0.46,
        "Total Revenue": 473,
        "Gross Profit": 281,
        "Operating Income": 109,
        "EBIT": 152,
        "Net Income": 57
    },
    "2010-12-31": {
        "Diluted EPS": 0.5,
        "Total Revenue": 482,
        "Gross Profit": 289,
        "Operating Income": 110,
        "EBIT": 152,
        "Net Income": 62
    },
    "2010-09-30": {
        "Diluted EPS": 0.61,
        "Total Revenue": 474,
        "Gross Profit": 286,
        "Operating Income": 110,
        "EBIT": 152,
        "Net Income": 77
    },
    "2010-06-30": {
        "Diluted EPS": 0.56,
        "Total Revenue": 461,
        "Gross Profit": 272,
        "Operating Income": 106,
        "EBIT": 148,
        "Net Income": 71
    },
    "2010-03-31": {
        "Diluted EPS": 0.44,
        "Total Revenue": 443,
        "Gross Profit": 253,
        "Operating Income": 104,
        "EBIT": 147,
        "Net Income": 57
    },
    "2009-12-31": {
        "Diluted EPS": 0.46,
        "Total Revenue": 415,
        "Gross Profit": 241,
        "Operating Income": 79,
        "EBIT": 121,
        "Net Income": 60
    },
    "2009-09-30": {
        "Diluted EPS": 0.47,
        "Total Revenue": 425,
        "Gross Profit": 248,
        "Operating Income": 100,
        "EBIT": 140,
        "Net Income": 60
    },
    "2009-06-30": {
        "Diluted EPS": 0.47,
        "Total Revenue": 429,
        "Gross Profit": 249,
        "Operating Income": 102,
        "EBIT": 141,
        "Net Income": 60
    },
    "2009-03-31": {
        "Diluted EPS": 0.43,
        "Total Revenue": 447,
        "Gross Profit": 260,
        "Operating Income": 101,
        "EBIT": 139,
        "Net Income": 54
    },
    "2023-09-30": {
        "Tax Effect Of Unusual Items": 0.0,
        "Tax Rate For Calcs": 0.138437,
        "Normalized EBITDA": 410200000.0,
        "Net Income From Continuing Operation Net Minority Interest": 162200000.0,
        "Reconciled Depreciation": 156700000.0,
        "Reconciled Cost Of Revenue": 582900000.0,
        "EBITDA": 410200000.0,
        "EBIT": 253500000.0,
        "Net Interest Income": -62800000.0,
        "Interest Expense": 62800000.0,
        "Normalized Income": 162200000.0,
        "Net Income From Continuing And Discontinued Operation": 162200000.0,
        "Total Expenses": 1072700000.0,
        "Total Operating Income As Reported": 246400000.0,
        "Diluted Average Shares": 123900000.0,
        "Basic Average Shares": 123000000.0,
        "Diluted EPS": 1.31,
        "Basic EPS": 1.32,
        "Diluted NI Availto Com Stockholders": 162200000.0,
        "Net Income Common Stockholders": 162200000.0,
        "Net Income": 162200000.0,
        "Minority Interests": -2100000.0,
        "Net Income Including Noncontrolling Interests": 164300000.0,
        "Net Income Continuous Operations": 164300000.0,
        "Tax Provision": 26400000.0,
        "Pretax Income": 190700000.0,
        "Other Income Expense": 7100000.0,
        "Other Non Operating Income Expenses": 7100000.0,
        "Net Non Operating Interest Income Expense": -62800000.0,
        "Interest Expense Non Operating": 62800000.0,
        "Operating Income": 246400000.0,
        "Operating Expense": 487500000.0,
        "Depreciation Amortization Depletion Income Statement": 154400000.0,
        "Depreciation And Amortization In Income Statement": 154400000.0,
        "Selling General And Administration": 333100000.0,
        "Gross Profit": 733900000.0,
        "Cost Of Revenue": 585200000.0,
        "Total Revenue": 1319100000.0,
        "Operating Revenue": 1319100000.0
    }
}