{
    "2023-03-31": {
        "Tax Effect Of Unusual Items": NaN,
        "Tax Rate For Calcs": NaN,
        "Normalized EBITDA": NaN,
        "Total Unusual Items": NaN,
        "Total Unusual Items Excluding Goodwill": NaN,
        "Net Income From Continuing Operation Net Minority Interest": NaN,
        "Reconciled Depreciation": NaN,
        "Reconciled Cost Of Revenue": NaN,
        "EBITDA": NaN,
        "EBIT": NaN,
        "Net Interest Income": NaN,
        "Interest Expense": NaN,
        "Interest Income": 10786000.0,
        "Normalized Income": NaN,
        "Net Income From Continuing And Discontinued Operation": NaN,
        "Total Expenses": NaN,
        "Total Operating Income As Reported": NaN,
        "Diluted Average Shares": NaN,
        "Basic Average Shares": NaN,
        "Diluted EPS": NaN,
        "Basic EPS": NaN,
        "Diluted NI Availto Com Stockholders": NaN,
        "Net Income Common Stockholders": NaN,
        "Net Income": NaN,
        "Net Income Including Noncontrolling Interests": NaN,
        "Net Income Continuous Operations": NaN,
        "Tax Provision": NaN,
        "Pretax Income": NaN,
        "Other Income Expense": NaN,
        "Special Income Charges": 5000.0,
        "Gain On Sale Of Ppe": 5000.0,
        "Other Special Charges": NaN,
        "Impairment Of Capital Assets": NaN,
        "Earnings From Equity Interest": NaN,
        "Gain On Sale Of Security": NaN,
        "Net Non Operating Interest Income Expense": NaN,
        "Total Other Finance Cost": NaN,
        "Interest Expense Non Operating": NaN,
        "Interest Income Non Operating": 10786000.0,
        "Operating Income": NaN,
        "Operating Expense": NaN,
        "Selling General And Administration": NaN,
        "Gross Profit": NaN,
        "Cost Of Revenue": NaN,
        "Total Revenue": NaN,
        "Operating Revenue": NaN
    },
    "2022-12-31": {
        "Tax Effect Of Unusual Items": NaN,
        "Tax Rate For Calcs": NaN,
        "Normalized EBITDA": NaN,
        "Total Unusual Items": NaN,
        "Total Unusual Items Excluding Goodwill": NaN,
        "Net Income From Continuing Operation Net Minority Interest": NaN,
        "Reconciled Depreciation": NaN,
        "Reconciled Cost Of Revenue": NaN,
        "EBITDA": NaN,
        "EBIT": NaN,
        "Net Interest Income": NaN,
        "Interest Expense": NaN,
        "Interest Income": 6018063.053133,
        "Normalized Income": NaN,
        "Net Income From Continuing And Discontinued Operation": NaN,
        "Total Expenses": NaN,
        "Total Operating Income As Reported": NaN,
        "Diluted Average Shares": NaN,
        "Basic Average Shares": NaN,
        "Diluted EPS": NaN,
        "Basic EPS": NaN,
        "Diluted NI Availto Com Stockholders": NaN,
        "Net Income Common Stockholders": NaN,
        "Net Income": NaN,
        "Net Income Including Noncontrolling Interests": NaN,
        "Net Income Continuous Operations": NaN,
        "Tax Provision": NaN,
        "Pretax Income": NaN,
        "Other Income Expense": NaN,
        "Special Income Charges": -186158.602502,
        "Gain On Sale Of Ppe": 82278.164134,
        "Impairment Of Capital Assets": 268436.766636,
        "Earnings From Equity Interest": NaN,
        "Gain On Sale Of Security": NaN,
        "Net Non Operating Interest Income Expense": NaN,
        "Interest Expense Non Operating": NaN,
        "Interest Income Non Operating": 6018063.053133,
        "Operating Income": NaN,
        "Operating Expense": NaN,
        "Selling General And Administration": NaN,
        "Gross Profit": NaN,
        "Cost Of Revenue": NaN,
        "Total Revenue": NaN,
        "Operating Revenue": NaN
    },
    "2022-09-30": {
        "Tax Effect Of Unusual Items": NaN,
        "Tax Rate For Calcs": NaN,
        "Normalized EBITDA": NaN,
        "Total Unusual Items": NaN,
        "Total Unusual Items Excluding Goodwill": NaN,
        "Net Income From Continuing Operation Net Minority Interest": NaN,
        "Reconciled Depreciation": NaN,
        "Reconciled Cost Of Revenue": NaN,
        "EBITDA": NaN,
        "EBIT": NaN,
        "Net Interest Income": NaN,
        "Interest Expense": NaN,
        "Interest Income": NaN,
        "Normalized Income": NaN,
        "Net Income From Continuing And Discontinued Operation": NaN,
        "Total Expenses": NaN,
        "Total Operating Income As Reported": NaN,
        "Diluted Average Shares": NaN,
        "Basic Average Shares": NaN,
        "Diluted EPS": NaN,
        "Basic EPS": NaN,
        "Diluted NI Availto Com Stockholders": NaN,
        "Net Income Common Stockholders": NaN,
        "Net Income": NaN,
        "Net Income Including Noncontrolling Interests": NaN,
        "Net Income Continuous Operations": NaN,
        "Tax Provision": NaN,
        "Pretax Income": NaN,
        "Other Income Expense": NaN,
        "Special Income Charges": NaN,
        "Gain On Sale Of Ppe": NaN,
        "Impairment Of Capital Assets": 35098495.15202,
        "Earnings From Equity Interest": NaN,
        "Gain On Sale Of Security": NaN,
        "Net Non Operating Interest Income Expense": NaN,
        "Interest Expense Non Operating": NaN,
        "Interest Income Non Operating": NaN,
        "Operating Income": NaN,
        "Operating Expense": NaN,
        "Selling General And Administration": NaN,
        "Gross Profit": NaN,
        "Cost Of Revenue": NaN,
        "Total Revenue": NaN,
        "Operating Revenue": NaN
    },
    "2022-06-30": {
        "Tax Effect Of Unusual Items": 14776.424744,
        "Tax Rate For Calcs": 0.187043,
        "Normalized EBITDA": 43721000.0,
        "Total Unusual Items": 79000.0,
        "Total Unusual Items Excluding Goodwill": 79000.0,
        "Net Income From Continuing Operation Net Minority Interest": 13352000.0,
        "Reconciled Depreciation": 22058000.0,
        "Reconciled Cost Of Revenue": 308488000.0,
        "EBITDA": 43800000.0,
        "EBIT": 21742000.0,
        "Net Interest Income": -4460000.0,
        "Interest Expense": 5318000.0,
        "Interest Income": 858000.0,
        "Normalized Income": 13287776.424744,
        "Net Income From Continuing And Discontinued Operation": 13352000.0,
        "Total Expenses": 351834000.0,
        "Total Operating Income As Reported": 20243000.0,
        "Diluted Average Shares": 89850457.0,
        "Basic Average Shares": 89680965.0,
        "Diluted EPS": 0.15,
        "Basic EPS": 0.15,
        "Diluted NI Availto Com Stockholders": 13352000.0,
        "Net Income Common Stockholders": 13352000.0,
        "Net Income": 13352000.0,
        "Net Income Including Noncontrolling Interests": 13352000.0,
        "Net Income Continuous Operations": 13352000.0,
        "Tax Provision": 3072000.0,
        "Pretax Income": 16424000.0,
        "Other Income Expense": 641000.0,
        "Special Income Charges": 79000.0,
        "Gain On Sale Of Ppe": 79000.0,
        "Impairment Of Capital Assets": NaN,
        "Earnings From Equity Interest": 562000.0,
        "Net Non Operating Interest Income Expense": -4460000.0,
        "Interest Expense Non Operating": 5318000.0,
        "Interest Income Non Operating": 858000.0,
        "Operating Income": 20243000.0,
        "Operating Expense": 43346000.0,
        "Selling General And Administration": 43346000.0,
        "Gross Profit": 63589000.0,
        "Cost Of Revenue": 308488000.0,
        "Total Revenue": 372077000.0,
        "Operating Revenue": 372077000.0
    },
    "2022-03-31": {
        "Diluted EPS": 0.0,
        "Total Revenue": 255,
        "Gross Profit": 42,
        "Operating Income": 5,
        "EBIT": 23,
        "Net Income": 0
    },
    "2021-12-31": {
        "Diluted EPS": -0.29,
        "Total Revenue": 255,
        "Gross Profit": 255,
        "Operating Income": 255,
        "EBIT": 255,
        "Net Income": -26
    },
    "2021-09-30": {
        "Diluted EPS": 0.06,
        "Total Revenue": 184,
        "Gross Profit": 184,
        "Operating Income": 184,
        "EBIT": 184,
        "Net Income": 6
    },
    "2021-06-30": {
        "Diluted EPS": 0.04,
        "Total Revenue": 166,
        "Gross Profit": 166,
        "Operating Income": 166,
        "EBIT": 166,
        "Net Income": 3
    },
    "2021-03-31": {
        "Diluted EPS": 0.02,
        "Total Revenue": 160,
        "Gross Profit": 160,
        "Operating Income": 160,
        "EBIT": 160,
        "Net Income": 2
    },
    "2023-06-30": {
        "Tax Effect Of Unusual Items": NaN,
        "Tax Rate For Calcs": NaN,
        "Normalized EBITDA": NaN,
        "Total Unusual Items": NaN,
        "Total Unusual Items Excluding Goodwill": NaN,
        "Net Income From Continuing Operation Net Minority Interest": NaN,
        "Reconciled Depreciation": NaN,
        "Reconciled Cost Of Revenue": NaN,
        "EBITDA": NaN,
        "EBIT": NaN,
        "Net Interest Income": NaN,
        "Interest Expense": 23000000.0,
        "Interest Income": 6592162.751564,
        "Normalized Income": NaN,
        "Net Income From Continuing And Discontinued Operation": NaN,
        "Total Expenses": NaN,
        "Total Operating Income As Reported": NaN,
        "Diluted Average Shares": NaN,
        "Basic Average Shares": NaN,
        "Diluted EPS": NaN,
        "Basic EPS": NaN,
        "Diluted NI Availto Com Stockholders": NaN,
        "Net Income Common Stockholders": NaN,
        "Net Income": NaN,
        "Net Income Including Noncontrolling Interests": NaN,
        "Net Income Continuous Operations": NaN,
        "Tax Provision": NaN,
        "Pretax Income": NaN,
        "Other Income Expense": NaN,
        "Special Income Charges": -24147.116306,
        "Gain On Sale Of Ppe": -24147.116306,
        "Other Special Charges": NaN,
        "Impairment Of Capital Assets": NaN,
        "Earnings From Equity Interest": 1000000.0,
        "Gain On Sale Of Security": -8000000.0,
        "Net Non Operating Interest Income Expense": NaN,
        "Total Other Finance Cost": NaN,
        "Interest Expense Non Operating": 23000000.0,
        "Interest Income Non Operating": 6592162.751564,
        "Operating Income": NaN,
        "Operating Expense": NaN,
        "Selling General And Administration": NaN,
        "Gross Profit": NaN,
        "Cost Of Revenue": NaN,
        "Total Revenue": NaN,
        "Operating Revenue": NaN
    },
    "2023-09-30": {
        "Tax Effect Of Unusual Items": 0.0,
        "Tax Rate For Calcs": 0.0,
        "Normalized EBITDA": 99000000.0,
        "Total Unusual Items": -11000000.0,
        "Total Unusual Items Excluding Goodwill": -11000000.0,
        "Net Income From Continuing Operation Net Minority Interest": 4000000.0,
        "Reconciled Depreciation": 53000000.0,
        "Reconciled Cost Of Revenue": 470000000.0,
        "EBITDA": 88000000.0,
        "EBIT": 35000000.0,
        "Net Interest Income": -24000000.0,
        "Interest Expense": 29939674.832634,
        "Interest Income": 6259839.623336,
        "Normalized Income": 15000000.0,
        "Net Income From Continuing And Discontinued Operation": 4000000.0,
        "Total Expenses": 545000000.0,
        "Total Operating Income As Reported": 24000000.0,
        "Diluted Average Shares": 124106107.0,
        "Basic Average Shares": 123888473.0,
        "Diluted EPS": 0.03,
        "Basic EPS": 0.03,
        "Diluted NI Availto Com Stockholders": 4000000.0,
        "Net Income Common Stockholders": 4000000.0,
        "Net Income": 4000000.0,
        "Net Income Including Noncontrolling Interests": 4000000.0,
        "Net Income Continuous Operations": 4000000.0,
        "Tax Provision": -4000000.0,
        "Pretax Income": 0.0,
        "Other Income Expense": -11000000.0,
        "Special Income Charges": 0.0,
        "Gain On Sale Of Ppe": 32369.602001,
        "Other Special Charges": NaN,
        "Impairment Of Capital Assets": 0.0,
        "Earnings From Equity Interest": 0.0,
        "Gain On Sale Of Security": -11000000.0,
        "Net Non Operating Interest Income Expense": -24000000.0,
        "Total Other Finance Cost": 24000000.0,
        "Interest Expense Non Operating": 29939674.832634,
        "Interest Income Non Operating": 6259839.623336,
        "Operating Income": 35000000.0,
        "Operating Expense": 75000000.0,
        "Selling General And Administration": 75000000.0,
        "Gross Profit": 110000000.0,
        "Cost Of Revenue": 470000000.0,
        "Total Revenue": 580000000.0,
        "Operating Revenue": 580000000.0
    },
    "2023-12-31": {
        "Tax Effect Of Unusual Items": -50018872.618575,
        "Tax Rate For Calcs": 0.4,
        "Normalized EBITDA": 136503235.512811,
        "Total Unusual Items": -125047181.546439,
        "Total Unusual Items Excluding Goodwill": -125047181.546439,
        "Net Income From Continuing Operation Net Minority Interest": -95691325.612795,
        "Reconciled Depreciation": 56599135.000546,
        "Reconciled Cost Of Revenue": 501624122.088008,
        "EBITDA": 11456053.966373,
        "EBIT": -45143081.034173,
        "Net Interest Income": -27079009.093029,
        "Interest Expense": 30882211.069676,
        "Interest Income": 3803201.976647,
        "Normalized Income": -20663016.684932,
        "Net Income From Continuing And Discontinued Operation": -95691325.612795,
        "Total Expenses": 557077011.696532,
        "Total Operating Income As Reported": 31289301.304849,
        "Diluted Average Shares": 123956865.0,
        "Basic Average Shares": 123956865.0,
        "Diluted EPS": -0.772313,
        "Basic EPS": -0.772313,
        "Diluted NI Availto Com Stockholders": -95691325.612795,
        "Net Income Common Stockholders": -95691325.612795,
        "Net Income": -95691325.612795,
        "Net Income Including Noncontrolling Interests": -95691325.612795,
        "Net Income Continuous Operations": -95691325.612795,
        "Tax Provision": 19666033.508947,
        "Pretax Income": -76025292.103849,
        "Other Income Expense": -124659675.978567,
        "Special Income Charges": -67338000.180541,
        "Gain On Sale Of Ppe": -1630175.666746,
        "Other Special Charges": NaN,
        "Impairment Of Capital Assets": 65707824.513795,
        "Earnings From Equity Interest": 387505.567872,
        "Gain On Sale Of Security": NaN,
        "Net Non Operating Interest Income Expense": -27079009.093029,
        "Total Other Finance Cost": NaN,
        "Interest Expense Non Operating": 30882211.069676,
        "Interest Income Non Operating": 3803201.976647,
        "Operating Income": 75713392.967747,
        "Operating Expense": 55452889.608524,
        "Selling General And Administration": 55452889.608524,
        "Gross Profit": 131166282.576271,
        "Cost Of Revenue": 501624122.088008,
        "Total Revenue": 632790404.664279,
        "Operating Revenue": 632790404.664279
    },
    "2024-03-31": {
        "Tax Effect Of Unusual Items": -1304347.826087,
        "Tax Rate For Calcs": 0.217391,
        "Normalized EBITDA": 53000000.0,
        "Total Unusual Items": -6000000.0,
        "Total Unusual Items Excluding Goodwill": -6000000.0,
        "Net Income From Continuing Operation Net Minority Interest": -18000000.0,
        "Reconciled Depreciation": 44000000.0,
        "Reconciled Cost Of Revenue": 551000000.0,
        "EBITDA": 47000000.0,
        "EBIT": 3000000.0,
        "Net Interest Income": -26000000.0,
        "Interest Expense": 26000000.0,
        "Interest Income": NaN,
        "Normalized Income": -13304347.826087,
        "Net Income From Continuing And Discontinued Operation": -18000000.0,
        "Total Expenses": 629000000.0,
        "Total Operating Income As Reported": 8000000.0,
        "Diluted Average Shares": 123956865.0,
        "Basic Average Shares": 123956865.0,
        "Diluted EPS": -0.15,
        "Basic EPS": -0.15,
        "Diluted NI Availto Com Stockholders": -18000000.0,
        "Net Income Common Stockholders": -18000000.0,
        "Net Income": -18000000.0,
        "Net Income Including Noncontrolling Interests": -18000000.0,
        "Net Income Continuous Operations": -18000000.0,
        "Tax Provision": -5000000.0,
        "Pretax Income": -23000000.0,
        "Other Income Expense": -6000000.0,
        "Special Income Charges": NaN,
        "Gain On Sale Of Ppe": NaN,
        "Other Special Charges": NaN,
        "Impairment Of Capital Assets": NaN,
        "Earnings From Equity Interest": NaN,
        "Gain On Sale Of Security": -6000000.0,
        "Net Non Operating Interest Income Expense": -26000000.0,
        "Total Other Finance Cost": NaN,
        "Interest Expense Non Operating": 26000000.0,
        "Interest Income Non Operating": NaN,
        "Operating Income": 9000000.0,
        "Operating Expense": 78000000.0,
        "Selling General And Administration": 78000000.0,
        "Gross Profit": 87000000.0,
        "Cost Of Revenue": 551000000.0,
        "Total Revenue": 638000000.0,
        "Operating Revenue": 638000000.0
    },
    "2024-06-30": {
        "Tax Effect Of Unusual Items": -900000.0,
        "Tax Rate For Calcs": 0.15,
        "Normalized EBITDA": 109000000.0,
        "Total Unusual Items": -6000000.0,
        "Total Unusual Items Excluding Goodwill": -6000000.0,
        "Net Income From Continuing Operation Net Minority Interest": 5000000.0,
        "Reconciled Depreciation": 48000000.0,
        "Reconciled Cost Of Revenue": 478000000.0,
        "EBITDA": 103000000.0,
        "EBIT": 55000000.0,
        "Net Interest Income": -23000000.0,
        "Interest Expense": 23000000.0,
        "Interest Income": NaN,
        "Normalized Income": 10100000.0,
        "Net Income From Continuing And Discontinued Operation": 5000000.0,
        "Total Expenses": 553000000.0,
        "Total Operating Income As Reported": 58000000.0,
        "Diluted Average Shares": 124116924.0,
        "Basic Average Shares": 124015516.0,
        "Diluted EPS": 0.04,
        "Basic EPS": 0.04,
        "Diluted NI Availto Com Stockholders": 5000000.0,
        "Net Income Common Stockholders": 5000000.0,
        "Net Income": 5000000.0,
        "Net Income Including Noncontrolling Interests": 5000000.0,
        "Net Income Continuous Operations": 5000000.0,
        "Tax Provision": 27000000.0,
        "Pretax Income": 32000000.0,
        "Other Income Expense": -6000000.0,
        "Special Income Charges": NaN,
        "Gain On Sale Of Ppe": NaN,
        "Other Special Charges": NaN,
        "Impairment Of Capital Assets": NaN,
        "Earnings From Equity Interest": 0.0,
        "Gain On Sale Of Security": -6000000.0,
        "Net Non Operating Interest Income Expense": -23000000.0,
        "Total Other Finance Cost": NaN,
        "Interest Expense Non Operating": 23000000.0,
        "Interest Income Non Operating": NaN,
        "Operating Income": 61000000.0,
        "Operating Expense": 75000000.0,
        "Selling General And Administration": 75000000.0,
        "Gross Profit": 136000000.0,
        "Cost Of Revenue": 478000000.0,
        "Total Revenue": 614000000.0,
        "Operating Revenue": 614000000.0
    },
    "2024-09-30": {
        "Tax Effect Of Unusual Items": 2250000.0,
        "Tax Rate For Calcs": 0.15,
        "Normalized EBITDA": 92000000.0,
        "Total Unusual Items": 15000000.0,
        "Total Unusual Items Excluding Goodwill": 15000000.0,
        "Net Income From Continuing Operation Net Minority Interest": 30000000.0,
        "Reconciled Depreciation": 48000000.0,
        "Reconciled Cost Of Revenue": 460000000.0,
        "EBITDA": 107000000.0,
        "EBIT": 59000000.0,
        "Net Interest Income": -23000000.0,
        "Interest Expense": NaN,
        "Interest Income": NaN,
        "Normalized Income": 17250000.0,
        "Net Income From Continuing And Discontinued Operation": 30000000.0,
        "Total Expenses": 542000000.0,
        "Total Operating Income As Reported": 57000000.0,
        "Diluted Average Shares": 124155265.0,
        "Basic Average Shares": 124044811.0,
        "Diluted EPS": 0.24,
        "Basic EPS": 0.24,
        "Diluted NI Availto Com Stockholders": 30000000.0,
        "Net Income Common Stockholders": 30000000.0,
        "Net Income": 30000000.0,
        "Net Income Including Noncontrolling Interests": 30000000.0,
        "Net Income Continuous Operations": 30000000.0,
        "Tax Provision": 21000000.0,
        "Pretax Income": 51000000.0,
        "Other Income Expense": 15000000.0,
        "Special Income Charges": 19000000.0,
        "Gain On Sale Of Ppe": NaN,
        "Other Special Charges": -19000000.0,
        "Impairment Of Capital Assets": NaN,
        "Earnings From Equity Interest": 0.0,
        "Gain On Sale Of Security": -4000000.0,
        "Net Non Operating Interest Income Expense": -23000000.0,
        "Total Other Finance Cost": 23000000.0,
        "Interest Expense Non Operating": NaN,
        "Interest Income Non Operating": NaN,
        "Operating Income": 59000000.0,
        "Operating Expense": 82000000.0,
        "Selling General And Administration": 82000000.0,
        "Gross Profit": 141000000.0,
        "Cost Of Revenue": 460000000.0,
        "Total Revenue": 601000000.0,
        "Operating Revenue": 601000000.0
    }
}