{
    "2023-06-30": {
        "Tax Effect Of Unusual Items": 0.0,
        "Tax Rate For Calcs": 0.221849,
        "Net Income From Continuing Operation Net Minority Interest": 28692000.0,
        "Reconciled Depreciation": 888000.0,
        "Net Interest Income": 71811000.0,
        "Interest Expense": 84699000.0,
        "Interest Income": 156510000.0,
        "Normalized Income": 28692000.0,
        "Net Income From Continuing And Discontinued Operation": 28692000.0,
        "Diluted Average Shares": 30505468.0,
        "Basic Average Shares": 30454766.0,
        "Diluted EPS": 0.94,
        "Basic EPS": 0.94,
        "Diluted NI Availto Com Stockholders": 28692000.0,
        "Net Income Common Stockholders": 28692000.0,
        "Net Income": 28692000.0,
        "Net Income Including Noncontrolling Interests": 28692000.0,
        "Net Income Continuous Operations": 28692000.0,
        "Tax Provision": 8180000.0,
        "Pretax Income": 36872000.0,
        "Gain On Sale Of Security": 2000.0,
        "Depreciation Amortization Depletion Income Statement": 7000.0,
        "Depreciation And Amortization In Income Statement": 7000.0,
        "Amortization": 7000.0,
        "Amortization Of Intangibles Income Statement": 7000.0,
        "Selling General And Administration": 25422000.0,
        "Selling And Marketing Expense": 884000.0,
        "General And Administrative Expense": 24538000.0,
        "Other Gand A": NaN,
        "Insurance And Claims": 2581000.0,
        "Salaries And Wages": 21957000.0,
        "Total Revenue": 80406000.0,
        "Operating Revenue": 80406000.0
    },
    "2023-03-31": {
        "Tax Effect Of Unusual Items": 0.0,
        "Tax Rate For Calcs": 0.221,
        "Net Income From Continuing Operation Net Minority Interest": 24234000.0,
        "Reconciled Depreciation": 890000.0,
        "Net Interest Income": 75024000.0,
        "Interest Expense": 65223000.0,
        "Interest Income": 140247000.0,
        "Normalized Income": 24234000.0,
        "Net Income From Continuing And Discontinued Operation": 24234000.0,
        "Diluted Average Shares": 31180346.0,
        "Basic Average Shares": 31109267.0,
        "Diluted EPS": 0.78,
        "Basic EPS": 0.78,
        "Diluted NI Availto Com Stockholders": 24234000.0,
        "Net Income Common Stockholders": 24234000.0,
        "Net Income": 24234000.0,
        "Net Income Including Noncontrolling Interests": 24234000.0,
        "Net Income Continuous Operations": 24234000.0,
        "Tax Provision": 6894000.0,
        "Pretax Income": 31128000.0,
        "Gain On Sale Of Security": -21000.0,
        "Depreciation Amortization Depletion Income Statement": NaN,
        "Depreciation And Amortization In Income Statement": NaN,
        "Amortization": NaN,
        "Amortization Of Intangibles Income Statement": NaN,
        "Selling General And Administration": 26296000.0,
        "Selling And Marketing Expense": 636000.0,
        "General And Administrative Expense": 25660000.0,
        "Other Gand A": NaN,
        "Insurance And Claims": 1486000.0,
        "Salaries And Wages": 24174000.0,
        "Total Revenue": 78724000.0,
        "Operating Revenue": 78724000.0
    },
    "2022-12-31": {
        "Tax Effect Of Unusual Items": 0.0,
        "Tax Rate For Calcs": 0.193,
        "Net Income From Continuing Operation Net Minority Interest": 42193000.0,
        "Reconciled Depreciation": 836000.0,
        "Net Interest Income": 85600000.0,
        "Interest Expense": 43530000.0,
        "Interest Income": 129130000.0,
        "Normalized Income": 42193000.0,
        "Net Income From Continuing And Discontinued Operation": 42193000.0,
        "Diluted Average Shares": 31898000.0,
        "Basic Average Shares": 31818000.0,
        "Diluted EPS": 1.32,
        "Basic EPS": 1.32,
        "Diluted NI Availto Com Stockholders": 42193000.0,
        "Net Income Common Stockholders": 42193000.0,
        "Net Income": 42193000.0,
        "Net Income Including Noncontrolling Interests": 42193000.0,
        "Net Income Continuous Operations": 42193000.0,
        "Tax Provision": 10121000.0,
        "Pretax Income": 52314000.0,
        "Gain On Sale Of Security": 3000.0,
        "Depreciation Amortization Depletion Income Statement": NaN,
        "Depreciation And Amortization In Income Statement": NaN,
        "Amortization": NaN,
        "Amortization Of Intangibles Income Statement": NaN,
        "Selling General And Administration": 26699000.0,
        "Selling And Marketing Expense": 1290000.0,
        "General And Administrative Expense": 25409000.0,
        "Other Gand A": 3117000.0,
        "Insurance And Claims": 1718000.0,
        "Salaries And Wages": 23691000.0,
        "Total Revenue": 90929000.0,
        "Operating Revenue": 90929000.0
    },
    "2022-09-30": {
        "Tax Effect Of Unusual Items": 0.0,
        "Tax Rate For Calcs": 0.242,
        "Net Income From Continuing Operation Net Minority Interest": 37297000.0,
        "Reconciled Depreciation": 826000.0,
        "Net Interest Income": 83897000.0,
        "Interest Expense": 27630000.0,
        "Interest Income": 111527000.0,
        "Normalized Income": 37297000.0,
        "Net Income From Continuing And Discontinued Operation": 37297000.0,
        "Diluted Average Shares": 32155000.0,
        "Basic Average Shares": 32084000.0,
        "Diluted EPS": 1.16,
        "Basic EPS": 1.16,
        "Diluted NI Availto Com Stockholders": 37297000.0,
        "Net Income Common Stockholders": 37297000.0,
        "Net Income": 37297000.0,
        "Net Income Including Noncontrolling Interests": 37297000.0,
        "Net Income Continuous Operations": 37297000.0,
        "Tax Provision": 11906000.0,
        "Pretax Income": 49203000.0,
        "Gain On Sale Of Security": 4000.0,
        "Depreciation Amortization Depletion Income Statement": NaN,
        "Depreciation And Amortization In Income Statement": NaN,
        "Amortization": NaN,
        "Amortization Of Intangibles Income Statement": NaN,
        "Selling General And Administration": 24006000.0,
        "Selling And Marketing Expense": 1181000.0,
        "General And Administrative Expense": 22825000.0,
        "Other Gand A": 3445000.0,
        "Insurance And Claims": 1287000.0,
        "Salaries And Wages": 21538000.0,
        "Total Revenue": 89205000.0,
        "Operating Revenue": 89205000.0
    },
    "2022-06-30": {
        "Tax Effect Of Unusual Items": 0.0,
        "Tax Rate For Calcs": 0.336,
        "Net Income From Continuing Operation Net Minority Interest": 25220000.0,
        "Reconciled Depreciation": 814000.0,
        "Net Interest Income": 82918000.0,
        "Interest Expense": 12717000.0,
        "Interest Income": 95635000.0,
        "Normalized Income": 25220000.0,
        "Net Income From Continuing And Discontinued Operation": 25220000.0,
        "Diluted Average Shares": 32143000.0,
        "Basic Average Shares": 32081000.0,
        "Diluted EPS": 0.49,
        "Basic EPS": 0.49,
        "Diluted NI Availto Com Stockholders": 25220000.0,
        "Net Income Common Stockholders": 25220000.0,
        "Net Income": 25220000.0,
        "Net Income Including Noncontrolling Interests": 25220000.0,
        "Net Income Continuous Operations": 25220000.0,
        "Tax Provision": 12776000.0,
        "Pretax Income": 37996000.0,
        "Gain On Sale Of Security": -151000.0,
        "Depreciation Amortization Depletion Income Statement": NaN,
        "Depreciation And Amortization In Income Statement": NaN,
        "Amortization": NaN,
        "Amortization Of Intangibles Income Statement": NaN,
        "Selling General And Administration": 23897000.0,
        "Selling And Marketing Expense": 1186000.0,
        "General And Administrative Expense": 22711000.0,
        "Other Gand A": 2729000.0,
        "Insurance And Claims": 906000.0,
        "Salaries And Wages": 21805000.0,
        "Total Revenue": 88482000.0,
        "Operating Revenue": 88482000.0
    },
    "2022-03-31": {
        "Diluted EPS": 1.42,
        "Total Revenue": 96,
        "Gross Profit": 88,
        "Operating Income": 60,
        "EBIT": NaN,
        "Net Income": 46
    },
    "2021-12-31": {
        "Diluted EPS": 1.3,
        "Total Revenue": 97,
        "Gross Profit": 89,
        "Operating Income": 56,
        "EBIT": NaN,
        "Net Income": 42
    },
    "2021-09-30": {
        "Diluted EPS": 1.36,
        "Total Revenue": 97,
        "Gross Profit": 87,
        "Operating Income": 58,
        "EBIT": NaN,
        "Net Income": 44
    },
    "2021-06-30": {
        "Diluted EPS": 1.5,
        "Total Revenue": 106,
        "Gross Profit": 96,
        "Operating Income": 65,
        "EBIT": NaN,
        "Net Income": 48
    },
    "2021-03-31": {
        "Diluted EPS": 1.36,
        "Total Revenue": 105,
        "Gross Profit": 93,
        "Operating Income": 58,
        "EBIT": NaN,
        "Net Income": 43
    },
    "2020-12-31": {
        "Diluted EPS": 1.21,
        "Total Revenue": 105,
        "Gross Profit": 91,
        "Operating Income": 51,
        "EBIT": NaN,
        "Net Income": 39
    },
    "2020-09-30": {
        "Diluted EPS": 1.28,
        "Total Revenue": 112,
        "Gross Profit": 97,
        "Operating Income": 55,
        "EBIT": NaN,
        "Net Income": 41
    },
    "2020-06-30": {
        "Diluted EPS": 0.9,
        "Total Revenue": 110,
        "Gross Profit": 94,
        "Operating Income": 38,
        "EBIT": NaN,
        "Net Income": 29
    },
    "2020-03-31": {
        "Diluted EPS": 0.7,
        "Total Revenue": 109,
        "Gross Profit": 85,
        "Operating Income": 31,
        "EBIT": NaN,
        "Net Income": 23
    },
    "2019-12-31": {
        "Diluted EPS": 1.05,
        "Total Revenue": 114,
        "Gross Profit": 87,
        "Operating Income": 50,
        "EBIT": NaN,
        "Net Income": 35
    },
    "2019-09-30": {
        "Diluted EPS": 1.07,
        "Total Revenue": 115,
        "Gross Profit": 87,
        "Operating Income": 51,
        "EBIT": NaN,
        "Net Income": 36
    },
    "2019-06-30": {
        "Diluted EPS": 1.08,
        "Total Revenue": 115,
        "Gross Profit": 88,
        "Operating Income": 51,
        "EBIT": NaN,
        "Net Income": 37
    },
    "2019-03-31": {
        "Diluted EPS": 0.98,
        "Total Revenue": 111,
        "Gross Profit": 87,
        "Operating Income": 46,
        "EBIT": NaN,
        "Net Income": 34
    },
    "2018-12-31": {
        "Diluted EPS": 1.17,
        "Total Revenue": 112,
        "Gross Profit": 88,
        "Operating Income": 54,
        "EBIT": NaN,
        "Net Income": 40
    },
    "2018-09-30": {
        "Diluted EPS": 1.13,
        "Total Revenue": 108,
        "Gross Profit": 87,
        "Operating Income": 53,
        "EBIT": NaN,
        "Net Income": 39
    },
    "2018-06-30": {
        "Diluted EPS": 1.08,
        "Total Revenue": 102,
        "Gross Profit": 84,
        "Operating Income": 50,
        "EBIT": NaN,
        "Net Income": 37
    },
    "2018-03-31": {
        "Diluted EPS": 1.04,
        "Total Revenue": 94,
        "Gross Profit": 81,
        "Operating Income": 48,
        "EBIT": NaN,
        "Net Income": 36
    },
    "2017-12-31": {
        "Diluted EPS": 0.45,
        "Total Revenue": 96,
        "Gross Profit": 85,
        "Operating Income": 51,
        "EBIT": NaN,
        "Net Income": 16
    },
    "2017-09-30": {
        "Diluted EPS": 0.87,
        "Total Revenue": 89,
        "Gross Profit": 79,
        "Operating Income": 47,
        "EBIT": NaN,
        "Net Income": 30
    },
    "2017-06-30": {
        "Diluted EPS": 0.81,
        "Total Revenue": 86,
        "Gross Profit": 77,
        "Operating Income": 45,
        "EBIT": NaN,
        "Net Income": 28
    },
    "2017-03-31": {
        "Diluted EPS": 0.79,
        "Total Revenue": 82,
        "Gross Profit": 73,
        "Operating Income": 42,
        "EBIT": NaN,
        "Net Income": 27
    },
    "2016-12-31": {
        "Diluted EPS": 0.75,
        "Total Revenue": 83,
        "Gross Profit": 74,
        "Operating Income": 42,
        "EBIT": NaN,
        "Net Income": 26
    },
    "2016-09-30": {
        "Diluted EPS": 0.72,
        "Total Revenue": 79,
        "Gross Profit": 71,
        "Operating Income": 40,
        "EBIT": NaN,
        "Net Income": 25
    },
    "2016-06-30": {
        "Diluted EPS": 0.71,
        "Total Revenue": 77,
        "Gross Profit": 71,
        "Operating Income": 39,
        "EBIT": NaN,
        "Net Income": 24
    },
    "2016-03-31": {
        "Diluted EPS": 0.68,
        "Total Revenue": 74,
        "Gross Profit": 69,
        "Operating Income": 38,
        "EBIT": NaN,
        "Net Income": 23
    },
    "2015-12-31": {
        "Diluted EPS": 0.65,
        "Total Revenue": 74,
        "Gross Profit": 69,
        "Operating Income": 36,
        "EBIT": NaN,
        "Net Income": 22
    },
    "2015-09-30": {
        "Diluted EPS": 0.63,
        "Total Revenue": 70,
        "Gross Profit": 65,
        "Operating Income": 35,
        "EBIT": NaN,
        "Net Income": 21
    },
    "2015-06-30": {
        "Diluted EPS": 0.61,
        "Total Revenue": 69,
        "Gross Profit": 64,
        "Operating Income": 34,
        "EBIT": NaN,
        "Net Income": 21
    },
    "2015-03-31": {
        "Diluted EPS": 0.61,
        "Total Revenue": 67,
        "Gross Profit": 63,
        "Operating Income": 31,
        "EBIT": NaN,
        "Net Income": 19
    },
    "2014-12-31": {
        "Diluted EPS": 0.48,
        "Total Revenue": 61,
        "Gross Profit": 57,
        "Operating Income": 27,
        "EBIT": NaN,
        "Net Income": 15
    },
    "2014-09-30": {
        "Diluted EPS": 0.52,
        "Total Revenue": 53,
        "Gross Profit": 49,
        "Operating Income": 23,
        "EBIT": NaN,
        "Net Income": 14
    },
    "2014-06-30": {
        "Diluted EPS": 0.48,
        "Total Revenue": 49,
        "Gross Profit": 46,
        "Operating Income": 21,
        "EBIT": NaN,
        "Net Income": 13
    },
    "2014-03-31": {
        "Diluted EPS": 0.47,
        "Total Revenue": 47,
        "Gross Profit": 44,
        "Operating Income": 19,
        "EBIT": NaN,
        "Net Income": 12
    },
    "2013-12-31": {
        "Diluted EPS": 0.44,
        "Total Revenue": 46,
        "Gross Profit": 43,
        "Operating Income": 19,
        "EBIT": NaN,
        "Net Income": 12
    },
    "2013-09-30": {
        "Diluted EPS": 0.44,
        "Total Revenue": 45,
        "Gross Profit": 42,
        "Operating Income": 19,
        "EBIT": NaN,
        "Net Income": 12
    },
    "2013-06-30": {
        "Diluted EPS": 0.44,
        "Total Revenue": 45,
        "Gross Profit": 42,
        "Operating Income": 19,
        "EBIT": NaN,
        "Net Income": 12
    },
    "2013-03-31": {
        "Diluted EPS": 0.44,
        "Total Revenue": 46,
        "Gross Profit": 43,
        "Operating Income": 19,
        "EBIT": NaN,
        "Net Income": 11
    },
    "2012-12-31": {
        "Diluted EPS": 0.4,
        "Total Revenue": 44,
        "Gross Profit": 41,
        "Operating Income": 16,
        "EBIT": NaN,
        "Net Income": 10
    },
    "2012-09-30": {
        "Diluted EPS": 0.4,
        "Total Revenue": 41,
        "Gross Profit": 38,
        "Operating Income": 15,
        "EBIT": NaN,
        "Net Income": 10
    },
    "2012-06-30": {
        "Diluted EPS": 0.33,
        "Total Revenue": 39,
        "Gross Profit": 35,
        "Operating Income": 12,
        "EBIT": NaN,
        "Net Income": 8
    },
    "2012-03-31": {
        "Diluted EPS": 0.33,
        "Total Revenue": 39,
        "Gross Profit": 34,
        "Operating Income": 12,
        "EBIT": NaN,
        "Net Income": 7
    },
    "2011-12-31": {
        "Diluted EPS": 0.32,
        "Total Revenue": 37,
        "Gross Profit": 32,
        "Operating Income": 11,
        "EBIT": NaN,
        "Net Income": 7
    },
    "2011-09-30": {
        "Diluted EPS": 0.28,
        "Total Revenue": 34,
        "Gross Profit": 29,
        "Operating Income": 10,
        "EBIT": NaN,
        "Net Income": 6
    },
    "2011-06-30": {
        "Diluted EPS": 0.22,
        "Total Revenue": 32,
        "Gross Profit": 27,
        "Operating Income": 9,
        "EBIT": NaN,
        "Net Income": 5
    },
    "2011-03-31": {
        "Diluted EPS": 0.22,
        "Total Revenue": 29,
        "Gross Profit": 24,
        "Operating Income": 8,
        "EBIT": NaN,
        "Net Income": 5
    },
    "2010-12-31": {
        "Diluted EPS": 0.22,
        "Total Revenue": 30,
        "Gross Profit": 25,
        "Operating Income": 8,
        "EBIT": NaN,
        "Net Income": 5
    },
    "2010-09-30": {
        "Diluted EPS": 0.2,
        "Total Revenue": 27,
        "Gross Profit": 22,
        "Operating Income": 7,
        "EBIT": NaN,
        "Net Income": 4
    },
    "2010-06-30": {
        "Diluted EPS": 0.15,
        "Total Revenue": 26,
        "Gross Profit": 21,
        "Operating Income": 5,
        "EBIT": NaN,
        "Net Income": 3
    },
    "2010-03-31": {
        "Diluted EPS": 0.14,
        "Total Revenue": 24,
        "Gross Profit": 18,
        "Operating Income": 5,
        "EBIT": NaN,
        "Net Income": 3
    },
    "2009-12-31": {
        "Diluted EPS": 0.0,
        "Total Revenue": 2,
        "Gross Profit": 3,
        "Operating Income": 2,
        "EBIT": NaN,
        "Net Income": 1
    },
    "2009-09-30": {
        "Diluted EPS": 0.14,
        "Total Revenue": 23,
        "Gross Profit": 17,
        "Operating Income": 4,
        "EBIT": NaN,
        "Net Income": 2
    },
    "2009-06-30": {
        "Diluted EPS": 0.26,
        "Total Revenue": 45,
        "Gross Profit": 32,
        "Operating Income": 7,
        "EBIT": NaN,
        "Net Income": 4
    },
    "2009-03-31": {
        "Diluted EPS": 0.11,
        "Total Revenue": 21,
        "Gross Profit": 15,
        "Operating Income": 3,
        "EBIT": NaN,
        "Net Income": 1
    },
    "2023-09-30": {
        "Tax Effect Of Unusual Items": 0.0,
        "Tax Rate For Calcs": 0.209,
        "Net Income From Continuing Operation Net Minority Interest": 27383000.0,
        "Reconciled Depreciation": NaN,
        "Net Interest Income": 70719000.0,
        "Interest Expense": 90430000.0,
        "Interest Income": 161149000.0,
        "Normalized Income": 27383000.0,
        "Net Income From Continuing And Discontinued Operation": 27383000.0,
        "Diluted Average Shares": 29944692.0,
        "Basic Average Shares": 29910218.0,
        "Diluted EPS": 0.91,
        "Basic EPS": 0.91,
        "Diluted NI Availto Com Stockholders": 27383000.0,
        "Net Income Common Stockholders": 27383000.0,
        "Net Income": 27383000.0,
        "Net Income Including Noncontrolling Interests": 27383000.0,
        "Net Income Continuous Operations": 27383000.0,
        "Tax Provision": 7245000.0,
        "Pretax Income": 34628000.0,
        "Gain On Sale Of Security": 5000.0,
        "Depreciation Amortization Depletion Income Statement": NaN,
        "Depreciation And Amortization In Income Statement": NaN,
        "Amortization": NaN,
        "Amortization Of Intangibles Income Statement": NaN,
        "Selling General And Administration": 25659000.0,
        "Selling And Marketing Expense": 768000.0,
        "General And Administrative Expense": 24891000.0,
        "Other Gand A": NaN,
        "Insurance And Claims": 3342000.0,
        "Salaries And Wages": 21549000.0,
        "Total Revenue": 77066000.0,
        "Operating Revenue": 77066000.0
    }
}