{
    "2023-03-31": {
        "Tax Effect Of Unusual Items": 619290.0,
        "Tax Rate For Calcs": 0.21,
        "Normalized EBITDA": 21627000.0,
        "Total Unusual Items": 2949000.0,
        "Total Unusual Items Excluding Goodwill": 2949000.0,
        "Net Income From Continuing Operation Net Minority Interest": 3202000.0,
        "Reconciled Depreciation": 17517000.0,
        "Reconciled Cost Of Revenue": 91884000.0,
        "EBITDA": 24576000.0,
        "EBIT": 7059000.0,
        "Net Interest Income": -2021000.0,
        "Interest Expense": 3857000.0,
        "Interest Income": 1836000.0,
        "Normalized Income": 872290.0,
        "Net Income From Continuing And Discontinued Operation": 3202000.0,
        "Total Expenses": 102924000.0,
        "Rent Expense Supplemental": 12420000.0,
        "Total Operating Income As Reported": 5592000.0,
        "Diluted Average Shares": 13148244.0,
        "Basic Average Shares": 13053117.0,
        "Diluted EPS": 0.24,
        "Basic EPS": 0.25,
        "Diluted NI Availto Com Stockholders": 3202000.0,
        "Net Income Common Stockholders": 3202000.0,
        "Net Income": 3202000.0,
        "Net Income Including Noncontrolling Interests": 3202000.0,
        "Net Income Continuous Operations": 3202000.0,
        "Pretax Income": 3202000.0,
        "Other Income Expense": 2949000.0,
        "Special Income Charges": 3318000.0,
        "Gain On Sale Of Ppe": 3318000.0,
        "Other Special Charges": NaN,
        "Impairment Of Capital Assets": NaN,
        "Gain On Sale Of Security": -369000.0,
        "Net Non Operating Interest Income Expense": -2021000.0,
        "Total Other Finance Cost": 245000.0,
        "Interest Expense Non Operating": 3857000.0,
        "Interest Income Non Operating": 1836000.0,
        "Operating Income": 2274000.0,
        "Operating Expense": 11040000.0,
        "Other Operating Expenses": 90000.0,
        "Selling General And Administration": 10950000.0,
        "General And Administrative Expense": 10950000.0,
        "Other Gand A": 10950000.0,
        "Gross Profit": 13314000.0,
        "Cost Of Revenue": 91884000.0,
        "Total Revenue": 105198000.0,
        "Operating Revenue": 105198000.0
    },
    "2022-12-31": {
        "Tax Effect Of Unusual Items": -348180.0,
        "Tax Rate For Calcs": 0.21,
        "Normalized EBITDA": 50430000.0,
        "Total Unusual Items": -1658000.0,
        "Total Unusual Items Excluding Goodwill": -1658000.0,
        "Net Income From Continuing Operation Net Minority Interest": 23265000.0,
        "Reconciled Depreciation": 21548000.0,
        "Reconciled Cost Of Revenue": 111644000.0,
        "EBITDA": 48772000.0,
        "EBIT": 27224000.0,
        "Net Interest Income": -2141000.0,
        "Interest Expense": 3959000.0,
        "Interest Income": 1818000.0,
        "Normalized Income": 24574820.0,
        "Net Income From Continuing And Discontinued Operation": 23265000.0,
        "Total Expenses": 124377000.0,
        "Rent Expense Supplemental": 17336000.0,
        "Total Operating Income As Reported": 24825000.0,
        "Diluted Average Shares": 16361040.0,
        "Basic Average Shares": 13003666.0,
        "Diluted EPS": 1.5,
        "Basic EPS": 1.79,
        "Diluted NI Availto Com Stockholders": 23265000.0,
        "Net Income Common Stockholders": 23265000.0,
        "Net Income": 23265000.0,
        "Net Income Including Noncontrolling Interests": 23265000.0,
        "Net Income Continuous Operations": 23265000.0,
        "Pretax Income": 23265000.0,
        "Other Income Expense": -1658000.0,
        "Special Income Charges": -2236000.0,
        "Gain On Sale Of Ppe": -28000.0,
        "Other Special Charges": -4000.0,
        "Impairment Of Capital Assets": 2212000.0,
        "Gain On Sale Of Security": 578000.0,
        "Net Non Operating Interest Income Expense": -2141000.0,
        "Total Other Finance Cost": 251000.0,
        "Interest Expense Non Operating": 3959000.0,
        "Interest Income Non Operating": 1818000.0,
        "Operating Income": 27064000.0,
        "Operating Expense": 12733000.0,
        "Other Operating Expenses": 1159000.0,
        "Selling General And Administration": 11574000.0,
        "General And Administrative Expense": 11574000.0,
        "Other Gand A": 11574000.0,
        "Gross Profit": 39797000.0,
        "Cost Of Revenue": 111644000.0,
        "Total Revenue": 151441000.0,
        "Operating Revenue": 151441000.0
    },
    "2022-09-30": {
        "Tax Effect Of Unusual Items": 3455760.0,
        "Tax Rate For Calcs": 0.21,
        "Normalized EBITDA": 85356000.0,
        "Total Unusual Items": 16456000.0,
        "Total Unusual Items Excluding Goodwill": 16456000.0,
        "Net Income From Continuing Operation Net Minority Interest": 77217000.0,
        "Reconciled Depreciation": 20359000.0,
        "Reconciled Cost Of Revenue": 109062000.0,
        "EBITDA": 101812000.0,
        "EBIT": 81453000.0,
        "Net Interest Income": -3355000.0,
        "Interest Expense": 4236000.0,
        "Interest Income": 881000.0,
        "Normalized Income": 64216760.0,
        "Net Income From Continuing And Discontinued Operation": 77217000.0,
        "Total Expenses": 121197000.0,
        "Rent Expense Supplemental": 19772000.0,
        "Total Operating Income As Reported": 73452000.0,
        "Diluted Average Shares": 16201852.0,
        "Basic Average Shares": 12993450.0,
        "Diluted EPS": 4.77,
        "Basic EPS": 5.94,
        "Diluted NI Availto Com Stockholders": 77217000.0,
        "Net Income Common Stockholders": 77217000.0,
        "Net Income": 77217000.0,
        "Net Income Including Noncontrolling Interests": 77217000.0,
        "Net Income Continuous Operations": 77217000.0,
        "Pretax Income": 77217000.0,
        "Other Income Expense": 16456000.0,
        "Special Income Charges": 5163000.0,
        "Gain On Sale Of Ppe": 9336000.0,
        "Other Special Charges": 4173000.0,
        "Impairment Of Capital Assets": NaN,
        "Gain On Sale Of Security": 11293000.0,
        "Net Non Operating Interest Income Expense": -3355000.0,
        "Total Other Finance Cost": 251000.0,
        "Interest Expense Non Operating": 4236000.0,
        "Interest Income Non Operating": 881000.0,
        "Operating Income": 64116000.0,
        "Operating Expense": 12135000.0,
        "Other Operating Expenses": 2469000.0,
        "Selling General And Administration": 9666000.0,
        "General And Administrative Expense": 9666000.0,
        "Other Gand A": 9666000.0,
        "Gross Profit": 76251000.0,
        "Cost Of Revenue": 109062000.0,
        "Total Revenue": 185313000.0,
        "Operating Revenue": 185313000.0
    },
    "2022-06-30": {
        "Tax Effect Of Unusual Items": 3956000.0,
        "Tax Rate For Calcs": 0.4,
        "Normalized EBITDA": 107735000.0,
        "Total Unusual Items": 9890000.0,
        "Total Unusual Items Excluding Goodwill": 9890000.0,
        "Net Income From Continuing Operation Net Minority Interest": 94453000.0,
        "Reconciled Depreciation": 18834000.0,
        "Reconciled Cost Of Revenue": 100036000.0,
        "EBITDA": 117625000.0,
        "EBIT": 98791000.0,
        "Net Interest Income": -4164000.0,
        "Interest Expense": 4338000.0,
        "Interest Income": 174000.0,
        "Normalized Income": 88519000.0,
        "Net Income From Continuing And Discontinued Operation": 94453000.0,
        "Total Expenses": 109968000.0,
        "Rent Expense Supplemental": 21285000.0,
        "Total Operating Income As Reported": 88727000.0,
        "Diluted Average Shares": 16376517.0,
        "Basic Average Shares": 12988200.0,
        "Diluted EPS": 5.77,
        "Basic EPS": 7.27,
        "Diluted NI Availto Com Stockholders": 94453000.0,
        "Net Income Common Stockholders": 94453000.0,
        "Net Income": 94453000.0,
        "Net Income Including Noncontrolling Interests": 94453000.0,
        "Net Income Continuous Operations": 94453000.0,
        "Pretax Income": 94453000.0,
        "Other Income Expense": 9890000.0,
        "Special Income Charges": NaN,
        "Gain On Sale Of Ppe": NaN,
        "Other Special Charges": NaN,
        "Impairment Of Capital Assets": NaN,
        "Gain On Sale Of Security": 9890000.0,
        "Net Non Operating Interest Income Expense": -4164000.0,
        "Total Other Finance Cost": 248000.0,
        "Interest Expense Non Operating": 4338000.0,
        "Interest Income Non Operating": 174000.0,
        "Operating Income": 88727000.0,
        "Operating Expense": 9932000.0,
        "Other Operating Expenses": 41000.0,
        "Selling General And Administration": 9891000.0,
        "General And Administrative Expense": 9891000.0,
        "Other Gand A": 9891000.0,
        "Gross Profit": 98659000.0,
        "Cost Of Revenue": 100036000.0,
        "Total Revenue": 198695000.0,
        "Operating Revenue": 198695000.0
    },
    "2022-03-31": {
        "Diluted EPS": 3.27,
        "Total Revenue": 184,
        "Gross Profit": 90,
        "Operating Income": 65,
        "EBIT": 86,
        "Net Income": 53
    },
    "2021-12-31": {
        "Diluted EPS": 5.29,
        "Total Revenue": 185,
        "Gross Profit": 119,
        "Operating Income": 93,
        "EBIT": 115,
        "Net Income": 87
    },
    "2021-09-30": {
        "Diluted EPS": 4.92,
        "Total Revenue": 183,
        "Gross Profit": 114,
        "Operating Income": 96,
        "EBIT": 116,
        "Net Income": 78
    },
    "2021-06-30": {
        "Diluted EPS": 0.74,
        "Total Revenue": 130,
        "Gross Profit": 75,
        "Operating Income": 54,
        "EBIT": 72,
        "Net Income": 9
    },
    "2021-03-31": {
        "Diluted EPS": 0.84,
        "Total Revenue": 97,
        "Gross Profit": 40,
        "Operating Income": 19,
        "EBIT": 36,
        "Net Income": 10
    },
    "2020-12-31": {
        "Diluted EPS": 0.02,
        "Total Revenue": 75,
        "Gross Profit": 29,
        "Operating Income": 8,
        "EBIT": 25,
        "Net Income": 0
    },
    "2020-09-30": {
        "Diluted EPS": -1.09,
        "Total Revenue": 68,
        "Gross Profit": 22,
        "Operating Income": 1,
        "EBIT": 18,
        "Net Income": -11
    },
    "2020-06-30": {
        "Diluted EPS": -1.99,
        "Total Revenue": 57,
        "Gross Profit": 9,
        "Operating Income": -11,
        "EBIT": 6,
        "Net Income": -20
    },
    "2020-03-31": {
        "Diluted EPS": -0.34,
        "Total Revenue": 74,
        "Gross Profit": 18,
        "Operating Income": -2,
        "EBIT": 15,
        "Net Income": -4
    },
    "2019-12-31": {
        "Diluted EPS": -1.12,
        "Total Revenue": 71,
        "Gross Profit": 20,
        "Operating Income": -3,
        "EBIT": 13,
        "Net Income": -11
    },
    "2019-09-30": {
        "Diluted EPS": -0.45,
        "Total Revenue": 74,
        "Gross Profit": 23,
        "Operating Income": 6,
        "EBIT": 20,
        "Net Income": -5
    },
    "2019-06-30": {
        "Diluted EPS": -0.56,
        "Total Revenue": 69,
        "Gross Profit": 17,
        "Operating Income": 1,
        "EBIT": 14,
        "Net Income": -6
    },
    "2019-03-31": {
        "Diluted EPS": 0.0,
        "Total Revenue": 77,
        "Gross Profit": 20,
        "Operating Income": 6,
        "EBIT": 19,
        "Net Income": 0
    },
    "2018-12-31": {
        "Diluted EPS": 0.6,
        "Total Revenue": 87,
        "Gross Profit": 32,
        "Operating Income": 13,
        "EBIT": 23,
        "Net Income": 6
    },
    "2018-09-30": {
        "Diluted EPS": 0.28,
        "Total Revenue": 69,
        "Gross Profit": 27,
        "Operating Income": 9,
        "EBIT": 19,
        "Net Income": 3
    },
    "2018-06-30": {
        "Diluted EPS": 0.35,
        "Total Revenue": 75,
        "Gross Profit": 27,
        "Operating Income": 9,
        "EBIT": 19,
        "Net Income": 3
    },
    "2018-03-31": {
        "Diluted EPS": 0.01,
        "Total Revenue": 79,
        "Gross Profit": 26,
        "Operating Income": 6,
        "EBIT": 16,
        "Net Income": 0
    },
    "2017-12-31": {
        "Diluted EPS": -1.61,
        "Total Revenue": 75,
        "Gross Profit": 24,
        "Operating Income": 7,
        "EBIT": 17,
        "Net Income": -17
    },
    "2017-09-30": {
        "Diluted EPS": -1.05,
        "Total Revenue": 63,
        "Gross Profit": 15,
        "Operating Income": -2,
        "EBIT": 9,
        "Net Income": -10
    },
    "2017-06-30": {
        "Diluted EPS": -0.56,
        "Total Revenue": 54,
        "Gross Profit": 14,
        "Operating Income": 0,
        "EBIT": 9,
        "Net Income": -6
    },
    "2017-03-31": {
        "Diluted EPS": -1.19,
        "Total Revenue": 46,
        "Gross Profit": 11,
        "Operating Income": -5,
        "EBIT": 4,
        "Net Income": -11
    },
    "2016-12-31": {
        "Diluted EPS": 143.77,
        "Total Revenue": 42,
        "Gross Profit": 5,
        "Operating Income": -136,
        "EBIT": -125,
        "Net Income": -142
    },
    "2016-09-30": {
        "Diluted EPS": -4.55,
        "Total Revenue": 36,
        "Gross Profit": 3,
        "Operating Income": -12,
        "EBIT": 0,
        "Net Income": -19
    },
    "2016-06-30": {
        "Diluted EPS": -69.89,
        "Total Revenue": 26,
        "Gross Profit": -2,
        "Operating Income": -17,
        "EBIT": -7,
        "Net Income": -22
    },
    "2016-03-31": {
        "Diluted EPS": -145.45,
        "Total Revenue": 21,
        "Gross Profit": -10,
        "Operating Income": -36,
        "EBIT": -27,
        "Net Income": -39
    },
    "2015-12-31": {
        "Diluted EPS": -297.13,
        "Total Revenue": 26,
        "Gross Profit": -8,
        "Operating Income": -77,
        "EBIT": -66,
        "Net Income": -80
    },
    "2015-09-30": {
        "Diluted EPS": -75.84,
        "Total Revenue": 29,
        "Gross Profit": 0,
        "Operating Income": -17,
        "EBIT": -6,
        "Net Income": -20
    },
    "2015-06-30": {
        "Diluted EPS": -102.38,
        "Total Revenue": 23,
        "Gross Profit": -2,
        "Operating Income": -24,
        "EBIT": -13,
        "Net Income": -28
    },
    "2015-03-31": {
        "Diluted EPS": -77.03,
        "Total Revenue": 26,
        "Gross Profit": -1,
        "Operating Income": -18,
        "EBIT": -7,
        "Net Income": -21
    },
    "2014-12-31": {
        "Diluted EPS": NaN,
        "Total Revenue": 36,
        "Gross Profit": 9,
        "Operating Income": -14,
        "EBIT": -2,
        "Net Income": -430
    },
    "2014-09-30": {
        "Diluted EPS": -334.73,
        "Total Revenue": 30,
        "Gross Profit": 0,
        "Operating Income": -26,
        "EBIT": -2,
        "Net Income": -46
    },
    "2014-06-30": {
        "Diluted EPS": -365.55,
        "Total Revenue": 42,
        "Gross Profit": 14,
        "Operating Income": -8,
        "EBIT": 21,
        "Net Income": -45
    },
    "2014-03-31": {
        "Diluted EPS": -184.87,
        "Total Revenue": 46,
        "Gross Profit": 19,
        "Operating Income": -3,
        "EBIT": 18,
        "Net Income": -23
    },
    "2013-12-31": {
        "Diluted EPS": NaN,
        "Total Revenue": 47,
        "Gross Profit": 23,
        "Operating Income": -2,
        "EBIT": 19,
        "Net Income": -31
    },
    "2013-09-30": {
        "Diluted EPS": -310.92,
        "Total Revenue": 39,
        "Gross Profit": 9,
        "Operating Income": -9,
        "EBIT": 12,
        "Net Income": -38
    },
    "2013-06-30": {
        "Diluted EPS": NaN,
        "Total Revenue": 44,
        "Gross Profit": 16,
        "Operating Income": 18,
        "EBIT": 39,
        "Net Income": -3
    },
    "2013-03-31": {
        "Diluted EPS": NaN,
        "Total Revenue": 72,
        "Gross Profit": 44,
        "Operating Income": 25,
        "EBIT": 36,
        "Net Income": 1
    },
    "2012-12-31": {
        "Diluted EPS": NaN,
        "Total Revenue": 43,
        "Gross Profit": 14,
        "Operating Income": -11,
        "EBIT": 9,
        "Net Income": -32
    },
    "2012-09-30": {
        "Diluted EPS": NaN,
        "Total Revenue": 47,
        "Gross Profit": 18,
        "Operating Income": -8,
        "EBIT": 12,
        "Net Income": -30
    },
    "2012-06-30": {
        "Diluted EPS": NaN,
        "Total Revenue": 49,
        "Gross Profit": 18,
        "Operating Income": -11,
        "EBIT": 8,
        "Net Income": -23
    },
    "2012-03-31": {
        "Diluted EPS": NaN,
        "Total Revenue": 53,
        "Gross Profit": 23,
        "Operating Income": -8,
        "EBIT": 12,
        "Net Income": -17
    },
    "2011-12-31": {
        "Diluted EPS": NaN,
        "Total Revenue": 70,
        "Gross Profit": 36,
        "Operating Income": 9,
        "EBIT": 29,
        "Net Income": -2
    },
    "2011-09-30": {
        "Diluted EPS": NaN,
        "Total Revenue": 80,
        "Gross Profit": 35,
        "Operating Income": 8,
        "EBIT": 26,
        "Net Income": -6
    },
    "2011-06-30": {
        "Diluted EPS": NaN,
        "Total Revenue": 76,
        "Gross Profit": 36,
        "Operating Income": 10,
        "EBIT": 28,
        "Net Income": -1
    },
    "2011-03-31": {
        "Diluted EPS": NaN,
        "Total Revenue": 87,
        "Gross Profit": 35,
        "Operating Income": 4,
        "EBIT": 21,
        "Net Income": -6
    },
    "2010-12-31": {
        "Diluted EPS": NaN,
        "Total Revenue": 72,
        "Gross Profit": 40,
        "Operating Income": 15,
        "EBIT": 31,
        "Net Income": 3
    },
    "2010-09-30": {
        "Diluted EPS": NaN,
        "Total Revenue": 73,
        "Gross Profit": 49,
        "Operating Income": 22,
        "EBIT": 38,
        "Net Income": 8
    },
    "2010-06-30": {
        "Diluted EPS": NaN,
        "Total Revenue": 66,
        "Gross Profit": 50,
        "Operating Income": 24,
        "EBIT": 39,
        "Net Income": 11
    },
    "2010-03-31": {
        "Diluted EPS": NaN,
        "Total Revenue": 54,
        "Gross Profit": 39,
        "Operating Income": 16,
        "EBIT": 29,
        "Net Income": 5
    },
    "2009-12-31": {
        "Diluted EPS": NaN,
        "Total Revenue": 42,
        "Gross Profit": 29,
        "Operating Income": 10,
        "EBIT": 22,
        "Net Income": 2
    },
    "2009-09-30": {
        "Diluted EPS": 518.73,
        "Total Revenue": 42,
        "Gross Profit": 30,
        "Operating Income": 11,
        "EBIT": 22,
        "Net Income": 1
    },
    "2009-06-30": {
        "Diluted EPS": NaN,
        "Total Revenue": 53,
        "Gross Profit": 40,
        "Operating Income": 20,
        "EBIT": 31,
        "Net Income": 13
    },
    "2009-03-31": {
        "Diluted EPS": NaN,
        "Total Revenue": 56,
        "Gross Profit": 43,
        "Operating Income": 24,
        "EBIT": 34,
        "Net Income": 17
    },
    "2023-06-30": {
        "Tax Effect Of Unusual Items": 2861670.0,
        "Tax Rate For Calcs": 0.21,
        "Normalized EBITDA": 13949000.0,
        "Total Unusual Items": 13627000.0,
        "Total Unusual Items Excluding Goodwill": 13627000.0,
        "Net Income From Continuing Operation Net Minority Interest": 18026000.0,
        "Reconciled Depreciation": 5116000.0,
        "Reconciled Cost Of Revenue": 83026000.0,
        "EBITDA": 27576000.0,
        "EBIT": 22460000.0,
        "Net Interest Income": -2619000.0,
        "Interest Expense": 4434000.0,
        "Interest Income": 1815000.0,
        "Normalized Income": 7260670.0,
        "Net Income From Continuing And Discontinued Operation": 18026000.0,
        "Total Expenses": 94388000.0,
        "Rent Expense Supplemental": 11726000.0,
        "Total Operating Income As Reported": 17854000.0,
        "Diluted Average Shares": 16058606.0,
        "Basic Average Shares": 12734230.0,
        "Diluted EPS": 1.21,
        "Basic EPS": 1.42,
        "Diluted NI Availto Com Stockholders": 18026000.0,
        "Net Income Common Stockholders": 18026000.0,
        "Net Income": 18026000.0,
        "Net Income Including Noncontrolling Interests": 18026000.0,
        "Net Income Continuous Operations": 18026000.0,
        "Pretax Income": 18026000.0,
        "Other Income Expense": 13627000.0,
        "Special Income Charges": 10836000.0,
        "Gain On Sale Of Ppe": 11558000.0,
        "Other Special Charges": NaN,
        "Impairment Of Capital Assets": 722000.0,
        "Gain On Sale Of Security": 2791000.0,
        "Net Non Operating Interest Income Expense": -2619000.0,
        "Total Other Finance Cost": 959000.0,
        "Interest Expense Non Operating": 4434000.0,
        "Interest Income Non Operating": 1815000.0,
        "Operating Income": 7018000.0,
        "Operating Expense": 11362000.0,
        "Other Operating Expenses": 93000.0,
        "Selling General And Administration": 11269000.0,
        "General And Administrative Expense": 11269000.0,
        "Other Gand A": 11269000.0,
        "Gross Profit": 18380000.0,
        "Cost Of Revenue": 83026000.0,
        "Total Revenue": 101406000.0,
        "Operating Revenue": 101406000.0
    }
}