{
    "2023-06-30": {
        "Tax Effect Of Unusual Items": 5205600.0,
        "Tax Rate For Calcs": 0.4,
        "Normalized EBITDA": 98856000.0,
        "Total Unusual Items": 13014000.0,
        "Total Unusual Items Excluding Goodwill": 13014000.0,
        "Net Income From Continuing Operation Net Minority Interest": 1827000.0,
        "Reconciled Depreciation": 64893000.0,
        "Reconciled Cost Of Revenue": 181082000.0,
        "EBITDA": 111870000.0,
        "EBIT": 46977000.0,
        "Net Interest Income": -3803000.0,
        "Interest Expense": 6673000.0,
        "Interest Income": 2870000.0,
        "Normalized Income": -5981400.0,
        "Net Income From Continuing And Discontinued Operation": 885000.0,
        "Total Expenses": 204650000.0,
        "Total Operating Income As Reported": 39074000.0,
        "Diluted Average Shares": 189680000.0,
        "Basic Average Shares": 188804000.0,
        "Diluted EPS": 0.01,
        "Basic EPS": 0.01,
        "Diluted NI Availto Com Stockholders": 885000.0,
        "Net Income Common Stockholders": 885000.0,
        "Net Income": 885000.0,
        "Minority Interests": 389000.0,
        "Net Income Including Noncontrolling Interests": 496000.0,
        "Net Income Discontinuous Operations": -942000.0,
        "Net Income Continuous Operations": 1438000.0,
        "Tax Provision": 38866000.0,
        "Pretax Income": 40304000.0,
        "Other Income Expense": 13014000.0,
        "Other Non Operating Income Expenses": NaN,
        "Special Income Charges": -2568000.0,
        "Gain On Sale Of Ppe": -682000.0,
        "Impairment Of Capital Assets": 1886000.0,
        "Gain On Sale Of Security": 15582000.0,
        "Net Non Operating Interest Income Expense": -3803000.0,
        "Interest Expense Non Operating": 6673000.0,
        "Interest Income Non Operating": 2870000.0,
        "Operating Income": 31093000.0,
        "Operating Expense": 23568000.0,
        "Other Operating Expenses": 10821000.0,
        "Selling General And Administration": 12747000.0,
        "General And Administrative Expense": 12747000.0,
        "Other Gand A": 9365000.0,
        "Salaries And Wages": 3382000.0,
        "Gross Profit": 54661000.0,
        "Cost Of Revenue": 181082000.0,
        "Total Revenue": 235743000.0,
        "Operating Revenue": 235743000.0
    },
    "2023-03-31": {
        "Tax Effect Of Unusual Items": 1028895.984036,
        "Tax Rate For Calcs": 0.396951,
        "Normalized EBITDA": 101371000.0,
        "Total Unusual Items": 2592000.0,
        "Total Unusual Items Excluding Goodwill": 2592000.0,
        "Net Income From Continuing Operation Net Minority Interest": 20444000.0,
        "Reconciled Depreciation": 63121000.0,
        "Reconciled Cost Of Revenue": 172064000.0,
        "EBITDA": 103963000.0,
        "EBIT": 40842000.0,
        "Net Interest Income": -5039000.0,
        "Interest Expense": 8770000.0,
        "Interest Income": 3731000.0,
        "Normalized Income": 18880895.984036,
        "Net Income From Continuing And Discontinued Operation": 19320000.0,
        "Total Expenses": 195444000.0,
        "Total Operating Income As Reported": 32357000.0,
        "Diluted Average Shares": 184871792.0,
        "Basic Average Shares": 184020335.0,
        "Diluted EPS": 0.1,
        "Basic EPS": 0.1,
        "Diluted NI Availto Com Stockholders": 19320000.0,
        "Net Income Common Stockholders": 19320000.0,
        "Net Income": 19320000.0,
        "Minority Interests": 1103000.0,
        "Net Income Including Noncontrolling Interests": 18217000.0,
        "Net Income Discontinuous Operations": -1124000.0,
        "Net Income Continuous Operations": 19341000.0,
        "Tax Provision": 12731000.0,
        "Pretax Income": 32072000.0,
        "Other Income Expense": 6744000.0,
        "Other Non Operating Income Expenses": 4152000.0,
        "Special Income Charges": -162000.0,
        "Gain On Sale Of Ppe": -85000.0,
        "Impairment Of Capital Assets": 162000.0,
        "Gain On Sale Of Security": 2754000.0,
        "Net Non Operating Interest Income Expense": -5039000.0,
        "Interest Expense Non Operating": 8770000.0,
        "Interest Income Non Operating": 3731000.0,
        "Operating Income": 30367000.0,
        "Operating Expense": 23380000.0,
        "Other Operating Expenses": 10415000.0,
        "Selling General And Administration": 12965000.0,
        "General And Administrative Expense": 12965000.0,
        "Other Gand A": 10600000.0,
        "Salaries And Wages": 2365000.0,
        "Gross Profit": 53747000.0,
        "Cost Of Revenue": 172064000.0,
        "Total Revenue": 225811000.0,
        "Operating Revenue": 225811000.0
    },
    "2022-12-31": {
        "Tax Effect Of Unusual Items": NaN,
        "Tax Rate For Calcs": NaN,
        "Normalized EBITDA": NaN,
        "Total Unusual Items": NaN,
        "Total Unusual Items Excluding Goodwill": NaN,
        "Net Income From Continuing Operation Net Minority Interest": NaN,
        "Reconciled Depreciation": NaN,
        "Reconciled Cost Of Revenue": NaN,
        "EBITDA": NaN,
        "EBIT": NaN,
        "Net Interest Income": NaN,
        "Interest Expense": NaN,
        "Interest Income": NaN,
        "Normalized Income": NaN,
        "Net Income From Continuing And Discontinued Operation": NaN,
        "Total Expenses": NaN,
        "Total Operating Income As Reported": NaN,
        "Diluted Average Shares": NaN,
        "Basic Average Shares": NaN,
        "Diluted EPS": NaN,
        "Basic EPS": NaN,
        "Diluted NI Availto Com Stockholders": NaN,
        "Net Income Common Stockholders": NaN,
        "Net Income": NaN,
        "Minority Interests": NaN,
        "Net Income Including Noncontrolling Interests": NaN,
        "Net Income Discontinuous Operations": NaN,
        "Net Income Continuous Operations": NaN,
        "Tax Provision": NaN,
        "Pretax Income": NaN,
        "Other Income Expense": NaN,
        "Other Non Operating Income Expenses": NaN,
        "Special Income Charges": NaN,
        "Gain On Sale Of Ppe": 652000.0,
        "Impairment Of Capital Assets": NaN,
        "Gain On Sale Of Security": NaN,
        "Net Non Operating Interest Income Expense": NaN,
        "Interest Expense Non Operating": NaN,
        "Interest Income Non Operating": NaN,
        "Operating Income": NaN,
        "Operating Expense": NaN,
        "Other Operating Expenses": NaN,
        "Selling General And Administration": NaN,
        "General And Administrative Expense": NaN,
        "Other Gand A": NaN,
        "Salaries And Wages": NaN,
        "Gross Profit": NaN,
        "Cost Of Revenue": NaN,
        "Total Revenue": NaN,
        "Operating Revenue": NaN
    },
    "2022-09-30": {
        "Tax Effect Of Unusual Items": NaN,
        "Tax Rate For Calcs": NaN,
        "Normalized EBITDA": NaN,
        "Total Unusual Items": NaN,
        "Total Unusual Items Excluding Goodwill": NaN,
        "Net Income From Continuing Operation Net Minority Interest": NaN,
        "Reconciled Depreciation": NaN,
        "Reconciled Cost Of Revenue": NaN,
        "EBITDA": NaN,
        "EBIT": NaN,
        "Net Interest Income": NaN,
        "Interest Expense": NaN,
        "Interest Income": NaN,
        "Normalized Income": NaN,
        "Net Income From Continuing And Discontinued Operation": NaN,
        "Total Expenses": NaN,
        "Total Operating Income As Reported": NaN,
        "Diluted Average Shares": 183783000.0,
        "Basic Average Shares": 183783000.0,
        "Diluted EPS": -0.3,
        "Basic EPS": -0.3,
        "Diluted NI Availto Com Stockholders": NaN,
        "Net Income Common Stockholders": NaN,
        "Net Income": NaN,
        "Minority Interests": NaN,
        "Net Income Including Noncontrolling Interests": NaN,
        "Net Income Discontinuous Operations": NaN,
        "Net Income Continuous Operations": NaN,
        "Tax Provision": NaN,
        "Pretax Income": NaN,
        "Other Income Expense": NaN,
        "Other Non Operating Income Expenses": 3600000.0,
        "Special Income Charges": NaN,
        "Gain On Sale Of Ppe": NaN,
        "Impairment Of Capital Assets": NaN,
        "Gain On Sale Of Security": NaN,
        "Net Non Operating Interest Income Expense": NaN,
        "Interest Expense Non Operating": NaN,
        "Interest Income Non Operating": NaN,
        "Operating Income": NaN,
        "Operating Expense": NaN,
        "Other Operating Expenses": NaN,
        "Selling General And Administration": NaN,
        "General And Administrative Expense": NaN,
        "Other Gand A": NaN,
        "Salaries And Wages": NaN,
        "Gross Profit": NaN,
        "Cost Of Revenue": NaN,
        "Total Revenue": NaN,
        "Operating Revenue": NaN
    },
    "2022-06-30": {
        "Tax Effect Of Unusual Items": -3656800.0,
        "Tax Rate For Calcs": 0.4,
        "Normalized EBITDA": 84052000.0,
        "Total Unusual Items": -9142000.0,
        "Total Unusual Items Excluding Goodwill": -9142000.0,
        "Net Income From Continuing Operation Net Minority Interest": -22718000.0,
        "Reconciled Depreciation": 53699000.0,
        "Reconciled Cost Of Revenue": 162237000.0,
        "EBITDA": 74910000.0,
        "EBIT": 21211000.0,
        "Net Interest Income": -7313000.0,
        "Interest Expense": 8758000.0,
        "Interest Income": 1445000.0,
        "Normalized Income": -17232800.0,
        "Net Income From Continuing And Discontinued Operation": -22718000.0,
        "Total Expenses": 187593000.0,
        "Total Operating Income As Reported": 34518000.0,
        "Diluted Average Shares": 183777000.0,
        "Basic Average Shares": 183777000.0,
        "Diluted EPS": -0.14,
        "Basic EPS": -0.14,
        "Diluted NI Availto Com Stockholders": -22718000.0,
        "Net Income Common Stockholders": -22718000.0,
        "Net Income": -22718000.0,
        "Minority Interests": -1191000.0,
        "Net Income Including Noncontrolling Interests": -21527000.0,
        "Net Income Discontinuous Operations": 0.0,
        "Net Income Continuous Operations": -21527000.0,
        "Tax Provision": 33980000.0,
        "Pretax Income": 12453000.0,
        "Other Income Expense": -9142000.0,
        "Other Non Operating Income Expenses": NaN,
        "Special Income Charges": 1921000.0,
        "Gain On Sale Of Ppe": 233000.0,
        "Impairment Of Capital Assets": -1688000.0,
        "Gain On Sale Of Security": -11063000.0,
        "Net Non Operating Interest Income Expense": -7313000.0,
        "Interest Expense Non Operating": 8758000.0,
        "Interest Income Non Operating": 1445000.0,
        "Operating Income": 28908000.0,
        "Operating Expense": 25356000.0,
        "Other Operating Expenses": 15465000.0,
        "Selling General And Administration": 9891000.0,
        "General And Administrative Expense": 9891000.0,
        "Other Gand A": 8734000.0,
        "Salaries And Wages": 1157000.0,
        "Gross Profit": 54264000.0,
        "Cost Of Revenue": 162237000.0,
        "Total Revenue": 216501000.0,
        "Operating Revenue": 216501000.0
    },
    "2022-03-31": {
        "Diluted EPS": -1.74,
        "Total Revenue": 195,
        "Gross Profit": 90,
        "Operating Income": 10,
        "EBIT": 62,
        "Net Income": -318
    },
    "2021-12-31": {
        "Diluted EPS": -0.22,
        "Total Revenue": 245,
        "Gross Profit": 127,
        "Operating Income": 59,
        "EBIT": 105,
        "Net Income": -40
    },
    "2021-09-30": {
        "Diluted EPS": -0.29,
        "Total Revenue": 238,
        "Gross Profit": 128,
        "Operating Income": 54,
        "EBIT": 105,
        "Net Income": -52
    },
    "2021-06-30": {
        "Diluted EPS": -0.31,
        "Total Revenue": 233,
        "Gross Profit": 120,
        "Operating Income": 57,
        "EBIT": 108,
        "Net Income": -56
    },
    "2021-03-31": {
        "Diluted EPS": 0.07,
        "Total Revenue": 225,
        "Gross Profit": 116,
        "Operating Income": 45,
        "EBIT": 98,
        "Net Income": 12
    },
    "2020-12-31": {
        "Diluted EPS": 0.2,
        "Total Revenue": 279,
        "Gross Profit": 162,
        "Operating Income": 88,
        "EBIT": 147,
        "Net Income": 33
    },
    "2020-09-30": {
        "Diluted EPS": 0.26,
        "Total Revenue": 288,
        "Gross Profit": 170,
        "Operating Income": 101,
        "EBIT": 159,
        "Net Income": 47
    },
    "2020-06-30": {
        "Diluted EPS": 0.28,
        "Total Revenue": 256,
        "Gross Profit": 146,
        "Operating Income": 76,
        "EBIT": 127,
        "Net Income": 49
    },
    "2020-03-31": {
        "Diluted EPS": -0.03,
        "Total Revenue": 205,
        "Gross Profit": 103,
        "Operating Income": 33,
        "EBIT": 86,
        "Net Income": -5
    },
    "2019-12-31": {
        "Diluted EPS": 0.56,
        "Total Revenue": 192,
        "Gross Profit": 95,
        "Operating Income": 26,
        "EBIT": 79,
        "Net Income": 91
    },
    "2019-09-30": {
        "Diluted EPS": 0.03,
        "Total Revenue": 172,
        "Gross Profit": 87,
        "Operating Income": 31,
        "EBIT": 73,
        "Net Income": 4
    },
    "2019-06-30": {
        "Diluted EPS": 0.08,
        "Total Revenue": 174,
        "Gross Profit": 73,
        "Operating Income": 15,
        "EBIT": 56,
        "Net Income": 12
    },
    "2019-03-31": {
        "Diluted EPS": -0.17,
        "Total Revenue": 80,
        "Gross Profit": 28,
        "Operating Income": -16,
        "EBIT": 4,
        "Net Income": -27
    },
    "2018-12-31": {
        "Diluted EPS": -1.37,
        "Total Revenue": 93,
        "Gross Profit": 33,
        "Operating Income": -25,
        "EBIT": -3,
        "Net Income": -218
    },
    "2018-09-30": {
        "Diluted EPS": -0.81,
        "Total Revenue": 81,
        "Gross Profit": 25,
        "Operating Income": -17,
        "EBIT": 2,
        "Net Income": -128
    },
    "2018-06-30": {
        "Diluted EPS": -0.15,
        "Total Revenue": 153,
        "Gross Profit": 67,
        "Operating Income": 2,
        "EBIT": 36,
        "Net Income": -24
    },
    "2018-03-31": {
        "Diluted EPS": 0.05,
        "Total Revenue": 132,
        "Gross Profit": 65,
        "Operating Income": 17,
        "EBIT": 46,
        "Net Income": 9
    },
    "2017-12-31": {
        "Diluted EPS": -0.17,
        "Total Revenue": 101,
        "Gross Profit": 45,
        "Operating Income": -10,
        "EBIT": 10,
        "Net Income": -21
    },
    "2017-09-30": {
        "Diluted EPS": -0.05,
        "Total Revenue": 95,
        "Gross Profit": 49,
        "Operating Income": -3,
        "EBIT": 16,
        "Net Income": -4
    },
    "2017-06-30": {
        "Diluted EPS": 0.1,
        "Total Revenue": 83,
        "Gross Profit": 43,
        "Operating Income": 4,
        "EBIT": 19,
        "Net Income": 11
    },
    "2017-03-31": {
        "Diluted EPS": 0.05,
        "Total Revenue": 112,
        "Gross Profit": 61,
        "Operating Income": 17,
        "EBIT": 35,
        "Net Income": 4
    },
    "2016-12-31": {
        "Diluted EPS": -0.25,
        "Total Revenue": 115,
        "Gross Profit": 65,
        "Operating Income": 17,
        "EBIT": 39,
        "Net Income": -33
    },
    "2016-09-30": {
        "Diluted EPS": 0.15,
        "Total Revenue": 116,
        "Gross Profit": 66,
        "Operating Income": 31,
        "EBIT": 48,
        "Net Income": 21
    },
    "2016-06-30": {
        "Diluted EPS": -2.3,
        "Total Revenue": 107,
        "Gross Profit": 59,
        "Operating Income": 19,
        "EBIT": 36,
        "Net Income": -330
    },
    "2016-03-31": {
        "Diluted EPS": 0.0,
        "Total Revenue": 95,
        "Gross Profit": 48,
        "Operating Income": 4,
        "EBIT": 23,
        "Net Income": -2
    },
    "2015-12-31": {
        "Diluted EPS": -8.65,
        "Total Revenue": 199,
        "Gross Profit": 192,
        "Operating Income": 171,
        "EBIT": 285,
        "Net Income": NaN
    },
    "2015-09-30": {
        "Diluted EPS": -0.65,
        "Total Revenue": 112,
        "Gross Profit": 53,
        "Operating Income": 2,
        "EBIT": 24,
        "Net Income": -96
    },
    "2015-06-30": {
        "Diluted EPS": -1.4,
        "Total Revenue": 125,
        "Gross Profit": 59,
        "Operating Income": 19,
        "EBIT": 16,
        "Net Income": -199
    },
    "2015-03-31": {
        "Diluted EPS": -0.05,
        "Total Revenue": 238,
        "Gross Profit": 119,
        "Operating Income": 37,
        "EBIT": 82,
        "Net Income": -8
    },
    "2014-12-31": {
        "Diluted EPS": 0.1,
        "Total Revenue": 259,
        "Gross Profit": 268,
        "Operating Income": 59,
        "EBIT": 107,
        "Net Income": 14
    },
    "2014-09-30": {
        "Diluted EPS": 0.15,
        "Total Revenue": 264,
        "Gross Profit": 93,
        "Operating Income": 69,
        "EBIT": 108,
        "Net Income": 20
    },
    "2014-06-30": {
        "Diluted EPS": 0.25,
        "Total Revenue": 265,
        "Gross Profit": 99,
        "Operating Income": 70,
        "EBIT": 114,
        "Net Income": 38
    },
    "2014-03-31": {
        "Diluted EPS": 0.2,
        "Total Revenue": 280,
        "Gross Profit": 100,
        "Operating Income": 72,
        "EBIT": 118,
        "Net Income": 31
    },
    "2013-12-31": {
        "Diluted EPS": -4.8,
        "Total Revenue": 232,
        "Gross Profit": 44,
        "Operating Income": 47,
        "EBIT": 83,
        "Net Income": -688
    },
    "2013-09-30": {
        "Diluted EPS": 0.25,
        "Total Revenue": 287,
        "Gross Profit": 126,
        "Operating Income": 97,
        "EBIT": 138,
        "Net Income": 36
    },
    "2013-06-30": {
        "Diluted EPS": 0.3,
        "Total Revenue": 267,
        "Gross Profit": 116,
        "Operating Income": 87,
        "EBIT": 122,
        "Net Income": 43
    },
    "2013-03-31": {
        "Diluted EPS": -0.3,
        "Total Revenue": 338,
        "Gross Profit": 208,
        "Operating Income": 137,
        "EBIT": 174,
        "Net Income": -45
    },
    "2012-12-31": {
        "Diluted EPS": 0.8,
        "Total Revenue": 350,
        "Gross Profit": 153,
        "Operating Income": 152,
        "EBIT": 187,
        "Net Income": 115
    },
    "2012-09-30": {
        "Diluted EPS": 0.55,
        "Total Revenue": 282,
        "Gross Profit": 148,
        "Operating Income": 114,
        "EBIT": 140,
        "Net Income": 76
    },
    "2012-06-30": {
        "Diluted EPS": 0.35,
        "Total Revenue": 244,
        "Gross Profit": 125,
        "Operating Income": 90,
        "EBIT": 116,
        "Net Income": 47
    },
    "2012-03-31": {
        "Diluted EPS": 0.55,
        "Total Revenue": 272,
        "Gross Profit": 180,
        "Operating Income": 118,
        "EBIT": 146,
        "Net Income": 68
    },
    "2011-12-31": {
        "Diluted EPS": 0.8,
        "Total Revenue": 303,
        "Gross Profit": 85,
        "Operating Income": 142,
        "EBIT": 174,
        "Net Income": 89
    },
    "2011-09-30": {
        "Diluted EPS": 0.95,
        "Total Revenue": 326,
        "Gross Profit": 231,
        "Operating Income": 179,
        "EBIT": 209,
        "Net Income": 102
    },
    "2011-06-30": {
        "Diluted EPS": 0.7,
        "Total Revenue": 251,
        "Gross Profit": 170,
        "Operating Income": 117,
        "EBIT": 147,
        "Net Income": 75
    },
    "2011-03-31": {
        "Diluted EPS": 0.5,
        "Total Revenue": 218,
        "Gross Profit": 144,
        "Operating Income": 80,
        "EBIT": 111,
        "Net Income": 52
    },
    "2010-12-31": {
        "Diluted EPS": 0.4,
        "Total Revenue": 213,
        "Gross Profit": 139,
        "Operating Income": 78,
        "EBIT": 105,
        "Net Income": 44
    },
    "2010-09-30": {
        "Diluted EPS": 0.45,
        "Total Revenue": 190,
        "Gross Profit": 121,
        "Operating Income": 78,
        "EBIT": 105,
        "Net Income": 49
    },
    "2010-06-30": {
        "Diluted EPS": 0.55,
        "Total Revenue": 208,
        "Gross Profit": 135,
        "Operating Income": 89,
        "EBIT": 118,
        "Net Income": 61
    },
    "2010-03-31": {
        "Diluted EPS": 0.5,
        "Total Revenue": 182,
        "Gross Profit": 115,
        "Operating Income": 72,
        "EBIT": 95,
        "Net Income": 53
    },
    "2009-12-31": {
        "Diluted EPS": 0.4,
        "Total Revenue": 145,
        "Gross Profit": 87,
        "Operating Income": 56,
        "EBIT": 75,
        "Net Income": 33
    },
    "2009-09-30": {
        "Diluted EPS": 0.4,
        "Total Revenue": 83,
        "Gross Profit": 55,
        "Operating Income": 34,
        "EBIT": 43,
        "Net Income": 30
    },
    "2009-06-30": {
        "Diluted EPS": 0.35,
        "Total Revenue": 81,
        "Gross Profit": 52,
        "Operating Income": 33,
        "EBIT": 40,
        "Net Income": 26
    },
    "2009-03-31": {
        "Diluted EPS": 0.2,
        "Total Revenue": 52,
        "Gross Profit": 34,
        "Operating Income": 19,
        "EBIT": 23,
        "Net Income": 13
    },
    "2023-09-30": {
        "Tax Effect Of Unusual Items": 1040800.0,
        "Tax Rate For Calcs": 0.4,
        "Normalized EBITDA": 112869000.0,
        "Total Unusual Items": 2602000.0,
        "Total Unusual Items Excluding Goodwill": 2602000.0,
        "Net Income From Continuing Operation Net Minority Interest": -6797000.0,
        "Reconciled Depreciation": 63789000.0,
        "Reconciled Cost Of Revenue": 178912000.0,
        "EBITDA": 115471000.0,
        "EBIT": 51682000.0,
        "Net Interest Income": -1022000.0,
        "Interest Expense": 6364000.0,
        "Interest Income": 5342000.0,
        "Normalized Income": -8358200.0,
        "Net Income From Continuing And Discontinued Operation": -7998000.0,
        "Total Expenses": 202270000.0,
        "Total Operating Income As Reported": 42862000.0,
        "Diluted Average Shares": 202472000.0,
        "Basic Average Shares": 202472000.0,
        "Diluted EPS": -0.04,
        "Basic EPS": -0.04,
        "Diluted NI Availto Com Stockholders": -7998000.0,
        "Net Income Common Stockholders": -7998000.0,
        "Net Income": -7998000.0,
        "Minority Interests": -131000.0,
        "Net Income Including Noncontrolling Interests": -7867000.0,
        "Net Income Discontinuous Operations": -1201000.0,
        "Net Income Continuous Operations": -6666000.0,
        "Tax Provision": 51984000.0,
        "Pretax Income": 45318000.0,
        "Other Income Expense": 2602000.0,
        "Other Non Operating Income Expenses": NaN,
        "Special Income Charges": -2864000.0,
        "Gain On Sale Of Ppe": 60000.0,
        "Impairment Of Capital Assets": 2924000.0,
        "Gain On Sale Of Security": 5466000.0,
        "Net Non Operating Interest Income Expense": -1022000.0,
        "Interest Expense Non Operating": 6364000.0,
        "Interest Income Non Operating": 5342000.0,
        "Operating Income": 43738000.0,
        "Operating Expense": 23358000.0,
        "Other Operating Expenses": 10745000.0,
        "Selling General And Administration": 12613000.0,
        "General And Administrative Expense": 12613000.0,
        "Other Gand A": 9291000.0,
        "Salaries And Wages": 3322000.0,
        "Gross Profit": 67096000.0,
        "Cost Of Revenue": 178912000.0,
        "Total Revenue": 246008000.0,
        "Operating Revenue": 246008000.0
    },
    "2023-12-31": {
        "Tax Effect Of Unusual Items": -8495600.0,
        "Tax Rate For Calcs": 0.4,
        "Normalized EBITDA": 148132000.0,
        "Total Unusual Items": -21239000.0,
        "Total Unusual Items Excluding Goodwill": -21239000.0,
        "Net Income From Continuing Operation Net Minority Interest": 93563000.0,
        "Reconciled Depreciation": 72522000.0,
        "Reconciled Cost Of Revenue": 206437000.0,
        "EBITDA": 126893000.0,
        "EBIT": 54371000.0,
        "Net Interest Income": -927000.0,
        "Interest Expense": 8700000.0,
        "Interest Income": 7773000.0,
        "Normalized Income": 106306400.0,
        "Net Income From Continuing And Discontinued Operation": 92423000.0,
        "Total Expenses": 233161000.0,
        "Total Operating Income As Reported": 67716000.0,
        "Diluted Average Shares": NaN,
        "Basic Average Shares": NaN,
        "Diluted EPS": NaN,
        "Basic EPS": NaN,
        "Diluted NI Availto Com Stockholders": 92423000.0,
        "Net Income Common Stockholders": 92423000.0,
        "Net Income": 92423000.0,
        "Minority Interests": 1886000.0,
        "Net Income Including Noncontrolling Interests": 90537000.0,
        "Net Income Discontinuous Operations": -1140000.0,
        "Net Income Continuous Operations": 91677000.0,
        "Tax Provision": -46006000.0,
        "Pretax Income": 45671000.0,
        "Other Income Expense": -21239000.0,
        "Other Non Operating Income Expenses": NaN,
        "Special Income Charges": -4645000.0,
        "Gain On Sale Of Ppe": 102000.0,
        "Impairment Of Capital Assets": 4747000.0,
        "Gain On Sale Of Security": -16594000.0,
        "Net Non Operating Interest Income Expense": -927000.0,
        "Interest Expense Non Operating": 8700000.0,
        "Interest Income Non Operating": 7773000.0,
        "Operating Income": 67837000.0,
        "Operating Expense": 26724000.0,
        "Other Operating Expenses": 10838000.0,
        "Selling General And Administration": 15886000.0,
        "General And Administrative Expense": 15886000.0,
        "Other Gand A": 10532000.0,
        "Salaries And Wages": 5354000.0,
        "Gross Profit": 94561000.0,
        "Cost Of Revenue": 206437000.0,
        "Total Revenue": 300998000.0,
        "Operating Revenue": 300998000.0
    },
    "2024-03-31": {
        "Tax Effect Of Unusual Items": -4199093.33125,
        "Tax Rate For Calcs": 0.313552,
        "Normalized EBITDA": 123957000.0,
        "Total Unusual Items": -13392000.0,
        "Total Unusual Items Excluding Goodwill": -13392000.0,
        "Net Income From Continuing Operation Net Minority Interest": 34986000.0,
        "Reconciled Depreciation": 55344000.0,
        "Reconciled Cost Of Revenue": 177485000.0,
        "EBITDA": 110565000.0,
        "EBIT": 55221000.0,
        "Net Interest Income": 4157000.0,
        "Interest Expense": 4027000.0,
        "Interest Income": 8184000.0,
        "Normalized Income": 44178906.66875,
        "Net Income From Continuing And Discontinued Operation": 33605000.0,
        "Total Expenses": 198538000.0,
        "Total Operating Income As Reported": 60096000.0,
        "Diluted Average Shares": 203929570.0,
        "Basic Average Shares": 202706218.0,
        "Diluted EPS": 0.16,
        "Basic EPS": 0.17,
        "Diluted NI Availto Com Stockholders": 33605000.0,
        "Net Income Common Stockholders": 33605000.0,
        "Net Income": 33605000.0,
        "Minority Interests": -156000.0,
        "Net Income Including Noncontrolling Interests": 33761000.0,
        "Net Income Discontinuous Operations": -1381000.0,
        "Net Income Continuous Operations": 35142000.0,
        "Tax Provision": 16052000.0,
        "Pretax Income": 51194000.0,
        "Other Income Expense": -10490000.0,
        "Other Non Operating Income Expenses": 2902000.0,
        "Special Income Charges": -722000.0,
        "Gain On Sale Of Ppe": NaN,
        "Impairment Of Capital Assets": 722000.0,
        "Gain On Sale Of Security": -12670000.0,
        "Net Non Operating Interest Income Expense": 4157000.0,
        "Interest Expense Non Operating": 4027000.0,
        "Interest Income Non Operating": 8184000.0,
        "Operating Income": 57527000.0,
        "Operating Expense": 21053000.0,
        "Other Operating Expenses": 8336000.0,
        "Selling General And Administration": 12717000.0,
        "General And Administrative Expense": 12717000.0,
        "Other Gand A": 9494000.0,
        "Salaries And Wages": 3223000.0,
        "Gross Profit": 78580000.0,
        "Cost Of Revenue": 177485000.0,
        "Total Revenue": 256065000.0,
        "Operating Revenue": 256065000.0
    }
}