{
    "2023-03-31": {
        "Tax Effect Of Unusual Items": NaN,
        "Tax Rate For Calcs": NaN,
        "Normalized EBITDA": NaN,
        "Total Unusual Items": NaN,
        "Total Unusual Items Excluding Goodwill": NaN,
        "Net Income From Continuing Operation Net Minority Interest": NaN,
        "Reconciled Depreciation": NaN,
        "Reconciled Cost Of Revenue": NaN,
        "EBITDA": NaN,
        "EBIT": NaN,
        "Net Interest Income": NaN,
        "Interest Expense": 2246000.0,
        "Normalized Income": NaN,
        "Net Income From Continuing And Discontinued Operation": NaN,
        "Total Expenses": NaN,
        "Total Operating Income As Reported": NaN,
        "Diluted Average Shares": NaN,
        "Basic Average Shares": NaN,
        "Diluted EPS": NaN,
        "Basic EPS": NaN,
        "Diluted NI Availto Com Stockholders": NaN,
        "Average Dilution Earnings": NaN,
        "Net Income Common Stockholders": NaN,
        "Otherunder Preferred Stock Dividend": NaN,
        "Net Income": NaN,
        "Net Income Including Noncontrolling Interests": NaN,
        "Net Income Discontinuous Operations": -13000.0,
        "Net Income Continuous Operations": NaN,
        "Tax Provision": NaN,
        "Pretax Income": NaN,
        "Other Income Expense": NaN,
        "Other Non Operating Income Expenses": NaN,
        "Special Income Charges": NaN,
        "Gain On Sale Of Ppe": NaN,
        "Write Off": NaN,
        "Restructuring And Mergern Acquisition": 0.0,
        "Gain On Sale Of Security": NaN,
        "Net Non Operating Interest Income Expense": NaN,
        "Interest Expense Non Operating": 2246000.0,
        "Operating Income": NaN,
        "Operating Expense": NaN,
        "Other Operating Expenses": NaN,
        "Provision For Doubtful Accounts": 935000.0,
        "Selling General And Administration": NaN,
        "Selling And Marketing Expense": 497000.0,
        "General And Administrative Expense": NaN,
        "Other Gand A": NaN,
        "Gross Profit": NaN,
        "Cost Of Revenue": NaN,
        "Total Revenue": NaN,
        "Operating Revenue": NaN
    },
    "2022-12-31": {
        "Tax Effect Of Unusual Items": NaN,
        "Tax Rate For Calcs": NaN,
        "Normalized EBITDA": NaN,
        "Total Unusual Items": NaN,
        "Total Unusual Items Excluding Goodwill": NaN,
        "Net Income From Continuing Operation Net Minority Interest": NaN,
        "Reconciled Depreciation": NaN,
        "Reconciled Cost Of Revenue": NaN,
        "EBITDA": NaN,
        "EBIT": NaN,
        "Net Interest Income": NaN,
        "Interest Expense": NaN,
        "Normalized Income": NaN,
        "Net Income From Continuing And Discontinued Operation": NaN,
        "Total Expenses": NaN,
        "Total Operating Income As Reported": NaN,
        "Diluted Average Shares": NaN,
        "Basic Average Shares": NaN,
        "Diluted EPS": NaN,
        "Basic EPS": NaN,
        "Diluted NI Availto Com Stockholders": NaN,
        "Average Dilution Earnings": NaN,
        "Net Income Common Stockholders": NaN,
        "Otherunder Preferred Stock Dividend": NaN,
        "Net Income": NaN,
        "Net Income Including Noncontrolling Interests": NaN,
        "Net Income Discontinuous Operations": -14000.0,
        "Net Income Continuous Operations": NaN,
        "Tax Provision": NaN,
        "Pretax Income": NaN,
        "Other Income Expense": NaN,
        "Other Non Operating Income Expenses": NaN,
        "Special Income Charges": NaN,
        "Gain On Sale Of Ppe": 0.0,
        "Write Off": 999000.0,
        "Restructuring And Mergern Acquisition": NaN,
        "Gain On Sale Of Security": NaN,
        "Net Non Operating Interest Income Expense": NaN,
        "Interest Expense Non Operating": NaN,
        "Operating Income": NaN,
        "Operating Expense": NaN,
        "Other Operating Expenses": NaN,
        "Provision For Doubtful Accounts": NaN,
        "Selling General And Administration": NaN,
        "Selling And Marketing Expense": NaN,
        "General And Administrative Expense": NaN,
        "Other Gand A": NaN,
        "Gross Profit": NaN,
        "Cost Of Revenue": NaN,
        "Total Revenue": NaN,
        "Operating Revenue": NaN
    },
    "2022-09-30": {
        "Tax Effect Of Unusual Items": NaN,
        "Tax Rate For Calcs": NaN,
        "Normalized EBITDA": NaN,
        "Total Unusual Items": NaN,
        "Total Unusual Items Excluding Goodwill": NaN,
        "Net Income From Continuing Operation Net Minority Interest": NaN,
        "Reconciled Depreciation": NaN,
        "Reconciled Cost Of Revenue": NaN,
        "EBITDA": NaN,
        "EBIT": NaN,
        "Net Interest Income": NaN,
        "Interest Expense": NaN,
        "Normalized Income": NaN,
        "Net Income From Continuing And Discontinued Operation": NaN,
        "Total Expenses": NaN,
        "Total Operating Income As Reported": NaN,
        "Diluted Average Shares": NaN,
        "Basic Average Shares": NaN,
        "Diluted EPS": NaN,
        "Basic EPS": NaN,
        "Diluted NI Availto Com Stockholders": NaN,
        "Average Dilution Earnings": NaN,
        "Net Income Common Stockholders": NaN,
        "Otherunder Preferred Stock Dividend": NaN,
        "Net Income": NaN,
        "Net Income Including Noncontrolling Interests": NaN,
        "Net Income Discontinuous Operations": NaN,
        "Net Income Continuous Operations": NaN,
        "Tax Provision": NaN,
        "Pretax Income": NaN,
        "Other Income Expense": NaN,
        "Other Non Operating Income Expenses": NaN,
        "Special Income Charges": NaN,
        "Gain On Sale Of Ppe": -8867000.0,
        "Write Off": 1020000.0,
        "Restructuring And Mergern Acquisition": NaN,
        "Gain On Sale Of Security": NaN,
        "Net Non Operating Interest Income Expense": NaN,
        "Interest Expense Non Operating": NaN,
        "Operating Income": NaN,
        "Operating Expense": NaN,
        "Other Operating Expenses": NaN,
        "Provision For Doubtful Accounts": 1020000.0,
        "Selling General And Administration": NaN,
        "Selling And Marketing Expense": NaN,
        "General And Administrative Expense": NaN,
        "Other Gand A": NaN,
        "Gross Profit": NaN,
        "Cost Of Revenue": NaN,
        "Total Revenue": NaN,
        "Operating Revenue": NaN
    },
    "2022-06-30": {
        "Tax Effect Of Unusual Items": -4045200.0,
        "Tax Rate For Calcs": 0.4,
        "Normalized EBITDA": 92022000.0,
        "Total Unusual Items": -10113000.0,
        "Total Unusual Items Excluding Goodwill": -10113000.0,
        "Net Income From Continuing Operation Net Minority Interest": 15124000.0,
        "Reconciled Depreciation": 8191000.0,
        "Reconciled Cost Of Revenue": 50195000.0,
        "EBITDA": 81909000.0,
        "EBIT": 73718000.0,
        "Net Interest Income": -118000.0,
        "Interest Expense": NaN,
        "Normalized Income": 21191800.0,
        "Net Income From Continuing And Discontinued Operation": 15104000.0,
        "Total Expenses": 53796000.0,
        "Total Operating Income As Reported": 73147000.0,
        "Diluted Average Shares": 59361000.0,
        "Basic Average Shares": 58925000.0,
        "Diluted EPS": 0.25,
        "Basic EPS": 0.25,
        "Diluted NI Availto Com Stockholders": 14876000.0,
        "Average Dilution Earnings": 1000.0,
        "Net Income Common Stockholders": 14875000.0,
        "Otherunder Preferred Stock Dividend": 229000.0,
        "Net Income": 15104000.0,
        "Net Income Including Noncontrolling Interests": 15104000.0,
        "Net Income Discontinuous Operations": -20000.0,
        "Net Income Continuous Operations": 15124000.0,
        "Tax Provision": 46252000.0,
        "Pretax Income": 61376000.0,
        "Other Income Expense": -12224000.0,
        "Other Non Operating Income Expenses": -2111000.0,
        "Special Income Charges": -571000.0,
        "Write Off": 571000.0,
        "Gain On Sale Of Security": -9542000.0,
        "Net Non Operating Interest Income Expense": -118000.0,
        "Total Other Finance Cost": 118000.0,
        "Interest Expense Non Operating": NaN,
        "Operating Income": 73718000.0,
        "Operating Expense": 3601000.0,
        "Other Operating Expenses": 67000.0,
        "Provision For Doubtful Accounts": NaN,
        "Selling General And Administration": 3534000.0,
        "Selling And Marketing Expense": NaN,
        "General And Administrative Expense": 3534000.0,
        "Other Gand A": 3534000.0,
        "Gross Profit": 77319000.0,
        "Cost Of Revenue": 50195000.0,
        "Total Revenue": 127514000.0,
        "Operating Revenue": 127514000.0
    },
    "2022-03-31": {
        "Diluted EPS": 0.2,
        "Total Revenue": 69,
        "Gross Profit": 69,
        "Operating Income": 40,
        "EBIT": 45,
        "Net Income": 12
    },
    "2021-12-31": {
        "Diluted EPS": 0.57,
        "Total Revenue": 56,
        "Gross Profit": 56,
        "Operating Income": 26,
        "EBIT": 30,
        "Net Income": 34
    },
    "2021-09-30": {
        "Diluted EPS": 0.53,
        "Total Revenue": 56,
        "Gross Profit": 56,
        "Operating Income": 20,
        "EBIT": 27,
        "Net Income": 32
    },
    "2021-06-30": {
        "Diluted EPS": 0.1,
        "Total Revenue": 47,
        "Gross Profit": 47,
        "Operating Income": 19,
        "EBIT": 25,
        "Net Income": 6
    },
    "2021-03-31": {
        "Diluted EPS": 0.17,
        "Total Revenue": 40,
        "Gross Profit": 40,
        "Operating Income": 14,
        "EBIT": 18,
        "Net Income": 10
    },
    "2020-12-31": {
        "Diluted EPS": -0.06,
        "Total Revenue": 13,
        "Gross Profit": 13,
        "Operating Income": -4,
        "EBIT": -3,
        "Net Income": -4
    },
    "2020-09-30": {
        "Diluted EPS": 0.13,
        "Total Revenue": 18,
        "Gross Profit": 18,
        "Operating Income": 5,
        "EBIT": 7,
        "Net Income": 8
    },
    "2020-06-30": {
        "Diluted EPS": 0.01,
        "Total Revenue": 18,
        "Gross Profit": 18,
        "Operating Income": -1,
        "EBIT": 2,
        "Net Income": 1
    },
    "2020-03-31": {
        "Diluted EPS": -0.91,
        "Total Revenue": 18,
        "Gross Profit": 18,
        "Operating Income": -27,
        "EBIT": -24,
        "Net Income": -53
    },
    "2019-12-31": {
        "Diluted EPS": 0.02,
        "Total Revenue": 22,
        "Gross Profit": 22,
        "Operating Income": 8,
        "EBIT": 10,
        "Net Income": 1
    },
    "2019-09-30": {
        "Diluted EPS": -0.07,
        "Total Revenue": 18,
        "Gross Profit": 18,
        "Operating Income": 2,
        "EBIT": 3,
        "Net Income": -4
    },
    "2019-06-30": {
        "Diluted EPS": -0.01,
        "Total Revenue": 25,
        "Gross Profit": 25,
        "Operating Income": 6,
        "EBIT": 8,
        "Net Income": -1
    },
    "2019-03-31": {
        "Diluted EPS": 0.1,
        "Total Revenue": 20,
        "Gross Profit": 20,
        "Operating Income": 6,
        "EBIT": 7,
        "Net Income": 7
    },
    "2018-12-31": {
        "Diluted EPS": 0.18,
        "Total Revenue": 28,
        "Gross Profit": 28,
        "Operating Income": 15,
        "EBIT": 18,
        "Net Income": 10
    },
    "2018-09-30": {
        "Diluted EPS": 1.28,
        "Total Revenue": 25,
        "Gross Profit": 25,
        "Operating Income": 17,
        "EBIT": 19,
        "Net Income": 79
    },
    "2018-06-30": {
        "Diluted EPS": 0.01,
        "Total Revenue": 24,
        "Gross Profit": 24,
        "Operating Income": 6,
        "EBIT": 7,
        "Net Income": 1
    },
    "2018-03-31": {
        "Diluted EPS": 0.15,
        "Total Revenue": 28,
        "Gross Profit": 28,
        "Operating Income": 13,
        "EBIT": 14,
        "Net Income": 9
    },
    "2017-12-31": {
        "Diluted EPS": 0.06,
        "Total Revenue": 17,
        "Gross Profit": 17,
        "Operating Income": 2,
        "EBIT": 3,
        "Net Income": 3
    },
    "2017-09-30": {
        "Diluted EPS": -0.01,
        "Total Revenue": 18,
        "Gross Profit": 18,
        "Operating Income": 4,
        "EBIT": 6,
        "Net Income": 0
    },
    "2017-06-30": {
        "Diluted EPS": 0.04,
        "Total Revenue": 20,
        "Gross Profit": 20,
        "Operating Income": 6,
        "EBIT": 8,
        "Net Income": 2
    },
    "2017-03-31": {
        "Diluted EPS": 0.07,
        "Total Revenue": 21,
        "Gross Profit": 21,
        "Operating Income": 8,
        "EBIT": 10,
        "Net Income": 4
    },
    "2016-12-31": {
        "Diluted EPS": -0.06,
        "Total Revenue": 15,
        "Gross Profit": 15,
        "Operating Income": 1,
        "EBIT": 2,
        "Net Income": -4
    },
    "2016-09-30": {
        "Diluted EPS": -0.25,
        "Total Revenue": 15,
        "Gross Profit": 15,
        "Operating Income": 4,
        "EBIT": 5,
        "Net Income": -15
    },
    "2016-06-30": {
        "Diluted EPS": -0.01,
        "Total Revenue": 19,
        "Gross Profit": 19,
        "Operating Income": 5,
        "EBIT": 8,
        "Net Income": -1
    },
    "2016-03-31": {
        "Diluted EPS": -0.13,
        "Total Revenue": 11,
        "Gross Profit": 11,
        "Operating Income": -14,
        "EBIT": -11,
        "Net Income": -8
    },
    "2015-12-31": {
        "Diluted EPS": -1.38,
        "Total Revenue": 18,
        "Gross Profit": 18,
        "Operating Income": -36,
        "EBIT": -27,
        "Net Income": -81
    },
    "2015-09-30": {
        "Diluted EPS": -0.58,
        "Total Revenue": 18,
        "Gross Profit": 18,
        "Operating Income": -31,
        "EBIT": -23,
        "Net Income": -34
    },
    "2015-06-30": {
        "Diluted EPS": -0.09,
        "Total Revenue": 27,
        "Gross Profit": 27,
        "Operating Income": -1,
        "EBIT": 8,
        "Net Income": -5
    },
    "2015-03-31": {
        "Diluted EPS": -0.67,
        "Total Revenue": 18,
        "Gross Profit": 18,
        "Operating Income": -35,
        "EBIT": -29,
        "Net Income": -39
    },
    "2014-12-31": {
        "Diluted EPS": -1.72,
        "Total Revenue": 23,
        "Gross Profit": 23,
        "Operating Income": -90,
        "EBIT": -86,
        "Net Income": -98
    },
    "2014-09-30": {
        "Diluted EPS": 0.05,
        "Total Revenue": 24,
        "Gross Profit": 24,
        "Operating Income": 7,
        "EBIT": 11,
        "Net Income": 3
    },
    "2014-06-30": {
        "Diluted EPS": 0.43,
        "Total Revenue": 52,
        "Gross Profit": 52,
        "Operating Income": 34,
        "EBIT": 41,
        "Net Income": 25
    },
    "2014-03-31": {
        "Diluted EPS": -0.12,
        "Total Revenue": 28,
        "Gross Profit": 28,
        "Operating Income": -1,
        "EBIT": 4,
        "Net Income": -7
    },
    "2013-12-31": {
        "Diluted EPS": 0.46,
        "Total Revenue": 58,
        "Gross Profit": 58,
        "Operating Income": 36,
        "EBIT": 42,
        "Net Income": 26
    },
    "2013-09-30": {
        "Diluted EPS": 0.04,
        "Total Revenue": 38,
        "Gross Profit": 38,
        "Operating Income": 8,
        "EBIT": 12,
        "Net Income": 2
    },
    "2013-06-30": {
        "Diluted EPS": 0.12,
        "Total Revenue": 29,
        "Gross Profit": 29,
        "Operating Income": 12,
        "EBIT": 15,
        "Net Income": 7
    },
    "2013-03-31": {
        "Diluted EPS": 0.12,
        "Total Revenue": 44,
        "Gross Profit": 44,
        "Operating Income": 22,
        "EBIT": 25,
        "Net Income": 7
    },
    "2012-12-31": {
        "Diluted EPS": -0.32,
        "Total Revenue": 54,
        "Gross Profit": 54,
        "Operating Income": 2,
        "EBIT": 5,
        "Net Income": -19
    },
    "2012-09-30": {
        "Diluted EPS": 0.0,
        "Total Revenue": 38,
        "Gross Profit": 38,
        "Operating Income": 16,
        "EBIT": 20,
        "Net Income": 0
    },
    "2012-06-30": {
        "Diluted EPS": 0.18,
        "Total Revenue": 59,
        "Gross Profit": 59,
        "Operating Income": 39,
        "EBIT": 45,
        "Net Income": 10
    },
    "2012-03-31": {
        "Diluted EPS": 0.15,
        "Total Revenue": 45,
        "Gross Profit": 45,
        "Operating Income": 30,
        "EBIT": 35,
        "Net Income": 9
    },
    "2011-12-31": {
        "Diluted EPS": 0.16,
        "Total Revenue": 68,
        "Gross Profit": 68,
        "Operating Income": 39,
        "EBIT": 47,
        "Net Income": 9
    },
    "2011-09-30": {
        "Diluted EPS": 0.04,
        "Total Revenue": 37,
        "Gross Profit": 37,
        "Operating Income": 20,
        "EBIT": 25,
        "Net Income": 2
    },
    "2011-06-30": {
        "Diluted EPS": 0.2,
        "Total Revenue": 59,
        "Gross Profit": 59,
        "Operating Income": 43,
        "EBIT": 49,
        "Net Income": 12
    },
    "2011-03-31": {
        "Diluted EPS": 0.19,
        "Total Revenue": 47,
        "Gross Profit": 47,
        "Operating Income": 31,
        "EBIT": 37,
        "Net Income": 11
    },
    "2010-12-31": {
        "Diluted EPS": 0.14,
        "Total Revenue": 38,
        "Gross Profit": 38,
        "Operating Income": 19,
        "EBIT": 26,
        "Net Income": 9
    },
    "2010-09-30": {
        "Diluted EPS": 0.22,
        "Total Revenue": 33,
        "Gross Profit": 33,
        "Operating Income": 22,
        "EBIT": 26,
        "Net Income": 12
    },
    "2010-06-30": {
        "Diluted EPS": 0.18,
        "Total Revenue": 34,
        "Gross Profit": 34,
        "Operating Income": 20,
        "EBIT": 25,
        "Net Income": 10
    },
    "2010-03-31": {
        "Diluted EPS": 0.11,
        "Total Revenue": 30,
        "Gross Profit": 30,
        "Operating Income": 18,
        "EBIT": 22,
        "Net Income": 6
    },
    "2009-12-31": {
        "Diluted EPS": 0.04,
        "Total Revenue": 33,
        "Gross Profit": 33,
        "Operating Income": 17,
        "EBIT": 22,
        "Net Income": 2
    },
    "2009-09-30": {
        "Diluted EPS": 0.07,
        "Total Revenue": 29,
        "Gross Profit": 29,
        "Operating Income": 20,
        "EBIT": 24,
        "Net Income": 4
    },
    "2009-06-30": {
        "Diluted EPS": -0.03,
        "Total Revenue": 32,
        "Gross Profit": 32,
        "Operating Income": 7,
        "EBIT": 12,
        "Net Income": -2
    },
    "2009-03-31": {
        "Diluted EPS": -0.22,
        "Total Revenue": 21,
        "Gross Profit": 21,
        "Operating Income": -10,
        "EBIT": -5,
        "Net Income": -13
    },
    "2023-06-30": {
        "Tax Effect Of Unusual Items": -1322160.0,
        "Tax Rate For Calcs": 0.21,
        "Normalized EBITDA": 64342000.0,
        "Total Unusual Items": -6296000.0,
        "Total Unusual Items Excluding Goodwill": -6296000.0,
        "Net Income From Continuing Operation Net Minority Interest": 6752000.0,
        "Reconciled Depreciation": 38003000.0,
        "Reconciled Cost Of Revenue": 118170000.0,
        "EBITDA": 58046000.0,
        "EBIT": 20043000.0,
        "Net Interest Income": -1703000.0,
        "Interest Expense": 1703000.0,
        "Normalized Income": 11725840.0,
        "Net Income From Continuing And Discontinued Operation": 6752000.0,
        "Total Expenses": 123925000.0,
        "Total Operating Income As Reported": 20551000.0,
        "Diluted Average Shares": 107613000.0,
        "Basic Average Shares": 106965000.0,
        "Diluted EPS": 0.06,
        "Basic EPS": 0.06,
        "Diluted NI Availto Com Stockholders": 6752000.0,
        "Average Dilution Earnings": 27000.0,
        "Net Income Common Stockholders": 6725000.0,
        "Otherunder Preferred Stock Dividend": 27000.0,
        "Net Income": 6752000.0,
        "Net Income Including Noncontrolling Interests": 6752000.0,
        "Net Income Discontinuous Operations": -2000.0,
        "Net Income Continuous Operations": 6752000.0,
        "Tax Provision": 11588000.0,
        "Pretax Income": 18340000.0,
        "Other Income Expense": -6835000.0,
        "Other Non Operating Income Expenses": -539000.0,
        "Special Income Charges": -6327000.0,
        "Gain On Sale Of Ppe": -5647000.0,
        "Write Off": 680000.0,
        "Restructuring And Mergern Acquisition": 0.0,
        "Gain On Sale Of Security": 31000.0,
        "Net Non Operating Interest Income Expense": -1703000.0,
        "Interest Expense Non Operating": 1703000.0,
        "Operating Income": 26878000.0,
        "Operating Expense": 5755000.0,
        "Other Operating Expenses": 360000.0,
        "Provision For Doubtful Accounts": NaN,
        "Selling General And Administration": 5395000.0,
        "Selling And Marketing Expense": NaN,
        "General And Administrative Expense": 5395000.0,
        "Other Gand A": 5395000.0,
        "Gross Profit": 32633000.0,
        "Cost Of Revenue": 118170000.0,
        "Total Revenue": 150803000.0,
        "Operating Revenue": 150804000.0
    },
    "2023-09-30": {
        "Tax Effect Of Unusual Items": -487200.0,
        "Tax Rate For Calcs": 0.21,
        "Normalized EBITDA": 68269000.0,
        "Total Unusual Items": -2320000.0,
        "Total Unusual Items Excluding Goodwill": -2320000.0,
        "Net Income From Continuing Operation Net Minority Interest": 6141000.0,
        "Reconciled Depreciation": 32538000.0,
        "Reconciled Cost Of Revenue": 80697000.0,
        "EBITDA": 65949000.0,
        "EBIT": 33411000.0,
        "Net Interest Income": -1426000.0,
        "Interest Expense": 1426000.0,
        "Normalized Income": 7973800.0,
        "Net Income From Continuing And Discontinued Operation": 6141000.0,
        "Total Expenses": 88924000.0,
        "Total Operating Income As Reported": 35548000.0,
        "Diluted Average Shares": 106433000.0,
        "Basic Average Shares": 106289000.0,
        "Diluted EPS": 0.06,
        "Basic EPS": 0.06,
        "Diluted NI Availto Com Stockholders": 6067000.0,
        "Average Dilution Earnings": -8000.0,
        "Net Income Common Stockholders": 6075000.0,
        "Otherunder Preferred Stock Dividend": 66000.0,
        "Net Income": 6141000.0,
        "Net Income Including Noncontrolling Interests": 6141000.0,
        "Net Income Discontinuous Operations": 0.0,
        "Net Income Continuous Operations": 6141000.0,
        "Tax Provision": 25844000.0,
        "Pretax Income": 31985000.0,
        "Other Income Expense": -2137000.0,
        "Other Non Operating Income Expenses": 183000.0,
        "Special Income Charges": 0.0,
        "Gain On Sale Of Ppe": 0.0,
        "Write Off": NaN,
        "Restructuring And Mergern Acquisition": NaN,
        "Gain On Sale Of Security": -2320000.0,
        "Net Non Operating Interest Income Expense": -1426000.0,
        "Interest Expense Non Operating": 1426000.0,
        "Operating Income": 35548000.0,
        "Operating Expense": 8227000.0,
        "Other Operating Expenses": 1189000.0,
        "Provision For Doubtful Accounts": 822000.0,
        "Selling General And Administration": 6216000.0,
        "Selling And Marketing Expense": NaN,
        "General And Administrative Expense": 6216000.0,
        "Other Gand A": 6216000.0,
        "Gross Profit": 43775000.0,
        "Cost Of Revenue": 80697000.0,
        "Total Revenue": 124472000.0,
        "Operating Revenue": 65478000.0
    },
    "2023-12-31": {
        "Tax Effect Of Unusual Items": 1169490.0,
        "Tax Rate For Calcs": 0.21,
        "Normalized EBITDA": 102054000.0,
        "Total Unusual Items": 5569000.0,
        "Total Unusual Items Excluding Goodwill": 5569000.0,
        "Net Income From Continuing Operation Net Minority Interest": 43991000.0,
        "Reconciled Depreciation": 20344000.0,
        "Reconciled Cost Of Revenue": 40908000.0,
        "EBITDA": 107623000.0,
        "EBIT": 87279000.0,
        "Net Interest Income": -1077000.0,
        "Interest Expense": NaN,
        "Normalized Income": 39591490.0,
        "Net Income From Continuing And Discontinued Operation": 43991000.0,
        "Total Expenses": 45451000.0,
        "Total Operating Income As Reported": 80939000.0,
        "Diluted Average Shares": 105020000.0,
        "Basic Average Shares": 104893000.0,
        "Diluted EPS": 0.41,
        "Basic EPS": 0.41,
        "Diluted NI Availto Com Stockholders": 43531000.0,
        "Average Dilution Earnings": 50000.0,
        "Net Income Common Stockholders": 43481000.0,
        "Otherunder Preferred Stock Dividend": 510000.0,
        "Net Income": 43991000.0,
        "Net Income Including Noncontrolling Interests": 43991000.0,
        "Net Income Discontinuous Operations": 0.0,
        "Net Income Continuous Operations": 43991000.0,
        "Tax Provision": 37574000.0,
        "Pretax Income": 81565000.0,
        "Other Income Expense": 4772000.0,
        "Other Non Operating Income Expenses": -797000.0,
        "Special Income Charges": 3069000.0,
        "Gain On Sale Of Ppe": -1837000.0,
        "Write Off": NaN,
        "Restructuring And Mergern Acquisition": NaN,
        "Gain On Sale Of Security": 2500000.0,
        "Net Non Operating Interest Income Expense": -1077000.0,
        "Interest Expense Non Operating": NaN,
        "Operating Income": 77870000.0,
        "Operating Expense": 4543000.0,
        "Other Operating Expenses": -25000.0,
        "Provision For Doubtful Accounts": NaN,
        "Selling General And Administration": 7005000.0,
        "Selling And Marketing Expense": NaN,
        "General And Administrative Expense": 7005000.0,
        "Other Gand A": 7005000.0,
        "Gross Profit": 82413000.0,
        "Cost Of Revenue": 40908000.0,
        "Total Revenue": 123321000.0,
        "Operating Revenue": 257297000.0
    },
    "2024-03-31": {
        "Tax Effect Of Unusual Items": -453600.0,
        "Tax Rate For Calcs": 0.21,
        "Normalized EBITDA": 58843000.0,
        "Total Unusual Items": -2160000.0,
        "Total Unusual Items Excluding Goodwill": -2160000.0,
        "Net Income From Continuing Operation Net Minority Interest": 7686000.0,
        "Reconciled Depreciation": 25824000.0,
        "Reconciled Cost Of Revenue": 57913000.0,
        "EBITDA": 56683000.0,
        "EBIT": 30859000.0,
        "Net Interest Income": -935000.0,
        "Interest Expense": 935000.0,
        "Normalized Income": 9392400.0,
        "Net Income From Continuing And Discontinued Operation": 7686000.0,
        "Total Expenses": 66649000.0,
        "Total Operating Income As Reported": 32193000.0,
        "Diluted Average Shares": 104541000.0,
        "Basic Average Shares": 103659000.0,
        "Diluted EPS": 0.07,
        "Basic EPS": 0.07,
        "Diluted NI Availto Com Stockholders": 7686000.0,
        "Average Dilution Earnings": 15000.0,
        "Net Income Common Stockholders": 7671000.0,
        "Otherunder Preferred Stock Dividend": 15000.0,
        "Net Income": 7686000.0,
        "Net Income Including Noncontrolling Interests": 7686000.0,
        "Net Income Discontinuous Operations": NaN,
        "Net Income Continuous Operations": 7686000.0,
        "Tax Provision": 22238000.0,
        "Pretax Income": 29924000.0,
        "Other Income Expense": -2647000.0,
        "Other Non Operating Income Expenses": -487000.0,
        "Special Income Charges": -1313000.0,
        "Gain On Sale Of Ppe": NaN,
        "Write Off": NaN,
        "Restructuring And Mergern Acquisition": 1313000.0,
        "Gain On Sale Of Security": -847000.0,
        "Net Non Operating Interest Income Expense": -935000.0,
        "Interest Expense Non Operating": 935000.0,
        "Operating Income": 33506000.0,
        "Operating Expense": 8736000.0,
        "Other Operating Expenses": 214000.0,
        "Provision For Doubtful Accounts": 1812000.0,
        "Selling General And Administration": 6710000.0,
        "Selling And Marketing Expense": NaN,
        "General And Administrative Expense": 6710000.0,
        "Other Gand A": 6710000.0,
        "Gross Profit": 42242000.0,
        "Cost Of Revenue": 57913000.0,
        "Total Revenue": 100155000.0,
        "Operating Revenue": 100155000.0
    },
    "2024-06-30": {
        "Tax Effect Of Unusual Items": 3754086.132322,
        "Tax Rate For Calcs": 0.248385,
        "Normalized EBITDA": 56589000.0,
        "Total Unusual Items": 15114000.0,
        "Total Unusual Items Excluding Goodwill": 15114000.0,
        "Net Income From Continuing Operation Net Minority Interest": 28151000.0,
        "Reconciled Depreciation": 33132000.0,
        "Reconciled Cost Of Revenue": 125098000.0,
        "EBITDA": 71703000.0,
        "EBIT": 38571000.0,
        "Net Interest Income": -1117000.0,
        "Interest Expense": 1117000.0,
        "Normalized Income": 16791086.132322,
        "Net Income From Continuing And Discontinued Operation": 28151000.0,
        "Total Expenses": 132557000.0,
        "Total Operating Income As Reported": 20400000.0,
        "Diluted Average Shares": 103676000.0,
        "Basic Average Shares": 103528000.0,
        "Diluted EPS": 0.27,
        "Basic EPS": 0.27,
        "Diluted NI Availto Com Stockholders": 27844000.0,
        "Average Dilution Earnings": 0.0,
        "Net Income Common Stockholders": 27844000.0,
        "Otherunder Preferred Stock Dividend": 307000.0,
        "Net Income": 28151000.0,
        "Net Income Including Noncontrolling Interests": 28151000.0,
        "Net Income Discontinuous Operations": NaN,
        "Net Income Continuous Operations": 28151000.0,
        "Tax Provision": 9303000.0,
        "Pretax Income": 37454000.0,
        "Other Income Expense": 14830000.0,
        "Other Non Operating Income Expenses": -284000.0,
        "Special Income Charges": 14857000.0,
        "Gain On Sale Of Ppe": 0.0,
        "Write Off": 3341000.0,
        "Restructuring And Mergern Acquisition": -18198000.0,
        "Gain On Sale Of Security": 257000.0,
        "Net Non Operating Interest Income Expense": -1117000.0,
        "Interest Expense Non Operating": 1117000.0,
        "Operating Income": 23741000.0,
        "Operating Expense": 7459000.0,
        "Other Operating Expenses": -132000.0,
        "Provision For Doubtful Accounts": NaN,
        "Selling General And Administration": 7591000.0,
        "Selling And Marketing Expense": NaN,
        "General And Administrative Expense": 7591000.0,
        "Other Gand A": 7591000.0,
        "Gross Profit": 31200000.0,
        "Cost Of Revenue": 125098000.0,
        "Total Revenue": 156298000.0,
        "Operating Revenue": 156733000.0
    }
}