{
    "2023-03-31": {
        "Tax Effect Of Unusual Items": 0.0,
        "Tax Rate For Calcs": 0.154,
        "Normalized EBITDA": -17649000.0,
        "Total Unusual Items": 0.0,
        "Total Unusual Items Excluding Goodwill": 0.0,
        "Net Income From Continuing Operation Net Minority Interest": -19878000.0,
        "Reconciled Depreciation": 5245000.0,
        "Reconciled Cost Of Revenue": 215000.0,
        "EBITDA": -17649000.0,
        "EBIT": -22894000.0,
        "Normalized Income": -19878000.0,
        "Net Income From Continuing And Discontinued Operation": -19878000.0,
        "Total Expenses": 96617000.0,
        "Total Operating Income As Reported": -22894000.0,
        "Diluted Average Shares": 27648000.0,
        "Basic Average Shares": 27648000.0,
        "Diluted EPS": -1.01,
        "Basic EPS": -1.01,
        "Diluted NI Availto Com Stockholders": -28048000.0,
        "Net Income Common Stockholders": -28048000.0,
        "Otherunder Preferred Stock Dividend": 3069000.0,
        "Preferred Stock Dividends": 5101000.0,
        "Net Income": -19878000.0,
        "Net Income Including Noncontrolling Interests": -19878000.0,
        "Net Income Continuous Operations": -19878000.0,
        "Tax Provision": -3608000.0,
        "Pretax Income": -23486000.0,
        "Other Income Expense": -592000.0,
        "Other Non Operating Income Expenses": -592000.0,
        "Special Income Charges": 0.0,
        "Write Off": 0.0,
        "Impairment Of Capital Assets": NaN,
        "Restructuring And Mergern Acquisition": 0.0,
        "Operating Income": -22894000.0,
        "Operating Expense": 96402000.0,
        "Other Operating Expenses": 42501000.0,
        "Depreciation Amortization Depletion Income Statement": NaN,
        "Depreciation And Amortization In Income Statement": NaN,
        "Amortization": NaN,
        "Amortization Of Intangibles Income Statement": NaN,
        "Selling General And Administration": 53901000.0,
        "Selling And Marketing Expense": 32899000.0,
        "General And Administrative Expense": 21002000.0,
        "Other Gand A": 21002000.0,
        "Salaries And Wages": NaN,
        "Gross Profit": 73508000.0,
        "Cost Of Revenue": 215000.0,
        "Total Revenue": 73723000.0,
        "Operating Revenue": 68003000.0
    },
    "2022-12-31": {
        "Tax Effect Of Unusual Items": -2755531.603237,
        "Tax Rate For Calcs": 0.308708,
        "Normalized EBITDA": 54018000.0,
        "Total Unusual Items": -8926000.0,
        "Total Unusual Items Excluding Goodwill": -8926000.0,
        "Net Income From Continuing Operation Net Minority Interest": 20671000.0,
        "Reconciled Depreciation": 5423000.0,
        "Reconciled Cost Of Revenue": 857000.0,
        "EBITDA": 45092000.0,
        "EBIT": 39669000.0,
        "Normalized Income": 26841468.396763,
        "Net Income From Continuing And Discontinued Operation": 20671000.0,
        "Total Expenses": 156652000.0,
        "Total Operating Income As Reported": 30743000.0,
        "Diluted Average Shares": 27558000.0,
        "Basic Average Shares": 27514000.0,
        "Diluted EPS": 0.41,
        "Basic EPS": 0.41,
        "Diluted NI Availto Com Stockholders": 12572000.0,
        "Net Income Common Stockholders": 12572000.0,
        "Otherunder Preferred Stock Dividend": 3162000.0,
        "Preferred Stock Dividends": 4937000.0,
        "Net Income": 20671000.0,
        "Net Income Including Noncontrolling Interests": 20671000.0,
        "Net Income Continuous Operations": 20671000.0,
        "Tax Provision": 9231000.0,
        "Pretax Income": 29902000.0,
        "Other Income Expense": -9767000.0,
        "Other Non Operating Income Expenses": -841000.0,
        "Special Income Charges": -8926000.0,
        "Write Off": NaN,
        "Impairment Of Capital Assets": 8368000.0,
        "Restructuring And Mergern Acquisition": 558000.0,
        "Operating Income": 39669000.0,
        "Operating Expense": 155795000.0,
        "Other Operating Expenses": 62355000.0,
        "Depreciation Amortization Depletion Income Statement": 0.0,
        "Depreciation And Amortization In Income Statement": 0.0,
        "Amortization": 0.0,
        "Amortization Of Intangibles Income Statement": 0.0,
        "Selling General And Administration": 93440000.0,
        "Selling And Marketing Expense": 76115000.0,
        "General And Administrative Expense": 17325000.0,
        "Other Gand A": 17325000.0,
        "Salaries And Wages": NaN,
        "Gross Profit": 195464000.0,
        "Cost Of Revenue": 857000.0,
        "Total Revenue": 196321000.0,
        "Operating Revenue": 170584000.0
    },
    "2022-09-30": {
        "Tax Effect Of Unusual Items": -898110.352441,
        "Tax Rate For Calcs": 0.199669,
        "Normalized EBITDA": -33715000.0,
        "Total Unusual Items": -4498000.0,
        "Total Unusual Items Excluding Goodwill": -4498000.0,
        "Net Income From Continuing Operation Net Minority Interest": -39149000.0,
        "Reconciled Depreciation": 5558000.0,
        "Reconciled Cost Of Revenue": 494000.0,
        "EBITDA": -38213000.0,
        "EBIT": -43771000.0,
        "Normalized Income": -35549110.352441,
        "Net Income From Continuing And Discontinued Operation": -39149000.0,
        "Total Expenses": 97147000.0,
        "Total Operating Income As Reported": -48269000.0,
        "Diluted Average Shares": 27346000.0,
        "Basic Average Shares": 27346000.0,
        "Diluted EPS": -1.72,
        "Basic EPS": -1.72,
        "Diluted NI Availto Com Stockholders": -46998000.0,
        "Net Income Common Stockholders": -46998000.0,
        "Otherunder Preferred Stock Dividend": 2916000.0,
        "Preferred Stock Dividends": 4933000.0,
        "Net Income": -39149000.0,
        "Net Income Including Noncontrolling Interests": -39149000.0,
        "Net Income Continuous Operations": -39149000.0,
        "Tax Provision": -9767000.0,
        "Pretax Income": -48916000.0,
        "Other Income Expense": -5145000.0,
        "Other Non Operating Income Expenses": -647000.0,
        "Special Income Charges": -4498000.0,
        "Write Off": NaN,
        "Impairment Of Capital Assets": 4498000.0,
        "Restructuring And Mergern Acquisition": 764000.0,
        "Operating Income": -43771000.0,
        "Operating Expense": 96653000.0,
        "Other Operating Expenses": 48797000.0,
        "Depreciation Amortization Depletion Income Statement": 0.0,
        "Depreciation And Amortization In Income Statement": 0.0,
        "Amortization": 0.0,
        "Amortization Of Intangibles Income Statement": 0.0,
        "Selling General And Administration": 47856000.0,
        "Selling And Marketing Expense": 30556000.0,
        "General And Administrative Expense": 17300000.0,
        "Other Gand A": 17300000.0,
        "Salaries And Wages": NaN,
        "Gross Profit": 52882000.0,
        "Cost Of Revenue": 494000.0,
        "Total Revenue": 53376000.0,
        "Operating Revenue": 48977000.0
    },
    "2022-06-30": {
        "Tax Effect Of Unusual Items": -268223.027444,
        "Tax Rate For Calcs": 0.195926,
        "Normalized EBITDA": -37386000.0,
        "Total Unusual Items": -1369000.0,
        "Total Unusual Items Excluding Goodwill": -1369000.0,
        "Net Income From Continuing Operation Net Minority Interest": -37502000.0,
        "Reconciled Depreciation": 5349000.0,
        "Reconciled Cost Of Revenue": 423000.0,
        "EBITDA": -38755000.0,
        "EBIT": -44104000.0,
        "Normalized Income": -36401223.027444,
        "Net Income From Continuing And Discontinued Operation": -37502000.0,
        "Total Expenses": 94513000.0,
        "Total Operating Income As Reported": -45473000.0,
        "Diluted Average Shares": 27276000.0,
        "Basic Average Shares": 27276000.0,
        "Diluted EPS": -1.65,
        "Basic EPS": -1.65,
        "Diluted NI Availto Com Stockholders": -45029000.0,
        "Net Income Common Stockholders": -45029000.0,
        "Otherunder Preferred Stock Dividend": 2756000.0,
        "Preferred Stock Dividends": 4771000.0,
        "Net Income": -37502000.0,
        "Net Income Including Noncontrolling Interests": -37502000.0,
        "Net Income Continuous Operations": -37502000.0,
        "Tax Provision": -9138000.0,
        "Pretax Income": -46640000.0,
        "Other Income Expense": -2536000.0,
        "Other Non Operating Income Expenses": -1167000.0,
        "Special Income Charges": -1369000.0,
        "Write Off": NaN,
        "Impairment Of Capital Assets": NaN,
        "Restructuring And Mergern Acquisition": 1369000.0,
        "Operating Income": -44104000.0,
        "Operating Expense": 94090000.0,
        "Other Operating Expenses": 46929000.0,
        "Depreciation Amortization Depletion Income Statement": 0.0,
        "Depreciation And Amortization In Income Statement": 0.0,
        "Amortization": 0.0,
        "Amortization Of Intangibles Income Statement": 0.0,
        "Selling General And Administration": 47161000.0,
        "Selling And Marketing Expense": 29963000.0,
        "General And Administrative Expense": 17198000.0,
        "Other Gand A": 17198000.0,
        "Salaries And Wages": NaN,
        "Gross Profit": 49986000.0,
        "Cost Of Revenue": 423000.0,
        "Total Revenue": 50409000.0,
        "Operating Revenue": 47835000.0
    },
    "2022-03-31": {
        "Diluted EPS": -1.46,
        "Total Revenue": 105,
        "Gross Profit": 105,
        "Operating Income": -40,
        "EBIT": -35,
        "Net Income": -40
    },
    "2021-12-31": {
        "Diluted EPS": -1.46,
        "Total Revenue": 244,
        "Gross Profit": 243,
        "Operating Income": -34,
        "EBIT": -28,
        "Net Income": -39
    },
    "2021-09-30": {
        "Diluted EPS": -2.24,
        "Total Revenue": 64,
        "Gross Profit": 64,
        "Operating Income": -66,
        "EBIT": -61,
        "Net Income": -60
    },
    "2021-06-30": {
        "Diluted EPS": -0.86,
        "Total Revenue": 97,
        "Gross Profit": 96,
        "Operating Income": -25,
        "EBIT": -21,
        "Net Income": -23
    },
    "2021-03-31": {
        "Diluted EPS": -0.03,
        "Total Revenue": 134,
        "Gross Profit": 133,
        "Operating Income": -1,
        "EBIT": 3,
        "Net Income": -1
    },
    "2020-12-31": {
        "Diluted EPS": 2.23,
        "Total Revenue": 293,
        "Gross Profit": 291,
        "Operating Income": 79,
        "EBIT": 83,
        "Net Income": 60
    },
    "2020-09-30": {
        "Diluted EPS": -0.55,
        "Total Revenue": 94,
        "Gross Profit": 94,
        "Operating Income": -21,
        "EBIT": -18,
        "Net Income": -15
    },
    "2020-06-30": {
        "Diluted EPS": -0.13,
        "Total Revenue": 89,
        "Gross Profit": 88,
        "Operating Income": -6,
        "EBIT": -3,
        "Net Income": -3
    },
    "2020-03-31": {
        "Diluted EPS": 0.13,
        "Total Revenue": 106,
        "Gross Profit": 105,
        "Operating Income": 1,
        "EBIT": 4,
        "Net Income": 3
    },
    "2019-12-31": {
        "Diluted EPS": 3.69,
        "Total Revenue": 302,
        "Gross Profit": 300,
        "Operating Income": 123,
        "EBIT": 126,
        "Net Income": 89
    },
    "2019-09-30": {
        "Diluted EPS": -0.47,
        "Total Revenue": 70,
        "Gross Profit": 70,
        "Operating Income": -20,
        "EBIT": -18,
        "Net Income": -11
    },
    "2019-06-30": {
        "Diluted EPS": -0.25,
        "Total Revenue": 66,
        "Gross Profit": 65,
        "Operating Income": -12,
        "EBIT": -10,
        "Net Income": -6
    },
    "2019-03-31": {
        "Diluted EPS": -0.24,
        "Total Revenue": 69,
        "Gross Profit": 69,
        "Operating Income": -9,
        "EBIT": -7,
        "Net Income": -5
    },
    "2018-12-31": {
        "Diluted EPS": 1.37,
        "Total Revenue": 135,
        "Gross Profit": 134,
        "Operating Income": 42,
        "EBIT": 43,
        "Net Income": 26
    },
    "2018-09-30": {
        "Diluted EPS": -0.47,
        "Total Revenue": 41,
        "Gross Profit": 41,
        "Operating Income": -15,
        "EBIT": -14,
        "Net Income": -9
    },
    "2018-06-30": {
        "Diluted EPS": -0.63,
        "Total Revenue": 33,
        "Gross Profit": 33,
        "Operating Income": -17,
        "EBIT": -15,
        "Net Income": -12
    },
    "2018-03-31": {
        "Diluted EPS": -0.26,
        "Total Revenue": 43,
        "Gross Profit": 43,
        "Operating Income": -7,
        "EBIT": -5,
        "Net Income": -5
    },
    "2017-12-31": {
        "Diluted EPS": 1.47,
        "Total Revenue": 83,
        "Gross Profit": 83,
        "Operating Income": 21,
        "EBIT": 22,
        "Net Income": 28
    },
    "2017-09-30": {
        "Diluted EPS": -0.12,
        "Total Revenue": 31,
        "Gross Profit": 31,
        "Operating Income": -16,
        "EBIT": -14,
        "Net Income": -2
    },
    "2017-06-30": {
        "Diluted EPS": -0.08,
        "Total Revenue": 35,
        "Gross Profit": 35,
        "Operating Income": -10,
        "EBIT": -9,
        "Net Income": -2
    },
    "2017-03-31": {
        "Diluted EPS": 0.06,
        "Total Revenue": 42,
        "Gross Profit": 41,
        "Operating Income": -4,
        "EBIT": -3,
        "Net Income": 1
    },
    "2016-12-31": {
        "Diluted EPS": -0.63,
        "Total Revenue": 50,
        "Gross Profit": 52,
        "Operating Income": -8,
        "EBIT": -8,
        "Net Income": -12
    },
    "2016-09-30": {
        "Diluted EPS": -0.31,
        "Total Revenue": 32,
        "Gross Profit": 32,
        "Operating Income": -7,
        "EBIT": -6,
        "Net Income": -6
    },
    "2016-06-30": {
        "Diluted EPS": -0.03,
        "Total Revenue": 37,
        "Gross Profit": 37,
        "Operating Income": -6,
        "EBIT": -4,
        "Net Income": 0
    },
    "2016-03-31": {
        "Diluted EPS": 0.99,
        "Total Revenue": 74,
        "Gross Profit": 72,
        "Operating Income": 24,
        "EBIT": 27,
        "Net Income": 18
    },
    "2015-12-31": {
        "Diluted EPS": -0.66,
        "Total Revenue": 50,
        "Gross Profit": 49,
        "Operating Income": -12,
        "EBIT": -11,
        "Net Income": -12
    },
    "2015-09-30": {
        "Diluted EPS": 0.2,
        "Total Revenue": 38,
        "Gross Profit": 38,
        "Operating Income": 3,
        "EBIT": 4,
        "Net Income": 4
    },
    "2015-06-30": {
        "Diluted EPS": 0.32,
        "Total Revenue": 40,
        "Gross Profit": 39,
        "Operating Income": 6,
        "EBIT": 7,
        "Net Income": 6
    },
    "2015-03-31": {
        "Diluted EPS": -0.12,
        "Total Revenue": 61,
        "Gross Profit": 59,
        "Operating Income": -2,
        "EBIT": 2,
        "Net Income": -2
    },
    "2014-12-31": {
        "Diluted EPS": -1.03,
        "Total Revenue": 45,
        "Gross Profit": 44,
        "Operating Income": -14,
        "EBIT": -12,
        "Net Income": -19
    },
    "2014-09-30": {
        "Diluted EPS": 0.08,
        "Total Revenue": 41,
        "Gross Profit": 40,
        "Operating Income": 4,
        "EBIT": 5,
        "Net Income": 2
    },
    "2014-06-30": {
        "Diluted EPS": 0.15,
        "Total Revenue": 43,
        "Gross Profit": 42,
        "Operating Income": 6,
        "EBIT": 8,
        "Net Income": 3
    },
    "2014-03-31": {
        "Diluted EPS": -0.08,
        "Total Revenue": 51,
        "Gross Profit": 49,
        "Operating Income": -3,
        "EBIT": 0,
        "Net Income": -2
    },
    "2013-12-31": {
        "Diluted EPS": -0.09,
        "Total Revenue": 54,
        "Gross Profit": 53,
        "Operating Income": -3,
        "EBIT": -1,
        "Net Income": -2
    },
    "2013-09-30": {
        "Diluted EPS": 0.01,
        "Total Revenue": 42,
        "Gross Profit": 41,
        "Operating Income": 0,
        "EBIT": 2,
        "Net Income": 0
    },
    "2013-06-30": {
        "Diluted EPS": 0.06,
        "Total Revenue": 40,
        "Gross Profit": 39,
        "Operating Income": 2,
        "EBIT": 4,
        "Net Income": 1
    },
    "2013-03-31": {
        "Diluted EPS": 0.11,
        "Total Revenue": 43,
        "Gross Profit": 41,
        "Operating Income": 4,
        "EBIT": 7,
        "Net Income": 2
    },
    "2012-12-31": {
        "Diluted EPS": 0.12,
        "Total Revenue": 45,
        "Gross Profit": 44,
        "Operating Income": 4,
        "EBIT": 6,
        "Net Income": 2
    },
    "2012-09-30": {
        "Diluted EPS": 0.01,
        "Total Revenue": 38,
        "Gross Profit": 36,
        "Operating Income": 1,
        "EBIT": 3,
        "Net Income": 0
    },
    "2012-06-30": {
        "Diluted EPS": 0.11,
        "Total Revenue": 36,
        "Gross Profit": 35,
        "Operating Income": 4,
        "EBIT": 5,
        "Net Income": 2
    },
    "2012-03-31": {
        "Diluted EPS": 0.1,
        "Total Revenue": 37,
        "Gross Profit": 35,
        "Operating Income": 4,
        "EBIT": 6,
        "Net Income": 2
    },
    "2011-12-31": {
        "Diluted EPS": 0.11,
        "Total Revenue": 43,
        "Gross Profit": 42,
        "Operating Income": 4,
        "EBIT": 6,
        "Net Income": 2
    },
    "2011-09-30": {
        "Diluted EPS": -0.01,
        "Total Revenue": 35,
        "Gross Profit": 33,
        "Operating Income": 0,
        "EBIT": 1,
        "Net Income": 0
    },
    "2011-06-30": {
        "Diluted EPS": 0.12,
        "Total Revenue": 36,
        "Gross Profit": 34,
        "Operating Income": 5,
        "EBIT": 6,
        "Net Income": 3
    },
    "2011-03-31": {
        "Diluted EPS": 0.09,
        "Total Revenue": 38,
        "Gross Profit": 35,
        "Operating Income": 4,
        "EBIT": 5,
        "Net Income": 2
    },
    "2010-12-31": {
        "Diluted EPS": 0.36,
        "Total Revenue": 51,
        "Gross Profit": 48,
        "Operating Income": 16,
        "EBIT": 17,
        "Net Income": 9
    },
    "2010-09-30": {
        "Diluted EPS": 0.11,
        "Total Revenue": 37,
        "Gross Profit": 37,
        "Operating Income": 5,
        "EBIT": 6,
        "Net Income": 3
    },
    "2010-06-30": {
        "Diluted EPS": 0.13,
        "Total Revenue": 36,
        "Gross Profit": 35,
        "Operating Income": 6,
        "EBIT": 7,
        "Net Income": 3
    },
    "2010-03-31": {
        "Diluted EPS": 0.13,
        "Total Revenue": 36,
        "Gross Profit": 35,
        "Operating Income": 6,
        "EBIT": 6,
        "Net Income": 3
    },
    "2009-12-31": {
        "Diluted EPS": 0.19,
        "Total Revenue": 34,
        "Gross Profit": 33,
        "Operating Income": 7,
        "EBIT": 8,
        "Net Income": 5
    },
    "2009-09-30": {
        "Diluted EPS": 0.14,
        "Total Revenue": 35,
        "Gross Profit": 34,
        "Operating Income": 6,
        "EBIT": 7,
        "Net Income": 3
    },
    "2009-06-30": {
        "Diluted EPS": 0.16,
        "Total Revenue": 33,
        "Gross Profit": 32,
        "Operating Income": 7,
        "EBIT": 8,
        "Net Income": 4
    },
    "2009-03-31": {
        "Diluted EPS": 0.12,
        "Total Revenue": 32,
        "Gross Profit": 31,
        "Operating Income": 6,
        "EBIT": 6,
        "Net Income": 3
    },
    "2023-06-30": {
        "Tax Effect Of Unusual Items": 0.0,
        "Tax Rate For Calcs": 0.098,
        "Normalized EBITDA": -21001000.0,
        "Total Unusual Items": 0.0,
        "Total Unusual Items Excluding Goodwill": 0.0,
        "Net Income From Continuing Operation Net Minority Interest": -23501000.0,
        "Reconciled Depreciation": 5151000.0,
        "Reconciled Cost Of Revenue": 253000.0,
        "EBITDA": -21001000.0,
        "EBIT": -26152000.0,
        "Normalized Income": -23501000.0,
        "Net Income From Continuing And Discontinued Operation": -23501000.0,
        "Total Expenses": 92920000.0,
        "Total Operating Income As Reported": -26152000.0,
        "Diluted Average Shares": 27822000.0,
        "Basic Average Shares": 27822000.0,
        "Diluted EPS": -1.18,
        "Basic EPS": -1.18,
        "Diluted NI Availto Com Stockholders": -32915000.0,
        "Net Income Common Stockholders": -32915000.0,
        "Otherunder Preferred Stock Dividend": 4191000.0,
        "Preferred Stock Dividends": 5223000.0,
        "Net Income": -23501000.0,
        "Net Income Including Noncontrolling Interests": -23501000.0,
        "Net Income Continuous Operations": -23501000.0,
        "Tax Provision": -2543000.0,
        "Pretax Income": -26044000.0,
        "Other Income Expense": 108000.0,
        "Other Non Operating Income Expenses": 108000.0,
        "Special Income Charges": 0.0,
        "Write Off": 0.0,
        "Impairment Of Capital Assets": NaN,
        "Restructuring And Mergern Acquisition": 0.0,
        "Operating Income": -26152000.0,
        "Operating Expense": 92667000.0,
        "Other Operating Expenses": 47362000.0,
        "Depreciation Amortization Depletion Income Statement": NaN,
        "Depreciation And Amortization In Income Statement": NaN,
        "Amortization": NaN,
        "Amortization Of Intangibles Income Statement": NaN,
        "Selling General And Administration": 45305000.0,
        "Selling And Marketing Expense": 23284000.0,
        "General And Administrative Expense": 22021000.0,
        "Other Gand A": 22021000.0,
        "Salaries And Wages": 6193000.0,
        "Gross Profit": 66515000.0,
        "Cost Of Revenue": 253000.0,
        "Total Revenue": 66768000.0,
        "Operating Revenue": 60186000.0
    },
    "2023-09-30": {
        "Tax Effect Of Unusual Items": 0.0,
        "Tax Rate For Calcs": 0.063,
        "Normalized EBITDA": -34651000.0,
        "Total Unusual Items": 0.0,
        "Total Unusual Items Excluding Goodwill": 0.0,
        "Net Income From Continuing Operation Net Minority Interest": -37025000.0,
        "Reconciled Depreciation": 4745000.0,
        "Reconciled Cost Of Revenue": 194000.0,
        "EBITDA": -34651000.0,
        "EBIT": -39396000.0,
        "Normalized Income": -37025000.0,
        "Net Income From Continuing And Discontinued Operation": -37025000.0,
        "Total Expenses": 104114000.0,
        "Total Operating Income As Reported": -39396000.0,
        "Diluted Average Shares": 28114000.0,
        "Basic Average Shares": 28114000.0,
        "Diluted EPS": -1.68,
        "Basic EPS": -1.68,
        "Diluted NI Availto Com Stockholders": -47243000.0,
        "Net Income Common Stockholders": -47243000.0,
        "Otherunder Preferred Stock Dividend": 4898000.0,
        "Preferred Stock Dividends": 5320000.0,
        "Net Income": -37025000.0,
        "Net Income Including Noncontrolling Interests": -37025000.0,
        "Net Income Continuous Operations": -37025000.0,
        "Tax Provision": -2509000.0,
        "Pretax Income": -39534000.0,
        "Other Income Expense": -138000.0,
        "Other Non Operating Income Expenses": -138000.0,
        "Special Income Charges": 0.0,
        "Write Off": 0.0,
        "Impairment Of Capital Assets": 0.0,
        "Restructuring And Mergern Acquisition": 0.0,
        "Operating Income": -39396000.0,
        "Operating Expense": 103920000.0,
        "Other Operating Expenses": 54510000.0,
        "Depreciation Amortization Depletion Income Statement": NaN,
        "Depreciation And Amortization In Income Statement": NaN,
        "Amortization": NaN,
        "Amortization Of Intangibles Income Statement": NaN,
        "Selling General And Administration": 49410000.0,
        "Selling And Marketing Expense": 28988000.0,
        "General And Administrative Expense": 20422000.0,
        "Other Gand A": 20422000.0,
        "Salaries And Wages": NaN,
        "Gross Profit": 64524000.0,
        "Cost Of Revenue": 194000.0,
        "Total Revenue": 64718000.0,
        "Operating Revenue": 57239000.0
    }
}