{
    "2023-06-30": {
        "Tax Effect Of Unusual Items": 0.0,
        "Tax Rate For Calcs": 0.203,
        "Net Income From Continuing Operation Net Minority Interest": 34900000.0,
        "Reconciled Depreciation": -2700000.0,
        "EBIT": 45700000.0,
        "Net Interest Income": -1900000.0,
        "Interest Expense": 1900000.0,
        "Normalized Income": 34900000.0,
        "Net Income From Continuing And Discontinued Operation": 34900000.0,
        "Total Expenses": 171400000.0,
        "Diluted Average Shares": 26803340.0,
        "Basic Average Shares": 26691652.0,
        "Diluted EPS": 1.3,
        "Basic EPS": 1.31,
        "Diluted NI Availto Com Stockholders": 34900000.0,
        "Net Income Common Stockholders": 34900000.0,
        "Net Income": 34900000.0,
        "Net Income Including Noncontrolling Interests": 34900000.0,
        "Net Income Continuous Operations": 34900000.0,
        "Tax Provision": 8900000.0,
        "Pretax Income": 43800000.0,
        "Other Income Expense": NaN,
        "Net Non Operating Interest Income Expense": -1900000.0,
        "Interest Expense Non Operating": 1900000.0,
        "Other Operating Expenses": 9400000.0,
        "Total Revenue": 215200000.0,
        "Operating Revenue": 215200000.0
    },
    "2023-03-31": {
        "Tax Effect Of Unusual Items": 0.0,
        "Tax Rate For Calcs": 0.186,
        "Net Income From Continuing Operation Net Minority Interest": 23600000.0,
        "Reconciled Depreciation": 5400000.0,
        "EBIT": 31300000.0,
        "Net Interest Income": -2300000.0,
        "Interest Expense": 2300000.0,
        "Normalized Income": 23600000.0,
        "Net Income From Continuing And Discontinued Operation": 23600000.0,
        "Total Expenses": 177500000.0,
        "Diluted Average Shares": 27392678.0,
        "Basic Average Shares": 27176823.0,
        "Diluted EPS": 0.86,
        "Basic EPS": 0.87,
        "Diluted NI Availto Com Stockholders": 23600000.0,
        "Net Income Common Stockholders": 23600000.0,
        "Net Income": 23600000.0,
        "Net Income Including Noncontrolling Interests": 23600000.0,
        "Net Income Continuous Operations": 23600000.0,
        "Tax Provision": 5400000.0,
        "Pretax Income": 29000000.0,
        "Other Income Expense": -200000.0,
        "Net Non Operating Interest Income Expense": -2300000.0,
        "Interest Expense Non Operating": 2300000.0,
        "Other Operating Expenses": NaN,
        "Total Revenue": 206500000.0,
        "Operating Revenue": 206500000.0
    },
    "2022-12-31": {
        "Tax Effect Of Unusual Items": NaN,
        "Tax Rate For Calcs": NaN,
        "Net Income From Continuing Operation Net Minority Interest": NaN,
        "Reconciled Depreciation": NaN,
        "EBIT": NaN,
        "Net Interest Income": NaN,
        "Interest Expense": NaN,
        "Normalized Income": NaN,
        "Net Income From Continuing And Discontinued Operation": NaN,
        "Total Expenses": NaN,
        "Diluted Average Shares": NaN,
        "Basic Average Shares": NaN,
        "Diluted EPS": NaN,
        "Basic EPS": NaN,
        "Diluted NI Availto Com Stockholders": NaN,
        "Net Income Common Stockholders": NaN,
        "Net Income": NaN,
        "Net Income Including Noncontrolling Interests": NaN,
        "Net Income Continuous Operations": NaN,
        "Tax Provision": NaN,
        "Pretax Income": NaN,
        "Other Income Expense": 0.0,
        "Net Non Operating Interest Income Expense": NaN,
        "Interest Expense Non Operating": NaN,
        "Other Operating Expenses": NaN,
        "Total Revenue": NaN,
        "Operating Revenue": NaN
    },
    "2022-09-30": {
        "Tax Effect Of Unusual Items": NaN,
        "Tax Rate For Calcs": NaN,
        "Net Income From Continuing Operation Net Minority Interest": NaN,
        "Reconciled Depreciation": NaN,
        "EBIT": NaN,
        "Net Interest Income": NaN,
        "Interest Expense": NaN,
        "Normalized Income": NaN,
        "Net Income From Continuing And Discontinued Operation": NaN,
        "Total Expenses": NaN,
        "Diluted Average Shares": NaN,
        "Basic Average Shares": NaN,
        "Diluted EPS": NaN,
        "Basic EPS": NaN,
        "Diluted NI Availto Com Stockholders": NaN,
        "Net Income Common Stockholders": NaN,
        "Net Income": NaN,
        "Net Income Including Noncontrolling Interests": NaN,
        "Net Income Continuous Operations": NaN,
        "Tax Provision": NaN,
        "Pretax Income": NaN,
        "Other Income Expense": 100000.0,
        "Net Non Operating Interest Income Expense": NaN,
        "Interest Expense Non Operating": NaN,
        "Other Operating Expenses": NaN,
        "Total Revenue": NaN,
        "Operating Revenue": NaN
    },
    "2022-06-30": {
        "Tax Effect Of Unusual Items": 0.0,
        "Tax Rate For Calcs": 0.271,
        "Net Income From Continuing Operation Net Minority Interest": -15600000.0,
        "Reconciled Depreciation": 1400000.0,
        "EBIT": -21100000.0,
        "Net Interest Income": -300000.0,
        "Interest Expense": 300000.0,
        "Normalized Income": -15600000.0,
        "Net Income From Continuing And Discontinued Operation": -15600000.0,
        "Total Expenses": 156700000.0,
        "Diluted Average Shares": 27782921.0,
        "Basic Average Shares": 27650277.0,
        "Diluted EPS": -0.56,
        "Basic EPS": -0.56,
        "Diluted NI Availto Com Stockholders": -15600000.0,
        "Net Income Common Stockholders": -15600000.0,
        "Net Income": -15600000.0,
        "Net Income Including Noncontrolling Interests": -15600000.0,
        "Net Income Continuous Operations": -15600000.0,
        "Tax Provision": -5800000.0,
        "Pretax Income": -21400000.0,
        "Other Income Expense": 200000.0,
        "Net Non Operating Interest Income Expense": -300000.0,
        "Interest Expense Non Operating": 300000.0,
        "Other Operating Expenses": NaN,
        "Total Revenue": 135300000.0,
        "Operating Revenue": 135300000.0
    },
    "2022-03-31": {
        "Diluted EPS": -0.08,
        "Total Revenue": 152,
        "Gross Profit": -2,
        "Operating Income": -3,
        "EBIT": 4,
        "Net Income": -2
    },
    "2021-12-31": {
        "Diluted EPS": 1.92,
        "Total Revenue": 200,
        "Gross Profit": 69,
        "Operating Income": 68,
        "EBIT": 75,
        "Net Income": 55
    },
    "2021-09-30": {
        "Diluted EPS": 0.53,
        "Total Revenue": 168,
        "Gross Profit": 20,
        "Operating Income": 20,
        "EBIT": 29,
        "Net Income": 15
    },
    "2021-06-30": {
        "Diluted EPS": 0.92,
        "Total Revenue": 171,
        "Gross Profit": 33,
        "Operating Income": 33,
        "EBIT": 40,
        "Net Income": 26
    },
    "2021-03-31": {
        "Diluted EPS": 0.8,
        "Total Revenue": 164,
        "Gross Profit": 31,
        "Operating Income": 31,
        "EBIT": 37,
        "Net Income": 23
    },
    "2020-12-31": {
        "Diluted EPS": 2.09,
        "Total Revenue": 191,
        "Gross Profit": 81,
        "Operating Income": 81,
        "EBIT": 88,
        "Net Income": 64
    },
    "2020-09-30": {
        "Diluted EPS": 1.05,
        "Total Revenue": 182,
        "Gross Profit": 39,
        "Operating Income": 39,
        "EBIT": 46,
        "Net Income": 31
    },
    "2020-06-30": {
        "Diluted EPS": 1.97,
        "Total Revenue": 211,
        "Gross Profit": 74,
        "Operating Income": 74,
        "EBIT": 81,
        "Net Income": 60
    },
    "2020-03-31": {
        "Diluted EPS": -1.14,
        "Total Revenue": 127,
        "Gross Profit": -45,
        "Operating Income": -45,
        "EBIT": -38,
        "Net Income": -35
    },
    "2019-12-31": {
        "Diluted EPS": 1.0,
        "Total Revenue": 210,
        "Gross Profit": 41,
        "Operating Income": 41,
        "EBIT": 47,
        "Net Income": 32
    },
    "2019-09-30": {
        "Diluted EPS": 1.01,
        "Total Revenue": 201,
        "Gross Profit": 41,
        "Operating Income": 41,
        "EBIT": 48,
        "Net Income": 33
    },
    "2019-06-30": {
        "Diluted EPS": 1.25,
        "Total Revenue": 204,
        "Gross Profit": 50,
        "Operating Income": 50,
        "EBIT": 56,
        "Net Income": 41
    },
    "2019-03-31": {
        "Diluted EPS": 1.57,
        "Total Revenue": 220,
        "Gross Profit": 62,
        "Operating Income": 62,
        "EBIT": 66,
        "Net Income": 52
    },
    "2018-12-31": {
        "Diluted EPS": 0.76,
        "Total Revenue": 179,
        "Gross Profit": 31,
        "Operating Income": 31,
        "EBIT": 34,
        "Net Income": 26
    },
    "2018-09-30": {
        "Diluted EPS": 1.43,
        "Total Revenue": 229,
        "Gross Profit": 59,
        "Operating Income": 58,
        "EBIT": 62,
        "Net Income": 48
    },
    "2018-06-30": {
        "Diluted EPS": 1.28,
        "Total Revenue": 204,
        "Gross Profit": 52,
        "Operating Income": 51,
        "EBIT": 56,
        "Net Income": 43
    },
    "2018-03-31": {
        "Diluted EPS": 0.77,
        "Total Revenue": 188,
        "Gross Profit": 30,
        "Operating Income": 29,
        "EBIT": 34,
        "Net Income": 26
    },
    "2017-12-31": {
        "Diluted EPS": 0.95,
        "Total Revenue": 201,
        "Gross Profit": 53,
        "Operating Income": 53,
        "EBIT": 58,
        "Net Income": 31
    },
    "2017-09-30": {
        "Diluted EPS": 0.66,
        "Total Revenue": 211,
        "Gross Profit": 37,
        "Operating Income": 36,
        "EBIT": 42,
        "Net Income": 22
    },
    "2017-06-30": {
        "Diluted EPS": 0.75,
        "Total Revenue": 193,
        "Gross Profit": 33,
        "Operating Income": 33,
        "EBIT": 39,
        "Net Income": 25
    },
    "2017-03-31": {
        "Diluted EPS": 0.7,
        "Total Revenue": 196,
        "Gross Profit": 30,
        "Operating Income": 30,
        "EBIT": 36,
        "Net Income": 23
    },
    "2016-12-31": {
        "Diluted EPS": 1.08,
        "Total Revenue": 193,
        "Gross Profit": 49,
        "Operating Income": 48,
        "EBIT": 54,
        "Net Income": 36
    },
    "2016-09-30": {
        "Diluted EPS": 0.69,
        "Total Revenue": 193,
        "Gross Profit": 31,
        "Operating Income": 30,
        "EBIT": 37,
        "Net Income": 23
    },
    "2016-06-30": {
        "Diluted EPS": 0.81,
        "Total Revenue": 202,
        "Gross Profit": 35,
        "Operating Income": 34,
        "EBIT": 40,
        "Net Income": 27
    },
    "2016-03-31": {
        "Diluted EPS": 0.66,
        "Total Revenue": 192,
        "Gross Profit": 28,
        "Operating Income": 28,
        "EBIT": 34,
        "Net Income": 22
    },
    "2015-12-31": {
        "Diluted EPS": 0.82,
        "Total Revenue": 185,
        "Gross Profit": 18,
        "Operating Income": 18,
        "EBIT": 24,
        "Net Income": 27
    },
    "2015-09-30": {
        "Diluted EPS": 0.75,
        "Total Revenue": 200,
        "Gross Profit": 31,
        "Operating Income": 30,
        "EBIT": 37,
        "Net Income": 25
    },
    "2015-06-30": {
        "Diluted EPS": 0.9,
        "Total Revenue": 191,
        "Gross Profit": 34,
        "Operating Income": 33,
        "EBIT": 39,
        "Net Income": 29
    },
    "2015-03-31": {
        "Diluted EPS": 0.43,
        "Total Revenue": 177,
        "Gross Profit": 19,
        "Operating Income": 18,
        "EBIT": 24,
        "Net Income": 14
    },
    "2014-12-31": {
        "Diluted EPS": 0.91,
        "Total Revenue": 193,
        "Gross Profit": 31,
        "Operating Income": 30,
        "EBIT": 36,
        "Net Income": 29
    },
    "2014-09-30": {
        "Diluted EPS": 0.47,
        "Total Revenue": 192,
        "Gross Profit": 17,
        "Operating Income": 17,
        "EBIT": 22,
        "Net Income": 15
    },
    "2014-06-30": {
        "Diluted EPS": 1.42,
        "Total Revenue": 200,
        "Gross Profit": 48,
        "Operating Income": 48,
        "EBIT": 53,
        "Net Income": 46
    },
    "2014-03-31": {
        "Diluted EPS": 0.34,
        "Total Revenue": 189,
        "Gross Profit": 13,
        "Operating Income": 12,
        "EBIT": 17,
        "Net Income": 11
    },
    "2013-12-31": {
        "Diluted EPS": 0.44,
        "Total Revenue": 192,
        "Gross Profit": 7,
        "Operating Income": 6,
        "EBIT": 11,
        "Net Income": 14
    },
    "2013-09-30": {
        "Diluted EPS": 0.86,
        "Total Revenue": 183,
        "Gross Profit": 25,
        "Operating Income": 24,
        "EBIT": 29,
        "Net Income": 28
    },
    "2013-06-30": {
        "Diluted EPS": 0.46,
        "Total Revenue": 182,
        "Gross Profit": 17,
        "Operating Income": 16,
        "EBIT": 20,
        "Net Income": 15
    },
    "2013-03-31": {
        "Diluted EPS": 0.24,
        "Total Revenue": 166,
        "Gross Profit": 8,
        "Operating Income": 7,
        "EBIT": 11,
        "Net Income": 7
    },
    "2012-12-31": {
        "Diluted EPS": 2.77,
        "Total Revenue": 160,
        "Gross Profit": 87,
        "Operating Income": 86,
        "EBIT": 90,
        "Net Income": 88
    },
    "2012-09-30": {
        "Diluted EPS": 0.25,
        "Total Revenue": 151,
        "Gross Profit": 7,
        "Operating Income": 7,
        "EBIT": 11,
        "Net Income": 8
    },
    "2012-06-30": {
        "Diluted EPS": 0.16,
        "Total Revenue": 138,
        "Gross Profit": 4,
        "Operating Income": 3,
        "EBIT": 7,
        "Net Income": 5
    },
    "2012-03-31": {
        "Diluted EPS": 0.19,
        "Total Revenue": 130,
        "Gross Profit": 3,
        "Operating Income": 2,
        "EBIT": 6,
        "Net Income": 6
    },
    "2011-12-31": {
        "Diluted EPS": 0.57,
        "Total Revenue": 138,
        "Gross Profit": 25,
        "Operating Income": 27,
        "EBIT": 31,
        "Net Income": 20
    },
    "2011-09-30": {
        "Diluted EPS": 0.31,
        "Total Revenue": 113,
        "Gross Profit": 8,
        "Operating Income": 7,
        "EBIT": 12,
        "Net Income": 12
    },
    "2011-06-30": {
        "Diluted EPS": 0.21,
        "Total Revenue": 110,
        "Gross Profit": 7,
        "Operating Income": 6,
        "EBIT": 11,
        "Net Income": 8
    },
    "2011-03-31": {
        "Diluted EPS": 0.21,
        "Total Revenue": 103,
        "Gross Profit": 7,
        "Operating Income": 6,
        "EBIT": 11,
        "Net Income": 8
    },
    "2010-12-31": {
        "Diluted EPS": 0.51,
        "Total Revenue": 113,
        "Gross Profit": 24,
        "Operating Income": 23,
        "EBIT": 28,
        "Net Income": 21
    },
    "2010-09-30": {
        "Diluted EPS": 0.25,
        "Total Revenue": 102,
        "Gross Profit": 12,
        "Operating Income": 10,
        "EBIT": 14,
        "Net Income": 10
    },
    "2010-06-30": {
        "Diluted EPS": 0.39,
        "Total Revenue": 99,
        "Gross Profit": 20,
        "Operating Income": 18,
        "EBIT": 23,
        "Net Income": 16
    },
    "2010-03-31": {
        "Diluted EPS": 0.38,
        "Total Revenue": 101,
        "Gross Profit": 17,
        "Operating Income": 16,
        "EBIT": 21,
        "Net Income": 16
    },
    "2009-12-31": {
        "Diluted EPS": 0.26,
        "Total Revenue": 112,
        "Gross Profit": 16,
        "Operating Income": 14,
        "EBIT": 19,
        "Net Income": 11
    },
    "2009-09-30": {
        "Diluted EPS": 0.67,
        "Total Revenue": 124,
        "Gross Profit": 37,
        "Operating Income": 35,
        "EBIT": 41,
        "Net Income": 31
    },
    "2009-06-30": {
        "Diluted EPS": 0.44,
        "Total Revenue": 127,
        "Gross Profit": 25,
        "Operating Income": 24,
        "EBIT": 29,
        "Net Income": 20
    },
    "2009-03-31": {
        "Diluted EPS": 0.43,
        "Total Revenue": 133,
        "Gross Profit": 22,
        "Operating Income": 20,
        "EBIT": 26,
        "Net Income": 21
    },
    "2023-09-30": {
        "Tax Effect Of Unusual Items": 0.0,
        "Tax Rate For Calcs": 0.195,
        "Net Income From Continuing Operation Net Minority Interest": 14000000.0,
        "Reconciled Depreciation": 1000000.0,
        "EBIT": 18400000.0,
        "Net Interest Income": -1000000.0,
        "Interest Expense": 1000000.0,
        "Normalized Income": 14000000.0,
        "Net Income From Continuing And Discontinued Operation": 14000000.0,
        "Total Expenses": 186100000.0,
        "Diluted Average Shares": 26118280.0,
        "Basic Average Shares": 25981984.0,
        "Diluted EPS": 0.54,
        "Basic EPS": 0.54,
        "Diluted NI Availto Com Stockholders": 14000000.0,
        "Net Income Common Stockholders": 14000000.0,
        "Net Income": 14000000.0,
        "Net Income Including Noncontrolling Interests": 14000000.0,
        "Net Income Continuous Operations": 14000000.0,
        "Tax Provision": 3400000.0,
        "Pretax Income": 17400000.0,
        "Other Income Expense": 100000.0,
        "Net Non Operating Interest Income Expense": -1000000.0,
        "Interest Expense Non Operating": 1000000.0,
        "Other Operating Expenses": NaN,
        "Total Revenue": 203500000.0,
        "Operating Revenue": 203500000.0
    },
    "2023-12-31": {
        "Tax Effect Of Unusual Items": 0.0,
        "Tax Rate For Calcs": 0.215146,
        "Net Income From Continuing Operation Net Minority Interest": 45600000.0,
        "Reconciled Depreciation": 1100000.0,
        "EBIT": 58700000.0,
        "Net Interest Income": -600000.0,
        "Interest Expense": 600000.0,
        "Normalized Income": 45600000.0,
        "Net Income From Continuing And Discontinued Operation": 45600000.0,
        "Total Expenses": 167600000.0,
        "Diluted Average Shares": 25801380.0,
        "Basic Average Shares": 25645821.0,
        "Diluted EPS": 1.77,
        "Basic EPS": 1.78,
        "Diluted NI Availto Com Stockholders": 45600000.0,
        "Net Income Common Stockholders": 45600000.0,
        "Net Income": 45600000.0,
        "Net Income Including Noncontrolling Interests": 45600000.0,
        "Net Income Continuous Operations": 45600000.0,
        "Tax Provision": 12500000.0,
        "Pretax Income": 58100000.0,
        "Other Income Expense": 0.0,
        "Net Non Operating Interest Income Expense": -600000.0,
        "Interest Expense Non Operating": 600000.0,
        "Other Operating Expenses": 1600000.0,
        "Total Revenue": 225700000.0,
        "Operating Revenue": 225700000.0
    },
    "2024-03-31": {
        "Tax Effect Of Unusual Items": 0.0,
        "Tax Rate For Calcs": 0.198,
        "Net Income From Continuing Operation Net Minority Interest": 28300000.0,
        "Reconciled Depreciation": 3800000.0,
        "EBIT": 35300000.0,
        "Net Interest Income": 0.0,
        "Interest Expense": 0.0,
        "Normalized Income": 28300000.0,
        "Net Income From Continuing And Discontinued Operation": 28300000.0,
        "Total Expenses": 187800000.0,
        "Diluted Average Shares": 25535971.0,
        "Basic Average Shares": 25345942.0,
        "Diluted EPS": 1.11,
        "Basic EPS": 1.12,
        "Diluted NI Availto Com Stockholders": 28300000.0,
        "Net Income Common Stockholders": 28300000.0,
        "Net Income": 28300000.0,
        "Net Income Including Noncontrolling Interests": 28300000.0,
        "Net Income Continuous Operations": 28300000.0,
        "Tax Provision": 7000000.0,
        "Pretax Income": 35300000.0,
        "Other Income Expense": NaN,
        "Net Non Operating Interest Income Expense": 0.0,
        "Interest Expense Non Operating": 0.0,
        "Other Operating Expenses": NaN,
        "Total Revenue": 223100000.0,
        "Operating Revenue": 223100000.0
    }
}