{
    "2023-03-31": {
        "Tax Effect Of Unusual Items": NaN,
        "Tax Rate For Calcs": NaN,
        "Normalized EBITDA": NaN,
        "Total Unusual Items": NaN,
        "Total Unusual Items Excluding Goodwill": NaN,
        "Net Income From Continuing Operation Net Minority Interest": NaN,
        "Reconciled Depreciation": NaN,
        "Reconciled Cost Of Revenue": NaN,
        "EBITDA": NaN,
        "EBIT": NaN,
        "Net Interest Income": NaN,
        "Interest Expense": NaN,
        "Normalized Income": NaN,
        "Net Income From Continuing And Discontinued Operation": NaN,
        "Total Expenses": NaN,
        "Diluted Average Shares": NaN,
        "Basic Average Shares": NaN,
        "Diluted EPS": NaN,
        "Basic EPS": NaN,
        "Diluted NI Availto Com Stockholders": NaN,
        "Net Income Common Stockholders": NaN,
        "Net Income": NaN,
        "Net Income Including Noncontrolling Interests": NaN,
        "Net Income Continuous Operations": NaN,
        "Tax Provision": NaN,
        "Pretax Income": NaN,
        "Other Income Expense": NaN,
        "Other Non Operating Income Expenses": NaN,
        "Special Income Charges": NaN,
        "Write Off": NaN,
        "Impairment Of Capital Assets": 0.0,
        "Restructuring And Mergern Acquisition": NaN,
        "Net Non Operating Interest Income Expense": NaN,
        "Interest Expense Non Operating": NaN,
        "Operating Income": NaN,
        "Operating Expense": NaN,
        "Depreciation Amortization Depletion Income Statement": NaN,
        "Depreciation And Amortization In Income Statement": NaN,
        "Amortization": NaN,
        "Amortization Of Intangibles Income Statement": NaN,
        "Research And Development": NaN,
        "Selling General And Administration": NaN,
        "Gross Profit": NaN,
        "Cost Of Revenue": NaN,
        "Total Revenue": NaN,
        "Operating Revenue": NaN
    },
    "2022-12-31": {
        "Tax Effect Of Unusual Items": NaN,
        "Tax Rate For Calcs": NaN,
        "Normalized EBITDA": NaN,
        "Total Unusual Items": NaN,
        "Total Unusual Items Excluding Goodwill": NaN,
        "Net Income From Continuing Operation Net Minority Interest": NaN,
        "Reconciled Depreciation": NaN,
        "Reconciled Cost Of Revenue": NaN,
        "EBITDA": NaN,
        "EBIT": NaN,
        "Net Interest Income": NaN,
        "Interest Expense": NaN,
        "Normalized Income": NaN,
        "Net Income From Continuing And Discontinued Operation": NaN,
        "Total Expenses": NaN,
        "Diluted Average Shares": NaN,
        "Basic Average Shares": NaN,
        "Diluted EPS": NaN,
        "Basic EPS": NaN,
        "Diluted NI Availto Com Stockholders": NaN,
        "Net Income Common Stockholders": NaN,
        "Net Income": NaN,
        "Net Income Including Noncontrolling Interests": NaN,
        "Net Income Continuous Operations": NaN,
        "Tax Provision": NaN,
        "Pretax Income": NaN,
        "Other Income Expense": NaN,
        "Other Non Operating Income Expenses": NaN,
        "Special Income Charges": NaN,
        "Other Special Charges": 2000000.0,
        "Write Off": NaN,
        "Impairment Of Capital Assets": NaN,
        "Restructuring And Mergern Acquisition": NaN,
        "Net Non Operating Interest Income Expense": NaN,
        "Interest Expense Non Operating": NaN,
        "Operating Income": NaN,
        "Operating Expense": NaN,
        "Depreciation Amortization Depletion Income Statement": NaN,
        "Depreciation And Amortization In Income Statement": NaN,
        "Amortization": NaN,
        "Amortization Of Intangibles Income Statement": NaN,
        "Research And Development": NaN,
        "Selling General And Administration": NaN,
        "Gross Profit": NaN,
        "Cost Of Revenue": NaN,
        "Total Revenue": NaN,
        "Operating Revenue": NaN
    },
    "2022-09-30": {
        "Tax Effect Of Unusual Items": -10400000.0,
        "Tax Rate For Calcs": 0.4,
        "Normalized EBITDA": 211000000.0,
        "Total Unusual Items": -26000000.0,
        "Total Unusual Items Excluding Goodwill": -26000000.0,
        "Net Income From Continuing Operation Net Minority Interest": -49000000.0,
        "Reconciled Depreciation": 167000000.0,
        "Reconciled Cost Of Revenue": 433000000.0,
        "EBITDA": 185000000.0,
        "EBIT": 18000000.0,
        "Net Interest Income": -60000000.0,
        "Interest Expense": 60000000.0,
        "Normalized Income": -33400000.0,
        "Net Income From Continuing And Discontinued Operation": -49000000.0,
        "Total Expenses": 976000000.0,
        "Diluted Average Shares": 488400000.0,
        "Basic Average Shares": 488400000.0,
        "Diluted EPS": -0.13,
        "Basic EPS": -0.13,
        "Diluted NI Availto Com Stockholders": -49000000.0,
        "Net Income Common Stockholders": -49000000.0,
        "Net Income": -49000000.0,
        "Net Income Including Noncontrolling Interests": -49000000.0,
        "Net Income Continuous Operations": -49000000.0,
        "Tax Provision": 7000000.0,
        "Pretax Income": -42000000.0,
        "Other Income Expense": -34000000.0,
        "Other Non Operating Income Expenses": -8000000.0,
        "Special Income Charges": -26000000.0,
        "Other Special Charges": NaN,
        "Write Off": NaN,
        "Impairment Of Capital Assets": -1000000.0,
        "Restructuring And Mergern Acquisition": 27000000.0,
        "Net Non Operating Interest Income Expense": -60000000.0,
        "Interest Expense Non Operating": 60000000.0,
        "Operating Income": 52000000.0,
        "Operating Expense": 504000000.0,
        "Depreciation Amortization Depletion Income Statement": 128000000.0,
        "Depreciation And Amortization In Income Statement": 128000000.0,
        "Amortization": 128000000.0,
        "Amortization Of Intangibles Income Statement": 128000000.0,
        "Research And Development": 78000000.0,
        "Selling General And Administration": 298000000.0,
        "Gross Profit": 556000000.0,
        "Cost Of Revenue": 472000000.0,
        "Total Revenue": 1028000000.0,
        "Operating Revenue": 1028000000.0
    },
    "2022-06-30": {
        "Tax Effect Of Unusual Items": -34400000.0,
        "Tax Rate For Calcs": 0.4,
        "Normalized EBITDA": 268000000.0,
        "Total Unusual Items": -86000000.0,
        "Total Unusual Items Excluding Goodwill": -86000000.0,
        "Net Income From Continuing Operation Net Minority Interest": -22000000.0,
        "Reconciled Depreciation": 133000000.0,
        "Reconciled Cost Of Revenue": 484000000.0,
        "EBITDA": 182000000.0,
        "EBIT": 49000000.0,
        "Net Interest Income": -67000000.0,
        "Interest Expense": 67000000.0,
        "Normalized Income": 29600000.0,
        "Net Income From Continuing And Discontinued Operation": -22000000.0,
        "Total Expenses": 1042000000.0,
        "Diluted Average Shares": 488400000.0,
        "Basic Average Shares": 488400000.0,
        "Diluted EPS": -0.02,
        "Basic EPS": -0.02,
        "Diluted NI Availto Com Stockholders": -22000000.0,
        "Net Income Common Stockholders": -22000000.0,
        "Net Income": -22000000.0,
        "Net Income Including Noncontrolling Interests": -22000000.0,
        "Net Income Continuous Operations": -22000000.0,
        "Tax Provision": 4000000.0,
        "Pretax Income": -18000000.0,
        "Other Income Expense": -86000000.0,
        "Other Non Operating Income Expenses": NaN,
        "Special Income Charges": -86000000.0,
        "Other Special Charges": 2000000.0,
        "Write Off": 86000000.0,
        "Impairment Of Capital Assets": 59000000.0,
        "Restructuring And Mergern Acquisition": 25000000.0,
        "Net Non Operating Interest Income Expense": -67000000.0,
        "Interest Expense Non Operating": 67000000.0,
        "Operating Income": 135000000.0,
        "Operating Expense": 558000000.0,
        "Depreciation Amortization Depletion Income Statement": 133000000.0,
        "Depreciation And Amortization In Income Statement": 133000000.0,
        "Amortization": 133000000.0,
        "Amortization Of Intangibles Income Statement": 133000000.0,
        "Research And Development": 82000000.0,
        "Selling General And Administration": 343000000.0,
        "Gross Profit": 693000000.0,
        "Cost Of Revenue": 484000000.0,
        "Total Revenue": 1177000000.0,
        "Operating Revenue": 1177000000.0
    },
    "2022-03-31": {
        "Diluted EPS": 0.1,
        "Total Revenue": NaN,
        "Gross Profit": 717,
        "Operating Income": 136,
        "EBIT": 312,
        "Net Income": 51
    },
    "2021-12-31": {
        "Diluted EPS": -0.23,
        "Total Revenue": NaN,
        "Gross Profit": 602,
        "Operating Income": -73,
        "EBIT": 101,
        "Net Income": -108
    },
    "2021-09-30": {
        "Diluted EPS": -0.21,
        "Total Revenue": NaN,
        "Gross Profit": 629,
        "Operating Income": -59,
        "EBIT": 111,
        "Net Income": -104
    },
    "2021-06-30": {
        "Diluted EPS": -0.43,
        "Total Revenue": NaN,
        "Gross Profit": 728,
        "Operating Income": -179,
        "EBIT": -9,
        "Net Income": -210
    },
    "2021-03-31": {
        "Diluted EPS": -0.12,
        "Total Revenue": NaN,
        "Gross Profit": 673,
        "Operating Income": -19,
        "EBIT": 183,
        "Net Income": -61
    },
    "2020-12-31": {
        "Diluted EPS": -0.76,
        "Total Revenue": NaN,
        "Gross Profit": 541,
        "Operating Income": -278,
        "EBIT": -56,
        "Net Income": -337
    },
    "2020-09-30": {
        "Diluted EPS": -0.29,
        "Total Revenue": 890,
        "Gross Profit": 448,
        "Operating Income": -276,
        "EBIT": -143,
        "Net Income": -135
    },
    "2020-06-30": {
        "Diluted EPS": -0.13,
        "Total Revenue": 586,
        "Gross Profit": 290,
        "Operating Income": -100,
        "EBIT": -20,
        "Net Income": -53
    },
    "2020-03-31": {
        "Diluted EPS": -0.12,
        "Total Revenue": 658,
        "Gross Profit": 325,
        "Operating Income": -51,
        "EBIT": 31,
        "Net Income": -49
    },
    "2019-12-31": {
        "Diluted EPS": -0.04,
        "Total Revenue": 787,
        "Gross Profit": 377,
        "Operating Income": 21,
        "EBIT": 104,
        "Net Income": -9
    },
    "2019-09-30": {
        "Diluted EPS": 0.03,
        "Total Revenue": 771,
        "Gross Profit": 411,
        "Operating Income": 21,
        "EBIT": 100,
        "Net Income": 10
    },
    "2019-06-30": {
        "Diluted EPS": 0.1,
        "Total Revenue": 782,
        "Gross Profit": 426,
        "Operating Income": 75,
        "EBIT": 152,
        "Net Income": 36
    },
    "2019-03-31": {
        "Diluted EPS": 0.09,
        "Total Revenue": 731,
        "Gross Profit": 387,
        "Operating Income": 68,
        "EBIT": 143,
        "Net Income": 32
    },
    "2018-12-31": {
        "Diluted EPS": 0.04,
        "Total Revenue": 799,
        "Gross Profit": 387,
        "Operating Income": 45,
        "EBIT": 118,
        "Net Income": 16
    },
    "2018-09-30": {
        "Diluted EPS": 0.2,
        "Total Revenue": 761,
        "Gross Profit": 391,
        "Operating Income": 92,
        "EBIT": 165,
        "Net Income": 60
    },
    "2018-06-30": {
        "Diluted EPS": -0.21,
        "Total Revenue": 770,
        "Gross Profit": 339,
        "Operating Income": -31,
        "EBIT": 44,
        "Net Income": -63
    },
    "2018-03-31": {
        "Diluted EPS": 0.25,
        "Total Revenue": 736,
        "Gross Profit": 376,
        "Operating Income": 79,
        "EBIT": 154,
        "Net Income": 73
    },
    "2017-12-31": {
        "Diluted EPS": 0.0,
        "Total Revenue": NaN,
        "Gross Profit": NaN,
        "Operating Income": NaN,
        "EBIT": NaN,
        "Net Income": NaN
    },
    "2017-09-30": {
        "Diluted EPS": -0.06,
        "Total Revenue": 697,
        "Gross Profit": 321,
        "Operating Income": -11,
        "EBIT": -11,
        "Net Income": -21
    },
    "2016-12-31": {
        "Diluted EPS": 0.0,
        "Total Revenue": NaN,
        "Gross Profit": NaN,
        "Operating Income": NaN,
        "EBIT": NaN,
        "Net Income": NaN
    },
    "2015-12-31": {
        "Diluted EPS": 0.0,
        "Total Revenue": NaN,
        "Gross Profit": NaN,
        "Operating Income": NaN,
        "EBIT": NaN,
        "Net Income": NaN
    },
    "2023-06-30": {
        "Tax Effect Of Unusual Items": -7350000.0,
        "Tax Rate For Calcs": 0.21,
        "Normalized EBITDA": 207000000.0,
        "Total Unusual Items": -35000000.0,
        "Total Unusual Items Excluding Goodwill": -35000000.0,
        "Net Income From Continuing Operation Net Minority Interest": -97000000.0,
        "Reconciled Depreciation": 177000000.0,
        "Reconciled Cost Of Revenue": 393000000.0,
        "EBITDA": 172000000.0,
        "EBIT": -5000000.0,
        "Net Interest Income": -74000000.0,
        "Interest Expense": 74000000.0,
        "Normalized Income": -69350000.0,
        "Net Income From Continuing And Discontinued Operation": -97000000.0,
        "Total Expenses": 1004000000.0,
        "Diluted Average Shares": 492600000.0,
        "Basic Average Shares": 492600000.0,
        "Diluted EPS": -0.2,
        "Basic EPS": -0.2,
        "Diluted NI Availto Com Stockholders": -97000000.0,
        "Net Income Common Stockholders": -97000000.0,
        "Net Income": -97000000.0,
        "Net Income Including Noncontrolling Interests": -97000000.0,
        "Net Income Continuous Operations": -97000000.0,
        "Tax Provision": 18000000.0,
        "Pretax Income": -79000000.0,
        "Other Income Expense": -58000000.0,
        "Other Non Operating Income Expenses": -23000000.0,
        "Special Income Charges": -35000000.0,
        "Write Off": 0.0,
        "Impairment Of Capital Assets": 0.0,
        "Restructuring And Mergern Acquisition": 35000000.0,
        "Net Non Operating Interest Income Expense": -74000000.0,
        "Interest Expense Non Operating": 74000000.0,
        "Operating Income": 53000000.0,
        "Operating Expense": 570000000.0,
        "Depreciation Amortization Depletion Income Statement": 136000000.0,
        "Depreciation And Amortization In Income Statement": 136000000.0,
        "Amortization": 136000000.0,
        "Amortization Of Intangibles Income Statement": 136000000.0,
        "Research And Development": 81000000.0,
        "Selling General And Administration": 353000000.0,
        "Gross Profit": 623000000.0,
        "Cost Of Revenue": 434000000.0,
        "Total Revenue": 1057000000.0,
        "Operating Revenue": 1057000000.0
    },
    "2023-09-30": {
        "Tax Effect Of Unusual Items": -2116000.0,
        "Tax Rate For Calcs": 0.002,
        "Normalized EBITDA": 206000000.0,
        "Total Unusual Items": -1058000000.0,
        "Total Unusual Items Excluding Goodwill": -1058000000.0,
        "Net Income From Continuing Operation Net Minority Interest": -1096000000.0,
        "Reconciled Depreciation": 173000000.0,
        "Reconciled Cost Of Revenue": 454000000.0,
        "EBITDA": -852000000.0,
        "EBIT": -1025000000.0,
        "Net Interest Income": -72000000.0,
        "Interest Expense": 72000000.0,
        "Normalized Income": -40116000.0,
        "Net Income From Continuing And Discontinued Operation": -1096000000.0,
        "Total Expenses": 1026000000.0,
        "Diluted Average Shares": 492700000.0,
        "Basic Average Shares": 492700000.0,
        "Diluted EPS": -2.22,
        "Basic EPS": -2.22,
        "Diluted NI Availto Com Stockholders": -1096000000.0,
        "Net Income Common Stockholders": -1096000000.0,
        "Net Income": -1096000000.0,
        "Net Income Including Noncontrolling Interests": -1096000000.0,
        "Net Income Continuous Operations": -1096000000.0,
        "Tax Provision": -1000000.0,
        "Pretax Income": -1097000000.0,
        "Other Income Expense": -1067000000.0,
        "Other Non Operating Income Expenses": -9000000.0,
        "Special Income Charges": -1058000000.0,
        "Write Off": NaN,
        "Impairment Of Capital Assets": 1047000000.0,
        "Restructuring And Mergern Acquisition": 11000000.0,
        "Net Non Operating Interest Income Expense": -72000000.0,
        "Interest Expense Non Operating": 72000000.0,
        "Operating Income": 42000000.0,
        "Operating Expense": 539000000.0,
        "Depreciation Amortization Depletion Income Statement": 140000000.0,
        "Depreciation And Amortization In Income Statement": 140000000.0,
        "Amortization": 140000000.0,
        "Amortization Of Intangibles Income Statement": 140000000.0,
        "Research And Development": 86000000.0,
        "Selling General And Administration": 313000000.0,
        "Gross Profit": 581000000.0,
        "Cost Of Revenue": 487000000.0,
        "Total Revenue": 1068000000.0,
        "Operating Revenue": 1068000000.0
    },
    "2023-12-31": {
        "Tax Effect Of Unusual Items": -7560000.0,
        "Tax Rate For Calcs": 0.21,
        "Normalized EBITDA": 147000000.0,
        "Total Unusual Items": -36000000.0,
        "Total Unusual Items Excluding Goodwill": -36000000.0,
        "Net Income From Continuing Operation Net Minority Interest": -141000000.0,
        "Reconciled Depreciation": 171000000.0,
        "Reconciled Cost Of Revenue": 483000000.0,
        "EBITDA": 111000000.0,
        "EBIT": -60000000.0,
        "Net Interest Income": -67000000.0,
        "Interest Expense": 67000000.0,
        "Normalized Income": -112560000.0,
        "Net Income From Continuing And Discontinued Operation": -141000000.0,
        "Total Expenses": 1025000000.0,
        "Diluted Average Shares": 492800000.0,
        "Basic Average Shares": 492800000.0,
        "Diluted EPS": -0.29,
        "Basic EPS": -0.29,
        "Diluted NI Availto Com Stockholders": -141000000.0,
        "Net Income Common Stockholders": -141000000.0,
        "Net Income": -141000000.0,
        "Net Income Including Noncontrolling Interests": -141000000.0,
        "Net Income Continuous Operations": -141000000.0,
        "Tax Provision": 14000000.0,
        "Pretax Income": -127000000.0,
        "Other Income Expense": -70000000.0,
        "Other Non Operating Income Expenses": -34000000.0,
        "Special Income Charges": -36000000.0,
        "Write Off": NaN,
        "Impairment Of Capital Assets": 27000000.0,
        "Restructuring And Mergern Acquisition": 7000000.0,
        "Net Non Operating Interest Income Expense": -67000000.0,
        "Interest Expense Non Operating": 67000000.0,
        "Operating Income": 10000000.0,
        "Operating Expense": 509000000.0,
        "Depreciation Amortization Depletion Income Statement": 138000000.0,
        "Depreciation And Amortization In Income Statement": 138000000.0,
        "Amortization": 138000000.0,
        "Amortization Of Intangibles Income Statement": 138000000.0,
        "Research And Development": 79000000.0,
        "Selling General And Administration": 292000000.0,
        "Gross Profit": 519000000.0,
        "Cost Of Revenue": 516000000.0,
        "Total Revenue": 1035000000.0,
        "Operating Revenue": 1035000000.0
    },
    "2024-03-31": {
        "Tax Effect Of Unusual Items": -9660000.0,
        "Tax Rate For Calcs": 0.21,
        "Normalized EBITDA": 290000000.0,
        "Total Unusual Items": -46000000.0,
        "Total Unusual Items Excluding Goodwill": -46000000.0,
        "Net Income From Continuing Operation Net Minority Interest": 32000000.0,
        "Reconciled Depreciation": 166000000.0,
        "Reconciled Cost Of Revenue": 482000000.0,
        "EBITDA": 244000000.0,
        "EBIT": 78000000.0,
        "Net Interest Income": -66000000.0,
        "Interest Expense": 66000000.0,
        "Normalized Income": 68340000.0,
        "Net Income From Continuing And Discontinued Operation": 32000000.0,
        "Total Expenses": 1072000000.0,
        "Diluted Average Shares": 496000000.0,
        "Basic Average Shares": 493200000.0,
        "Diluted EPS": 0.06,
        "Basic EPS": 0.06,
        "Diluted NI Availto Com Stockholders": 32000000.0,
        "Net Income Common Stockholders": 32000000.0,
        "Net Income": 32000000.0,
        "Net Income Including Noncontrolling Interests": 32000000.0,
        "Net Income Continuous Operations": 32000000.0,
        "Tax Provision": -20000000.0,
        "Pretax Income": 12000000.0,
        "Other Income Expense": -55000000.0,
        "Other Non Operating Income Expenses": -9000000.0,
        "Special Income Charges": -46000000.0,
        "Write Off": NaN,
        "Impairment Of Capital Assets": NaN,
        "Restructuring And Mergern Acquisition": 46000000.0,
        "Net Non Operating Interest Income Expense": -66000000.0,
        "Interest Expense Non Operating": 66000000.0,
        "Operating Income": 133000000.0,
        "Operating Expense": 557000000.0,
        "Depreciation Amortization Depletion Income Statement": 133000000.0,
        "Depreciation And Amortization In Income Statement": 133000000.0,
        "Amortization": 133000000.0,
        "Amortization Of Intangibles Income Statement": 133000000.0,
        "Research And Development": 87000000.0,
        "Selling General And Administration": 337000000.0,
        "Gross Profit": 690000000.0,
        "Cost Of Revenue": 515000000.0,
        "Total Revenue": 1205000000.0,
        "Operating Revenue": 1205000000.0
    },
    "2024-06-30": {
        "Tax Effect Of Unusual Items": -16800000.0,
        "Tax Rate For Calcs": 0.21,
        "Normalized EBITDA": 275000000.0,
        "Total Unusual Items": -80000000.0,
        "Total Unusual Items Excluding Goodwill": -80000000.0,
        "Net Income From Continuing Operation Net Minority Interest": -50000000.0,
        "Reconciled Depreciation": 162000000.0,
        "Reconciled Cost Of Revenue": 464000000.0,
        "EBITDA": 195000000.0,
        "EBIT": 33000000.0,
        "Net Interest Income": -65000000.0,
        "Interest Expense": 65000000.0,
        "Normalized Income": 13200000.0,
        "Net Income From Continuing And Discontinued Operation": -50000000.0,
        "Total Expenses": 1069000000.0,
        "Diluted Average Shares": 494200000.0,
        "Basic Average Shares": 494200000.0,
        "Diluted EPS": -0.1,
        "Basic EPS": -0.1,
        "Diluted NI Availto Com Stockholders": -50000000.0,
        "Net Income Common Stockholders": -50000000.0,
        "Net Income": -50000000.0,
        "Net Income Including Noncontrolling Interests": -50000000.0,
        "Net Income Continuous Operations": -50000000.0,
        "Tax Provision": 18000000.0,
        "Pretax Income": -32000000.0,
        "Other Income Expense": -82000000.0,
        "Other Non Operating Income Expenses": -2000000.0,
        "Special Income Charges": -80000000.0,
        "Write Off": 5000000.0,
        "Impairment Of Capital Assets": 61000000.0,
        "Restructuring And Mergern Acquisition": 14000000.0,
        "Net Non Operating Interest Income Expense": -65000000.0,
        "Interest Expense Non Operating": 65000000.0,
        "Operating Income": 115000000.0,
        "Operating Expense": 574000000.0,
        "Depreciation Amortization Depletion Income Statement": 131000000.0,
        "Depreciation And Amortization In Income Statement": 131000000.0,
        "Amortization": 131000000.0,
        "Amortization Of Intangibles Income Statement": 131000000.0,
        "Research And Development": 89000000.0,
        "Selling General And Administration": 354000000.0,
        "Gross Profit": 689000000.0,
        "Cost Of Revenue": 495000000.0,
        "Total Revenue": 1184000000.0,
        "Operating Revenue": 1184000000.0
    }
}