{
    "2023-03-31": {
        "Tax Effect Of Unusual Items": 0.0,
        "Tax Rate For Calcs": 0.21,
        "Normalized EBITDA": 15659000.0,
        "Total Unusual Items": 0.0,
        "Total Unusual Items Excluding Goodwill": 0.0,
        "Net Income From Continuing Operation Net Minority Interest": 16246000.0,
        "Reconciled Depreciation": 5668000.0,
        "Reconciled Cost Of Revenue": 58231000.0,
        "EBITDA": 15659000.0,
        "EBIT": 9991000.0,
        "Net Interest Income": -106000.0,
        "Interest Expense": 1732000.0,
        "Normalized Income": 16246000.0,
        "Net Income From Continuing And Discontinued Operation": 16246000.0,
        "Total Expenses": 179312000.0,
        "Total Operating Income As Reported": 8045000.0,
        "Diluted Average Shares": 56641510.0,
        "Basic Average Shares": 53189447.0,
        "Diluted EPS": 0.29,
        "Basic EPS": 0.31,
        "Diluted NI Availto Com Stockholders": 16246000.0,
        "Net Income Common Stockholders": 16246000.0,
        "Net Income": 16246000.0,
        "Net Income Including Noncontrolling Interests": 16246000.0,
        "Net Income Continuous Operations": 16246000.0,
        "Tax Provision": -7987000.0,
        "Pretax Income": 8259000.0,
        "Other Income Expense": 320000.0,
        "Other Non Operating Income Expenses": 320000.0,
        "Special Income Charges": 0.0,
        "Other Special Charges": 0.0,
        "Write Off": NaN,
        "Restructuring And Mergern Acquisition": 0.0,
        "Net Non Operating Interest Income Expense": -106000.0,
        "Total Other Finance Cost": NaN,
        "Interest Expense Non Operating": 1732000.0,
        "Operating Income": 8045000.0,
        "Operating Expense": 121081000.0,
        "Selling General And Administration": 121081000.0,
        "Gross Profit": 129126000.0,
        "Cost Of Revenue": 58231000.0,
        "Total Revenue": 187357000.0,
        "Operating Revenue": 187357000.0
    },
    "2022-12-31": {
        "Tax Effect Of Unusual Items": -32208.0,
        "Tax Rate For Calcs": 0.183,
        "Normalized EBITDA": 29442000.0,
        "Total Unusual Items": -176000.0,
        "Total Unusual Items Excluding Goodwill": -176000.0,
        "Net Income From Continuing Operation Net Minority Interest": 19105000.0,
        "Reconciled Depreciation": 5421000.0,
        "Reconciled Cost Of Revenue": 47812000.0,
        "EBITDA": 29266000.0,
        "EBIT": 23845000.0,
        "Net Interest Income": -463000.0,
        "Interest Expense": 463000.0,
        "Normalized Income": 19248792.0,
        "Net Income From Continuing And Discontinued Operation": 19105000.0,
        "Total Expenses": 123246000.0,
        "Total Operating Income As Reported": 23291000.0,
        "Diluted Average Shares": 55840137.0,
        "Basic Average Shares": 52707406.0,
        "Diluted EPS": 0.34,
        "Basic EPS": 0.36,
        "Diluted NI Availto Com Stockholders": 19105000.0,
        "Net Income Common Stockholders": 19105000.0,
        "Net Income": 19105000.0,
        "Net Income Including Noncontrolling Interests": 19105000.0,
        "Net Income Continuous Operations": 19105000.0,
        "Tax Provision": 4277000.0,
        "Pretax Income": 23382000.0,
        "Other Income Expense": 554000.0,
        "Other Non Operating Income Expenses": 730000.0,
        "Special Income Charges": -176000.0,
        "Other Special Charges": 176000.0,
        "Write Off": 0.0,
        "Restructuring And Mergern Acquisition": 0.0,
        "Net Non Operating Interest Income Expense": -463000.0,
        "Total Other Finance Cost": NaN,
        "Interest Expense Non Operating": 463000.0,
        "Operating Income": 23291000.0,
        "Operating Expense": 75434000.0,
        "Selling General And Administration": 75434000.0,
        "Gross Profit": 98725000.0,
        "Cost Of Revenue": 47812000.0,
        "Total Revenue": 146537000.0,
        "Operating Revenue": 146537000.0
    },
    "2022-09-30": {
        "Tax Effect Of Unusual Items": NaN,
        "Tax Rate For Calcs": NaN,
        "Normalized EBITDA": NaN,
        "Total Unusual Items": NaN,
        "Total Unusual Items Excluding Goodwill": NaN,
        "Net Income From Continuing Operation Net Minority Interest": NaN,
        "Reconciled Depreciation": NaN,
        "Reconciled Cost Of Revenue": NaN,
        "EBITDA": NaN,
        "EBIT": NaN,
        "Net Interest Income": NaN,
        "Interest Expense": 786000.0,
        "Normalized Income": NaN,
        "Net Income From Continuing And Discontinued Operation": NaN,
        "Total Expenses": NaN,
        "Total Operating Income As Reported": NaN,
        "Diluted Average Shares": NaN,
        "Basic Average Shares": NaN,
        "Diluted EPS": NaN,
        "Basic EPS": NaN,
        "Diluted NI Availto Com Stockholders": NaN,
        "Net Income Common Stockholders": NaN,
        "Net Income": NaN,
        "Net Income Including Noncontrolling Interests": NaN,
        "Net Income Continuous Operations": NaN,
        "Tax Provision": NaN,
        "Pretax Income": NaN,
        "Other Income Expense": NaN,
        "Other Non Operating Income Expenses": NaN,
        "Special Income Charges": NaN,
        "Other Special Charges": NaN,
        "Write Off": 0.0,
        "Restructuring And Mergern Acquisition": 0.0,
        "Net Non Operating Interest Income Expense": NaN,
        "Total Other Finance Cost": 786000.0,
        "Interest Expense Non Operating": 786000.0,
        "Operating Income": NaN,
        "Operating Expense": NaN,
        "Selling General And Administration": NaN,
        "Gross Profit": NaN,
        "Cost Of Revenue": NaN,
        "Total Revenue": NaN,
        "Operating Revenue": NaN
    },
    "2022-06-30": {
        "Tax Effect Of Unusual Items": 0.0,
        "Tax Rate For Calcs": 0.242619,
        "Normalized EBITDA": 25491000.0,
        "Total Unusual Items": 0.0,
        "Total Unusual Items Excluding Goodwill": 0.0,
        "Net Income From Continuing Operation Net Minority Interest": 14469000.0,
        "Reconciled Depreciation": 5724000.0,
        "Reconciled Cost Of Revenue": 39616000.0,
        "EBITDA": 25491000.0,
        "EBIT": 19767000.0,
        "Net Interest Income": -663000.0,
        "Interest Expense": 663000.0,
        "Normalized Income": 14469000.0,
        "Net Income From Continuing And Discontinued Operation": 14469000.0,
        "Total Expenses": 101171000.0,
        "Total Operating Income As Reported": 21430000.0,
        "Diluted Average Shares": 53834732.0,
        "Basic Average Shares": 51707160.0,
        "Diluted EPS": 0.27,
        "Basic EPS": 0.28,
        "Diluted NI Availto Com Stockholders": 14469000.0,
        "Net Income Common Stockholders": 14469000.0,
        "Net Income": 14469000.0,
        "Net Income Including Noncontrolling Interests": 14469000.0,
        "Net Income Continuous Operations": 14469000.0,
        "Tax Provision": 4635000.0,
        "Pretax Income": 19104000.0,
        "Other Income Expense": -1663000.0,
        "Other Non Operating Income Expenses": -1663000.0,
        "Special Income Charges": 0.0,
        "Other Special Charges": NaN,
        "Write Off": NaN,
        "Restructuring And Mergern Acquisition": 0.0,
        "Net Non Operating Interest Income Expense": -663000.0,
        "Total Other Finance Cost": NaN,
        "Interest Expense Non Operating": 663000.0,
        "Operating Income": 21430000.0,
        "Operating Expense": 61555000.0,
        "Selling General And Administration": 61555000.0,
        "Gross Profit": 82985000.0,
        "Cost Of Revenue": 39616000.0,
        "Total Revenue": 122601000.0,
        "Operating Revenue": 122601000.0
    },
    "2023-06-30": {
        "Tax Effect Of Unusual Items": -192640.0,
        "Tax Rate For Calcs": 0.112,
        "Normalized EBITDA": 67990000.0,
        "Total Unusual Items": -1720000.0,
        "Total Unusual Items Excluding Goodwill": -1720000.0,
        "Net Income From Continuing Operation Net Minority Interest": 52977000.0,
        "Reconciled Depreciation": 5637000.0,
        "Reconciled Cost Of Revenue": 63767000.0,
        "EBITDA": 66270000.0,
        "EBIT": 60633000.0,
        "Net Interest Income": 341000.0,
        "Interest Expense": NaN,
        "Normalized Income": 54504360.0,
        "Net Income From Continuing And Discontinued Operation": 52977000.0,
        "Total Expenses": 155706000.0,
        "Total Operating Income As Reported": 60633000.0,
        "Diluted Average Shares": 57175870.0,
        "Basic Average Shares": 53938136.0,
        "Diluted EPS": 0.93,
        "Basic EPS": 0.98,
        "Diluted NI Availto Com Stockholders": 52977000.0,
        "Net Income Common Stockholders": 52977000.0,
        "Net Income": 52977000.0,
        "Net Income Including Noncontrolling Interests": 52977000.0,
        "Net Income Continuous Operations": 52977000.0,
        "Tax Provision": 6676000.0,
        "Pretax Income": 59653000.0,
        "Other Income Expense": -1321000.0,
        "Other Non Operating Income Expenses": 399000.0,
        "Special Income Charges": -1720000.0,
        "Other Special Charges": NaN,
        "Write Off": 1720000.0,
        "Restructuring And Mergern Acquisition": NaN,
        "Net Non Operating Interest Income Expense": 341000.0,
        "Total Other Finance Cost": -341000.0,
        "Interest Expense Non Operating": NaN,
        "Operating Income": 60633000.0,
        "Operating Expense": 91939000.0,
        "Selling General And Administration": 91939000.0,
        "Gross Profit": 152572000.0,
        "Cost Of Revenue": 63767000.0,
        "Total Revenue": 216339000.0,
        "Operating Revenue": 216339000.0
    },
    "2022-03-31": {
        "Diluted EPS": 0.03,
        "Total Revenue": 105,
        "Gross Profit": 68,
        "Operating Income": 2,
        "EBIT": 9,
        "Net Income": 2
    },
    "2021-12-31": {
        "Diluted EPS": 0.12,
        "Total Revenue": 98,
        "Gross Profit": 64,
        "Operating Income": 9,
        "EBIT": 16,
        "Net Income": 6
    },
    "2021-09-30": {
        "Diluted EPS": 0.11,
        "Total Revenue": 92,
        "Gross Profit": 58,
        "Operating Income": 7,
        "EBIT": 15,
        "Net Income": 6
    },
    "2021-06-30": {
        "Diluted EPS": 0.15,
        "Total Revenue": 97,
        "Gross Profit": 62,
        "Operating Income": 11,
        "EBIT": 18,
        "Net Income": 8
    },
    "2021-03-31": {
        "Diluted EPS": 0.0,
        "Total Revenue": 93,
        "Gross Profit": 59,
        "Operating Income": -2,
        "EBIT": 5,
        "Net Income": 0
    },
    "2020-12-31": {
        "Diluted EPS": 0.08,
        "Total Revenue": 89,
        "Gross Profit": 57,
        "Operating Income": 6,
        "EBIT": 13,
        "Net Income": 4
    },
    "2020-09-30": {
        "Diluted EPS": 0.01,
        "Total Revenue": 72,
        "Gross Profit": 47,
        "Operating Income": 2,
        "EBIT": 8,
        "Net Income": 0
    },
    "2020-06-30": {
        "Diluted EPS": 0.03,
        "Total Revenue": 65,
        "Gross Profit": 43,
        "Operating Income": 3,
        "EBIT": 10,
        "Net Income": 2
    },
    "2020-03-31": {
        "Diluted EPS": -0.01,
        "Total Revenue": 75,
        "Gross Profit": 48,
        "Operating Income": 1,
        "EBIT": 7,
        "Net Income": 0
    },
    "2019-12-31": {
        "Diluted EPS": 0.16,
        "Total Revenue": 81,
        "Gross Profit": 53,
        "Operating Income": 13,
        "EBIT": 19,
        "Net Income": 8
    },
    "2019-09-30": {
        "Diluted EPS": 0.13,
        "Total Revenue": 68,
        "Gross Profit": 43,
        "Operating Income": 9,
        "EBIT": 15,
        "Net Income": 7
    },
    "2019-06-30": {
        "Diluted EPS": 0.07,
        "Total Revenue": 60,
        "Gross Profit": 37,
        "Operating Income": 7,
        "EBIT": 12,
        "Net Income": 4
    },
    "2019-03-31": {
        "Diluted EPS": -0.37,
        "Total Revenue": 66,
        "Gross Profit": 40,
        "Operating Income": -19,
        "EBIT": -6,
        "Net Income": -18
    },
    "2018-12-31": {
        "Diluted EPS": 0.0,
        "Total Revenue": NaN,
        "Gross Profit": NaN,
        "Operating Income": NaN,
        "EBIT": NaN,
        "Net Income": NaN
    },
    "2018-09-30": {
        "Diluted EPS": 0.08,
        "Total Revenue": 64,
        "Gross Profit": 39,
        "Operating Income": 6,
        "EBIT": 11,
        "Net Income": 4
    },
    "2018-06-30": {
        "Diluted EPS": 0.03,
        "Total Revenue": 59,
        "Gross Profit": 37,
        "Operating Income": 3,
        "EBIT": 7,
        "Net Income": 1
    },
    "2018-03-31": {
        "Diluted EPS": 0.01,
        "Total Revenue": 66,
        "Gross Profit": 40,
        "Operating Income": 66,
        "EBIT": 66,
        "Net Income": 1
    },
    "2017-12-31": {
        "Diluted EPS": 0.0,
        "Total Revenue": NaN,
        "Gross Profit": NaN,
        "Operating Income": NaN,
        "EBIT": NaN,
        "Net Income": NaN
    },
    "2017-09-30": {
        "Diluted EPS": 0.12,
        "Total Revenue": 72,
        "Gross Profit": 43,
        "Operating Income": 10,
        "EBIT": 14,
        "Net Income": 6
    },
    "2017-06-30": {
        "Diluted EPS": 0.08,
        "Total Revenue": 56,
        "Gross Profit": 36,
        "Operating Income": 3,
        "EBIT": 11,
        "Net Income": 4
    },
    "2017-03-31": {
        "Diluted EPS": 0.04,
        "Total Revenue": 61,
        "Gross Profit": 38,
        "Operating Income": 61,
        "EBIT": 61,
        "Net Income": 2
    },
    "2016-12-31": {
        "Diluted EPS": 0.0,
        "Total Revenue": NaN,
        "Gross Profit": NaN,
        "Operating Income": NaN,
        "EBIT": NaN,
        "Net Income": NaN
    },
    "2016-09-30": {
        "Diluted EPS": -73.13,
        "Total Revenue": 56,
        "Gross Profit": 32,
        "Operating Income": 1,
        "EBIT": 6,
        "Net Income": -374
    },
    "2016-06-30": {
        "Diluted EPS": -117.31,
        "Total Revenue": 44,
        "Gross Profit": 25,
        "Operating Income": 0,
        "EBIT": 7,
        "Net Income": -96
    },
    "2016-03-31": {
        "Diluted EPS": -69.57,
        "Total Revenue": 53,
        "Gross Profit": 29,
        "Operating Income": 53,
        "EBIT": 45,
        "Net Income": -34
    },
    "2015-12-31": {
        "Diluted EPS": 0.0,
        "Total Revenue": NaN,
        "Gross Profit": NaN,
        "Operating Income": NaN,
        "EBIT": NaN,
        "Net Income": NaN
    },
    "2015-09-30": {
        "Diluted EPS": -154.42,
        "Total Revenue": 51,
        "Gross Profit": 26,
        "Operating Income": 7,
        "EBIT": 7,
        "Net Income": -5
    },
    "2014-12-31": {
        "Diluted EPS": 0.0,
        "Total Revenue": NaN,
        "Gross Profit": NaN,
        "Operating Income": NaN,
        "EBIT": NaN,
        "Net Income": NaN
    },
    "2023-09-30": {
        "Tax Effect Of Unusual Items": 0.0,
        "Tax Rate For Calcs": 0.163,
        "Normalized EBITDA": 46853000.0,
        "Total Unusual Items": 0.0,
        "Total Unusual Items Excluding Goodwill": 0.0,
        "Net Income From Continuing Operation Net Minority Interest": 33271000.0,
        "Reconciled Depreciation": 6674000.0,
        "Reconciled Cost Of Revenue": 63142000.0,
        "EBITDA": 46853000.0,
        "EBIT": 40179000.0,
        "Net Interest Income": 623000.0,
        "Interest Expense": NaN,
        "Normalized Income": 33271000.0,
        "Net Income From Continuing And Discontinued Operation": 33271000.0,
        "Total Expenses": 175328000.0,
        "Total Operating Income As Reported": 40179000.0,
        "Diluted Average Shares": 57438152.0,
        "Basic Average Shares": 54425384.0,
        "Diluted EPS": 0.58,
        "Basic EPS": 0.61,
        "Diluted NI Availto Com Stockholders": 33271000.0,
        "Net Income Common Stockholders": 33271000.0,
        "Net Income": 33271000.0,
        "Net Income Including Noncontrolling Interests": 33271000.0,
        "Net Income Continuous Operations": 33271000.0,
        "Tax Provision": 6469000.0,
        "Pretax Income": 39740000.0,
        "Other Income Expense": -1062000.0,
        "Other Non Operating Income Expenses": -1062000.0,
        "Special Income Charges": 0.0,
        "Other Special Charges": NaN,
        "Write Off": 0.0,
        "Restructuring And Mergern Acquisition": NaN,
        "Net Non Operating Interest Income Expense": 623000.0,
        "Total Other Finance Cost": -623000.0,
        "Interest Expense Non Operating": NaN,
        "Operating Income": 40179000.0,
        "Operating Expense": 112186000.0,
        "Selling General And Administration": 112186000.0,
        "Gross Profit": 152365000.0,
        "Cost Of Revenue": 63142000.0,
        "Total Revenue": 215507000.0,
        "Operating Revenue": 215507000.0
    },
    "2023-12-31": {
        "Tax Effect Of Unusual Items": 0.0,
        "Tax Rate For Calcs": 0.116,
        "Normalized EBITDA": 46337000.0,
        "Total Unusual Items": 0.0,
        "Total Unusual Items Excluding Goodwill": 0.0,
        "Net Income From Continuing Operation Net Minority Interest": 26888000.0,
        "Reconciled Depreciation": 11936000.0,
        "Reconciled Cost Of Revenue": 78986000.0,
        "EBITDA": 46337000.0,
        "EBIT": 34401000.0,
        "Net Interest Income": -3985000.0,
        "Interest Expense": 3985000.0,
        "Normalized Income": 26888000.0,
        "Net Income From Continuing And Discontinued Operation": 26888000.0,
        "Total Expenses": 239107000.0,
        "Total Operating Income As Reported": 31836000.0,
        "Diluted Average Shares": 58030115.0,
        "Basic Average Shares": 55140887.0,
        "Diluted EPS": 0.46,
        "Basic EPS": 0.49,
        "Diluted NI Availto Com Stockholders": 26888000.0,
        "Net Income Common Stockholders": 26888000.0,
        "Net Income": 26888000.0,
        "Net Income Including Noncontrolling Interests": 26888000.0,
        "Net Income Continuous Operations": 26888000.0,
        "Tax Provision": 3528000.0,
        "Pretax Income": 30416000.0,
        "Other Income Expense": 2565000.0,
        "Other Non Operating Income Expenses": 2565000.0,
        "Special Income Charges": 0.0,
        "Other Special Charges": NaN,
        "Write Off": 0.0,
        "Restructuring And Mergern Acquisition": NaN,
        "Net Non Operating Interest Income Expense": -3985000.0,
        "Total Other Finance Cost": NaN,
        "Interest Expense Non Operating": 3985000.0,
        "Operating Income": 31836000.0,
        "Operating Expense": 160121000.0,
        "Selling General And Administration": 160121000.0,
        "Gross Profit": 191957000.0,
        "Cost Of Revenue": 78986000.0,
        "Total Revenue": 270943000.0,
        "Operating Revenue": 270943000.0
    }
}