{
    "2023-03-31": {
        "Tax Effect Of Unusual Items": NaN,
        "Tax Rate For Calcs": NaN,
        "Normalized EBITDA": NaN,
        "Total Unusual Items": NaN,
        "Total Unusual Items Excluding Goodwill": NaN,
        "Net Income From Continuing Operation Net Minority Interest": NaN,
        "Reconciled Depreciation": NaN,
        "Reconciled Cost Of Revenue": NaN,
        "EBITDA": NaN,
        "EBIT": NaN,
        "Net Interest Income": NaN,
        "Interest Expense": NaN,
        "Interest Income": NaN,
        "Normalized Income": NaN,
        "Net Income From Continuing And Discontinued Operation": NaN,
        "Total Expenses": NaN,
        "Total Operating Income As Reported": NaN,
        "Diluted Average Shares": 684302985.0,
        "Basic Average Shares": 684302985.0,
        "Diluted EPS": 0.915662,
        "Basic EPS": 0.915662,
        "Diluted NI Availto Com Stockholders": NaN,
        "Net Income Common Stockholders": NaN,
        "Net Income": NaN,
        "Minority Interests": NaN,
        "Net Income Including Noncontrolling Interests": NaN,
        "Net Income Discontinuous Operations": NaN,
        "Net Income Continuous Operations": NaN,
        "Tax Provision": NaN,
        "Pretax Income": NaN,
        "Other Income Expense": NaN,
        "Special Income Charges": NaN,
        "Other Special Charges": -15979000.0,
        "Earnings From Equity Interest": NaN,
        "Gain On Sale Of Security": NaN,
        "Net Non Operating Interest Income Expense": NaN,
        "Total Other Finance Cost": NaN,
        "Interest Expense Non Operating": NaN,
        "Interest Income Non Operating": NaN,
        "Operating Income": NaN,
        "Operating Expense": NaN,
        "Other Operating Expenses": NaN,
        "Other Taxes": NaN,
        "Depreciation Amortization Depletion Income Statement": NaN,
        "Depreciation And Amortization In Income Statement": NaN,
        "Selling General And Administration": NaN,
        "Selling And Marketing Expense": 12631000.0,
        "General And Administrative Expense": NaN,
        "Other Gand A": 86477000.0,
        "Salaries And Wages": NaN,
        "Gross Profit": NaN,
        "Cost Of Revenue": NaN,
        "Total Revenue": NaN,
        "Operating Revenue": NaN
    },
    "2022-12-31": {
        "Tax Effect Of Unusual Items": NaN,
        "Tax Rate For Calcs": NaN,
        "Normalized EBITDA": NaN,
        "Total Unusual Items": NaN,
        "Total Unusual Items Excluding Goodwill": NaN,
        "Net Income From Continuing Operation Net Minority Interest": NaN,
        "Reconciled Depreciation": NaN,
        "Reconciled Cost Of Revenue": NaN,
        "EBITDA": NaN,
        "EBIT": NaN,
        "Net Interest Income": NaN,
        "Interest Expense": NaN,
        "Interest Income": NaN,
        "Normalized Income": NaN,
        "Net Income From Continuing And Discontinued Operation": NaN,
        "Total Expenses": NaN,
        "Total Operating Income As Reported": NaN,
        "Diluted Average Shares": NaN,
        "Basic Average Shares": NaN,
        "Diluted EPS": NaN,
        "Basic EPS": NaN,
        "Diluted NI Availto Com Stockholders": NaN,
        "Net Income Common Stockholders": NaN,
        "Net Income": NaN,
        "Minority Interests": NaN,
        "Net Income Including Noncontrolling Interests": NaN,
        "Net Income Discontinuous Operations": 0.0,
        "Net Income Continuous Operations": NaN,
        "Tax Provision": NaN,
        "Pretax Income": NaN,
        "Other Income Expense": NaN,
        "Special Income Charges": NaN,
        "Other Special Charges": NaN,
        "Earnings From Equity Interest": NaN,
        "Gain On Sale Of Security": NaN,
        "Net Non Operating Interest Income Expense": NaN,
        "Total Other Finance Cost": NaN,
        "Interest Expense Non Operating": NaN,
        "Interest Income Non Operating": NaN,
        "Operating Income": NaN,
        "Operating Expense": NaN,
        "Other Operating Expenses": 1671088000.0,
        "Other Taxes": NaN,
        "Depreciation Amortization Depletion Income Statement": NaN,
        "Depreciation And Amortization In Income Statement": NaN,
        "Selling General And Administration": NaN,
        "Selling And Marketing Expense": NaN,
        "General And Administrative Expense": NaN,
        "Other Gand A": NaN,
        "Salaries And Wages": NaN,
        "Gross Profit": NaN,
        "Cost Of Revenue": NaN,
        "Total Revenue": NaN,
        "Operating Revenue": NaN
    },
    "2022-09-30": {
        "Tax Effect Of Unusual Items": NaN,
        "Tax Rate For Calcs": NaN,
        "Normalized EBITDA": NaN,
        "Total Unusual Items": NaN,
        "Total Unusual Items Excluding Goodwill": NaN,
        "Net Income From Continuing Operation Net Minority Interest": NaN,
        "Reconciled Depreciation": NaN,
        "Reconciled Cost Of Revenue": NaN,
        "EBITDA": NaN,
        "EBIT": NaN,
        "Net Interest Income": NaN,
        "Interest Expense": NaN,
        "Interest Income": NaN,
        "Normalized Income": NaN,
        "Net Income From Continuing And Discontinued Operation": NaN,
        "Total Expenses": NaN,
        "Total Operating Income As Reported": 575585000.0,
        "Diluted Average Shares": 684302985.0,
        "Basic Average Shares": 684302985.0,
        "Diluted EPS": 0.557955,
        "Basic EPS": 0.557955,
        "Diluted NI Availto Com Stockholders": NaN,
        "Net Income Common Stockholders": NaN,
        "Net Income": NaN,
        "Minority Interests": NaN,
        "Net Income Including Noncontrolling Interests": NaN,
        "Net Income Discontinuous Operations": NaN,
        "Net Income Continuous Operations": NaN,
        "Tax Provision": NaN,
        "Pretax Income": NaN,
        "Other Income Expense": NaN,
        "Special Income Charges": -20024000.0,
        "Other Special Charges": 20024000.0,
        "Earnings From Equity Interest": NaN,
        "Gain On Sale Of Security": NaN,
        "Net Non Operating Interest Income Expense": NaN,
        "Total Other Finance Cost": NaN,
        "Interest Expense Non Operating": NaN,
        "Interest Income Non Operating": NaN,
        "Operating Income": NaN,
        "Operating Expense": NaN,
        "Other Operating Expenses": NaN,
        "Other Taxes": NaN,
        "Depreciation Amortization Depletion Income Statement": NaN,
        "Depreciation And Amortization In Income Statement": NaN,
        "Selling General And Administration": 241377000.0,
        "Selling And Marketing Expense": 38819000.0,
        "General And Administrative Expense": 202558000.0,
        "Other Gand A": 202558000.0,
        "Salaries And Wages": NaN,
        "Gross Profit": NaN,
        "Cost Of Revenue": NaN,
        "Total Revenue": NaN,
        "Operating Revenue": NaN
    },
    "2022-06-30": {
        "Tax Effect Of Unusual Items": -43200.0,
        "Tax Rate For Calcs": 0.4,
        "Normalized EBITDA": -561131000.0,
        "Total Unusual Items": -108000.0,
        "Total Unusual Items Excluding Goodwill": -108000.0,
        "Net Income From Continuing Operation Net Minority Interest": -536523000.0,
        "Reconciled Depreciation": 321494000.0,
        "Reconciled Cost Of Revenue": 4268518000.0,
        "EBITDA": -561239000.0,
        "EBIT": -882733000.0,
        "Net Interest Income": -244032000.0,
        "Interest Expense": 8156000.0,
        "Interest Income": NaN,
        "Normalized Income": -536458200.0,
        "Net Income From Continuing And Discontinued Operation": -536523000.0,
        "Total Expenses": 6113740000.0,
        "Diluted Average Shares": NaN,
        "Basic Average Shares": NaN,
        "Diluted EPS": -0.196011,
        "Basic EPS": -0.196011,
        "Diluted NI Availto Com Stockholders": -536523000.0,
        "Net Income Common Stockholders": -536523000.0,
        "Net Income": -536523000.0,
        "Minority Interests": -14152000.0,
        "Net Income Including Noncontrolling Interests": -522371000.0,
        "Net Income Discontinuous Operations": 0.0,
        "Net Income Continuous Operations": -522371000.0,
        "Tax Provision": -368518000.0,
        "Pretax Income": -890889000.0,
        "Other Income Expense": 208317000.0,
        "Earnings From Equity Interest": 208425000.0,
        "Gain On Sale Of Security": -108000.0,
        "Net Non Operating Interest Income Expense": -244032000.0,
        "Total Other Finance Cost": 235876000.0,
        "Interest Expense Non Operating": 8156000.0,
        "Interest Income Non Operating": NaN,
        "Operating Income": -855174000.0,
        "Operating Expense": 1845222000.0,
        "Other Operating Expenses": 1821933000.0,
        "Other Taxes": 23289000.0,
        "Depreciation Amortization Depletion Income Statement": NaN,
        "Depreciation And Amortization In Income Statement": NaN,
        "Selling General And Administration": NaN,
        "Selling And Marketing Expense": NaN,
        "General And Administrative Expense": NaN,
        "Other Gand A": NaN,
        "Salaries And Wages": NaN,
        "Gross Profit": 990048000.0,
        "Cost Of Revenue": 4268518000.0,
        "Total Revenue": 5258566000.0,
        "Operating Revenue": 4768607000.0
    },
    "2022-03-31": {
        "Diluted EPS": 0.05,
        "Total Revenue": NaN,
        "Gross Profit": 202,
        "Operating Income": 224,
        "EBIT": 288,
        "Net Income": 127
    },
    "2021-12-31": {
        "Diluted EPS": 1.01,
        "Total Revenue": NaN,
        "Gross Profit": 238,
        "Operating Income": 100,
        "EBIT": 154,
        "Net Income": 59
    },
    "2021-09-30": {
        "Diluted EPS": 0.1,
        "Total Revenue": NaN,
        "Gross Profit": 215,
        "Operating Income": 480,
        "EBIT": 533,
        "Net Income": 541
    },
    "2021-06-30": {
        "Diluted EPS": 0.07,
        "Total Revenue": NaN,
        "Gross Profit": 273,
        "Operating Income": 238,
        "EBIT": 290,
        "Net Income": 179
    },
    "2021-03-31": {
        "Diluted EPS": 0.5,
        "Total Revenue": 912,
        "Gross Profit": 176,
        "Operating Income": 191,
        "EBIT": 238,
        "Net Income": 138
    },
    "2020-12-31": {
        "Diluted EPS": 0.42,
        "Total Revenue": NaN,
        "Gross Profit": 328,
        "Operating Income": 182,
        "EBIT": 317,
        "Net Income": 217
    },
    "2020-09-30": {
        "Diluted EPS": 0.23,
        "Total Revenue": 806,
        "Gross Profit": 155,
        "Operating Income": 165,
        "EBIT": 131,
        "Net Income": 125
    },
    "2020-06-30": {
        "Diluted EPS": 0.54,
        "Total Revenue": 870,
        "Gross Profit": 281,
        "Operating Income": 282,
        "EBIT": 322,
        "Net Income": 300
    },
    "2020-03-31": {
        "Diluted EPS": 0.2,
        "Total Revenue": 938,
        "Gross Profit": 261,
        "Operating Income": 196,
        "EBIT": 262,
        "Net Income": 116
    },
    "2019-12-31": {
        "Diluted EPS": 0.21,
        "Total Revenue": NaN,
        "Gross Profit": 502,
        "Operating Income": 164,
        "EBIT": 261,
        "Net Income": 139
    },
    "2019-09-30": {
        "Diluted EPS": 0.26,
        "Total Revenue": NaN,
        "Gross Profit": 230,
        "Operating Income": 239,
        "EBIT": 302,
        "Net Income": 144
    },
    "2019-06-30": {
        "Diluted EPS": 0.16,
        "Total Revenue": 935,
        "Gross Profit": 177,
        "Operating Income": 175,
        "EBIT": 237,
        "Net Income": 89
    },
    "2019-03-31": {
        "Diluted EPS": 0.24,
        "Total Revenue": NaN,
        "Gross Profit": 226,
        "Operating Income": 231,
        "EBIT": 292,
        "Net Income": 132
    },
    "2018-12-31": {
        "Diluted EPS": 0.14,
        "Total Revenue": 956,
        "Gross Profit": 460,
        "Operating Income": 142,
        "EBIT": 214,
        "Net Income": 96
    },
    "2018-09-30": {
        "Diluted EPS": 0.17,
        "Total Revenue": NaN,
        "Gross Profit": 136,
        "Operating Income": 152,
        "EBIT": 191,
        "Net Income": 90
    },
    "2018-06-30": {
        "Diluted EPS": 0.18,
        "Total Revenue": NaN,
        "Gross Profit": 169,
        "Operating Income": 179,
        "EBIT": 227,
        "Net Income": 97
    },
    "2018-03-31": {
        "Diluted EPS": 0.19,
        "Total Revenue": NaN,
        "Gross Profit": 173,
        "Operating Income": 182,
        "EBIT": 237,
        "Net Income": 102
    },
    "2017-12-31": {
        "Diluted EPS": 0.03,
        "Total Revenue": NaN,
        "Gross Profit": 500,
        "Operating Income": 100,
        "EBIT": 168,
        "Net Income": 28
    },
    "2017-09-30": {
        "Diluted EPS": 0.22,
        "Total Revenue": NaN,
        "Gross Profit": 153,
        "Operating Income": 146,
        "EBIT": 205,
        "Net Income": 121
    },
    "2017-06-30": {
        "Diluted EPS": 0.08,
        "Total Revenue": 989,
        "Gross Profit": 148,
        "Operating Income": 163,
        "EBIT": 219,
        "Net Income": 44
    },
    "2017-03-31": {
        "Diluted EPS": 0.24,
        "Total Revenue": NaN,
        "Gross Profit": 251,
        "Operating Income": 262,
        "EBIT": 320,
        "Net Income": 131
    },
    "2016-12-31": {
        "Diluted EPS": -0.03,
        "Total Revenue": NaN,
        "Gross Profit": 315,
        "Operating Income": 29,
        "EBIT": 81,
        "Net Income": -16
    },
    "2016-09-30": {
        "Diluted EPS": -0.05,
        "Total Revenue": 897,
        "Gross Profit": 55,
        "Operating Income": 77,
        "EBIT": 140,
        "Net Income": -27
    },
    "2016-06-30": {
        "Diluted EPS": 0.52,
        "Total Revenue": NaN,
        "Gross Profit": 375,
        "Operating Income": 391,
        "EBIT": 447,
        "Net Income": 284
    },
    "2016-03-31": {
        "Diluted EPS": 0.06,
        "Total Revenue": 790,
        "Gross Profit": 77,
        "Operating Income": 90,
        "EBIT": 135,
        "Net Income": 34
    },
    "2015-12-31": {
        "Diluted EPS": 0.19,
        "Total Revenue": 868,
        "Gross Profit": -275,
        "Operating Income": 259,
        "EBIT": 331,
        "Net Income": 105
    },
    "2015-09-30": {
        "Diluted EPS": 0.05,
        "Total Revenue": 924,
        "Gross Profit": 257,
        "Operating Income": 17,
        "EBIT": 54,
        "Net Income": 25
    },
    "2015-06-30": {
        "Diluted EPS": 0.18,
        "Total Revenue": NaN,
        "Gross Profit": 370,
        "Operating Income": 145,
        "EBIT": 195,
        "Net Income": 90
    },
    "2015-03-31": {
        "Diluted EPS": 0.29,
        "Total Revenue": NaN,
        "Gross Profit": 508,
        "Operating Income": 128,
        "EBIT": 184,
        "Net Income": 143
    },
    "2014-12-31": {
        "Diluted EPS": 0.07,
        "Total Revenue": NaN,
        "Gross Profit": -858,
        "Operating Income": -624,
        "EBIT": -559,
        "Net Income": 73
    },
    "2014-09-30": {
        "Diluted EPS": 0.08,
        "Total Revenue": NaN,
        "Gross Profit": 284,
        "Operating Income": -41,
        "EBIT": 163,
        "Net Income": 85
    },
    "2014-06-30": {
        "Diluted EPS": 0.2,
        "Total Revenue": NaN,
        "Gross Profit": 409,
        "Operating Income": 127,
        "EBIT": 62,
        "Net Income": 93
    },
    "2014-03-31": {
        "Diluted EPS": 0.48,
        "Total Revenue": NaN,
        "Gross Profit": 768,
        "Operating Income": 358,
        "EBIT": 423,
        "Net Income": 242
    },
    "2013-12-31": {
        "Diluted EPS": 0.14,
        "Total Revenue": NaN,
        "Gross Profit": 239,
        "Operating Income": -28,
        "EBIT": 60,
        "Net Income": 76
    },
    "2013-09-30": {
        "Diluted EPS": 0.22,
        "Total Revenue": 973,
        "Gross Profit": 407,
        "Operating Income": 113,
        "EBIT": 164,
        "Net Income": 118
    },
    "2013-06-30": {
        "Diluted EPS": 0.2,
        "Total Revenue": 907,
        "Gross Profit": 384,
        "Operating Income": 23,
        "EBIT": 91,
        "Net Income": 104
    },
    "2013-03-31": {
        "Diluted EPS": 0.36,
        "Total Revenue": NaN,
        "Gross Profit": 635,
        "Operating Income": 232,
        "EBIT": 305,
        "Net Income": 197
    },
    "2012-12-31": {
        "Diluted EPS": -0.09,
        "Total Revenue": NaN,
        "Gross Profit": -237,
        "Operating Income": 157,
        "EBIT": 237,
        "Net Income": -52
    },
    "2012-09-30": {
        "Diluted EPS": 0.29,
        "Total Revenue": 993,
        "Gross Profit": 461,
        "Operating Income": 148,
        "EBIT": 210,
        "Net Income": 152
    },
    "2012-06-30": {
        "Diluted EPS": 0.17,
        "Total Revenue": NaN,
        "Gross Profit": 458,
        "Operating Income": 125,
        "EBIT": 186,
        "Net Income": 91
    },
    "2012-03-31": {
        "Diluted EPS": 0.3,
        "Total Revenue": NaN,
        "Gross Profit": 446,
        "Operating Income": 123,
        "EBIT": 203,
        "Net Income": 158
    },
    "2011-12-31": {
        "Diluted EPS": 0.23,
        "Total Revenue": NaN,
        "Gross Profit": 594,
        "Operating Income": -58,
        "EBIT": 22,
        "Net Income": 101
    },
    "2011-09-30": {
        "Diluted EPS": 0.39,
        "Total Revenue": NaN,
        "Gross Profit": 570,
        "Operating Income": 306,
        "EBIT": 389,
        "Net Income": 211
    },
    "2011-06-30": {
        "Diluted EPS": 0.29,
        "Total Revenue": NaN,
        "Gross Profit": 485,
        "Operating Income": 221,
        "EBIT": 310,
        "Net Income": 159
    },
    "2011-03-31": {
        "Diluted EPS": 0.44,
        "Total Revenue": NaN,
        "Gross Profit": 561,
        "Operating Income": 319,
        "EBIT": 400,
        "Net Income": 234
    },
    "2010-12-31": {
        "Diluted EPS": 0.29,
        "Total Revenue": NaN,
        "Gross Profit": 562,
        "Operating Income": -74,
        "EBIT": 61,
        "Net Income": 89
    },
    "2010-09-30": {
        "Diluted EPS": 0.34,
        "Total Revenue": NaN,
        "Gross Profit": NaN,
        "Operating Income": 783,
        "EBIT": 844,
        "Net Income": 181
    },
    "2010-06-30": {
        "Diluted EPS": 0.37,
        "Total Revenue": NaN,
        "Gross Profit": NaN,
        "Operating Income": 932,
        "EBIT": 989,
        "Net Income": 204
    },
    "2010-03-31": {
        "Diluted EPS": 0.23,
        "Total Revenue": 842,
        "Gross Profit": 384,
        "Operating Income": 133,
        "EBIT": 188,
        "Net Income": 126
    },
    "2009-12-31": {
        "Diluted EPS": 0.18,
        "Total Revenue": 821,
        "Gross Profit": 722,
        "Operating Income": 490,
        "EBIT": 531,
        "Net Income": 99
    },
    "2009-09-30": {
        "Diluted EPS": 0.3,
        "Total Revenue": 762,
        "Gross Profit": 398,
        "Operating Income": 177,
        "EBIT": 241,
        "Net Income": 163
    },
    "2009-06-30": {
        "Diluted EPS": 0.29,
        "Total Revenue": 741,
        "Gross Profit": 446,
        "Operating Income": -114,
        "EBIT": -64,
        "Net Income": 158
    },
    "2009-03-31": {
        "Diluted EPS": 0.24,
        "Total Revenue": 651,
        "Gross Profit": 440,
        "Operating Income": 251,
        "EBIT": 294,
        "Net Income": 130
    },
    "2023-06-30": {
        "Tax Effect Of Unusual Items": -99219775.700542,
        "Tax Rate For Calcs": 0.273313,
        "Normalized EBITDA": 1352779000.0,
        "Total Unusual Items": -363026000.0,
        "Total Unusual Items Excluding Goodwill": -363026000.0,
        "Net Income From Continuing Operation Net Minority Interest": 459661000.0,
        "Reconciled Depreciation": 326805000.0,
        "Reconciled Cost Of Revenue": 3193808000.0,
        "EBITDA": 989753000.0,
        "EBIT": 641713000.0,
        "Net Interest Income": 163868000.0,
        "Interest Expense": 23049000.0,
        "Interest Income": 28536000.0,
        "Normalized Income": 723467224.299458,
        "Net Income From Continuing And Discontinued Operation": 317792000.0,
        "Total Expenses": 4355147000.0,
        "Total Operating Income As Reported": NaN,
        "Diluted Average Shares": 684302985.0,
        "Basic Average Shares": 684302985.0,
        "Diluted EPS": 0.464402,
        "Basic EPS": 0.464402,
        "Diluted NI Availto Com Stockholders": 317792000.0,
        "Net Income Common Stockholders": 317792000.0,
        "Net Income": 317792000.0,
        "Minority Interests": 10086000.0,
        "Net Income Including Noncontrolling Interests": 307706000.0,
        "Net Income Discontinuous Operations": -141869000.0,
        "Net Income Continuous Operations": 449575000.0,
        "Tax Provision": 169089000.0,
        "Pretax Income": 618664000.0,
        "Other Income Expense": -290281000.0,
        "Special Income Charges": 0.0,
        "Other Special Charges": NaN,
        "Earnings From Equity Interest": 72745000.0,
        "Gain On Sale Of Security": -363026000.0,
        "Net Non Operating Interest Income Expense": 163868000.0,
        "Total Other Finance Cost": -158381000.0,
        "Interest Expense Non Operating": 23049000.0,
        "Interest Income Non Operating": 28536000.0,
        "Operating Income": 745077000.0,
        "Operating Expense": 1182574000.0,
        "Other Operating Expenses": 466798000.0,
        "Other Taxes": 12271000.0,
        "Depreciation Amortization Depletion Income Statement": 348040000.0,
        "Depreciation And Amortization In Income Statement": 348040000.0,
        "Selling General And Administration": 355465000.0,
        "Selling And Marketing Expense": NaN,
        "General And Administrative Expense": 355465000.0,
        "Other Gand A": NaN,
        "Salaries And Wages": 355465000.0,
        "Gross Profit": 1927651000.0,
        "Cost Of Revenue": 3172573000.0,
        "Total Revenue": 5100224000.0,
        "Operating Revenue": 4623376000.0
    },
    "2023-09-30": {
        "Tax Effect Of Unusual Items": -5760620.0,
        "Tax Rate For Calcs": 0.34,
        "Normalized EBITDA": 515807000.0,
        "Total Unusual Items": -16943000.0,
        "Total Unusual Items Excluding Goodwill": -16943000.0,
        "Net Income From Continuing Operation Net Minority Interest": 431142000.0,
        "Reconciled Depreciation": 347777000.0,
        "Reconciled Cost Of Revenue": 4246901000.0,
        "EBITDA": 498864000.0,
        "EBIT": 151087000.0,
        "Net Interest Income": -209966000.0,
        "Interest Expense": 22348000.0,
        "Interest Income": 30536000.0,
        "Normalized Income": 442324380.0,
        "Net Income From Continuing And Discontinued Operation": 441894000.0,
        "Total Expenses": 5256183000.0,
        "Total Operating Income As Reported": 128739000.0,
        "Diluted Average Shares": 745749280.0,
        "Basic Average Shares": 745749280.0,
        "Diluted EPS": 0.59255,
        "Basic EPS": 0.59255,
        "Diluted NI Availto Com Stockholders": 441894000.0,
        "Net Income Common Stockholders": 441894000.0,
        "Net Income": 441894000.0,
        "Minority Interests": -5758000.0,
        "Net Income Including Noncontrolling Interests": 441163000.0,
        "Net Income Discontinuous Operations": 10752000.0,
        "Net Income Continuous Operations": 436900000.0,
        "Tax Provision": -308161000.0,
        "Pretax Income": 128739000.0,
        "Other Income Expense": 50899000.0,
        "Special Income Charges": 21659000.0,
        "Other Special Charges": -21659000.0,
        "Earnings From Equity Interest": 67842000.0,
        "Gain On Sale Of Security": -38602000.0,
        "Net Non Operating Interest Income Expense": -209966000.0,
        "Total Other Finance Cost": 218154000.0,
        "Interest Expense Non Operating": 22348000.0,
        "Interest Income Non Operating": 30536000.0,
        "Operating Income": 287806000.0,
        "Operating Expense": 676479000.0,
        "Other Operating Expenses": 179692000.0,
        "Other Taxes": 69496000.0,
        "Depreciation Amortization Depletion Income Statement": 14974000.0,
        "Depreciation And Amortization In Income Statement": 14974000.0,
        "Selling General And Administration": 412317000.0,
        "Selling And Marketing Expense": 9604000.0,
        "General And Administrative Expense": 402713000.0,
        "Other Gand A": 104918000.0,
        "Salaries And Wages": 297795000.0,
        "Gross Profit": 964285000.0,
        "Cost Of Revenue": 4579704000.0,
        "Total Revenue": 5543989000.0,
        "Operating Revenue": 5423257000.0
    },
    "2023-12-31": {
        "Tax Effect Of Unusual Items": -501280521.951275,
        "Tax Rate For Calcs": 0.296575,
        "Normalized EBITDA": 2946529000.0,
        "Total Unusual Items": -1690231000.0,
        "Total Unusual Items Excluding Goodwill": -1690231000.0,
        "Net Income From Continuing Operation Net Minority Interest": 555256000.0,
        "Reconciled Depreciation": 354808000.0,
        "Reconciled Cost Of Revenue": 3856924000.0,
        "EBITDA": 1256298000.0,
        "EBIT": 901490000.0,
        "Net Interest Income": 1488654000.0,
        "Interest Expense": 21450000.0,
        "Interest Income": -2428000.0,
        "Normalized Income": 1744206478.048725,
        "Net Income From Continuing And Discontinued Operation": 737994000.0,
        "Total Expenses": 4549215000.0,
        "Total Operating Income As Reported": NaN,
        "Diluted Average Shares": NaN,
        "Basic Average Shares": NaN,
        "Diluted EPS": NaN,
        "Basic EPS": NaN,
        "Diluted NI Availto Com Stockholders": 737994000.0,
        "Net Income Common Stockholders": 737994000.0,
        "Net Income": 737994000.0,
        "Minority Interests": -63786000.0,
        "Net Income Including Noncontrolling Interests": 942809000.0,
        "Net Income Discontinuous Operations": 182738000.0,
        "Net Income Continuous Operations": 619042000.0,
        "Tax Provision": 260998000.0,
        "Pretax Income": 880040000.0,
        "Other Income Expense": -1627097000.0,
        "Special Income Charges": -28127000.0,
        "Other Special Charges": 28127000.0,
        "Earnings From Equity Interest": 63134000.0,
        "Gain On Sale Of Security": -1662104000.0,
        "Net Non Operating Interest Income Expense": 1488654000.0,
        "Total Other Finance Cost": -1512532000.0,
        "Interest Expense Non Operating": 21450000.0,
        "Interest Income Non Operating": -2428000.0,
        "Operating Income": 1018483000.0,
        "Operating Expense": 395502000.0,
        "Other Operating Expenses": 53057000.0,
        "Other Taxes": 72011000.0,
        "Depreciation Amortization Depletion Income Statement": 58019000.0,
        "Depreciation And Amortization In Income Statement": 58019000.0,
        "Selling General And Administration": 212415000.0,
        "Selling And Marketing Expense": 9531000.0,
        "General And Administrative Expense": 202884000.0,
        "Other Gand A": 77735000.0,
        "Salaries And Wages": 125149000.0,
        "Gross Profit": 1413985000.0,
        "Cost Of Revenue": 4153713000.0,
        "Total Revenue": 5567698000.0,
        "Operating Revenue": 12376753000.0
    },
    "2024-03-31": {
        "Tax Effect Of Unusual Items": -85513336.973459,
        "Tax Rate For Calcs": 0.306064,
        "Normalized EBITDA": 1430811000.0,
        "Total Unusual Items": -279397000.0,
        "Total Unusual Items Excluding Goodwill": -279397000.0,
        "Net Income From Continuing Operation Net Minority Interest": 530030000.0,
        "Reconciled Depreciation": 364628000.0,
        "Reconciled Cost Of Revenue": 3405953000.0,
        "EBITDA": 1151414000.0,
        "EBIT": 786786000.0,
        "Net Interest Income": 27517000.0,
        "Interest Expense": 19871000.0,
        "Interest Income": 10108000.0,
        "Normalized Income": 723913663.026541,
        "Net Income From Continuing And Discontinued Operation": 531383000.0,
        "Total Expenses": 4479846000.0,
        "Total Operating Income As Reported": NaN,
        "Diluted Average Shares": 745702648.0,
        "Basic Average Shares": 745702648.0,
        "Diluted EPS": 0.712594,
        "Basic EPS": 0.712594,
        "Diluted NI Availto Com Stockholders": 531383000.0,
        "Net Income Common Stockholders": 531383000.0,
        "Net Income": 531383000.0,
        "Minority Interests": -2160000.0,
        "Net Income Including Noncontrolling Interests": 533543000.0,
        "Net Income Discontinuous Operations": 1353000.0,
        "Net Income Continuous Operations": 532190000.0,
        "Tax Provision": 234725000.0,
        "Pretax Income": 766915000.0,
        "Other Income Expense": -197754000.0,
        "Special Income Charges": -7559000.0,
        "Other Special Charges": 7559000.0,
        "Earnings From Equity Interest": 81643000.0,
        "Gain On Sale Of Security": -271838000.0,
        "Net Non Operating Interest Income Expense": 27517000.0,
        "Total Other Finance Cost": -37280000.0,
        "Interest Expense Non Operating": 19871000.0,
        "Interest Income Non Operating": 10108000.0,
        "Operating Income": 937152000.0,
        "Operating Expense": 1073893000.0,
        "Other Operating Expenses": 331106000.0,
        "Other Taxes": 15310000.0,
        "Depreciation Amortization Depletion Income Statement": 364628000.0,
        "Depreciation And Amortization In Income Statement": 364628000.0,
        "Selling General And Administration": 362849000.0,
        "Selling And Marketing Expense": NaN,
        "General And Administrative Expense": 362849000.0,
        "Other Gand A": NaN,
        "Salaries And Wages": 362849000.0,
        "Gross Profit": 2011045000.0,
        "Cost Of Revenue": 3405953000.0,
        "Total Revenue": 5416998000.0,
        "Operating Revenue": 5324626000.0
    },
    "2024-06-30": {
        "Tax Effect Of Unusual Items": -88316171.666586,
        "Tax Rate For Calcs": 0.296835,
        "Normalized EBITDA": 1332712000.0,
        "Total Unusual Items": -297526000.0,
        "Total Unusual Items Excluding Goodwill": -297526000.0,
        "Net Income From Continuing Operation Net Minority Interest": 461573000.0,
        "Reconciled Depreciation": 356155000.0,
        "Reconciled Cost Of Revenue": 3467634000.0,
        "EBITDA": 1035186000.0,
        "EBIT": 679031000.0,
        "Net Interest Income": 45279000.0,
        "Interest Expense": 20487000.0,
        "Interest Income": 15424000.0,
        "Normalized Income": 670782828.333414,
        "Net Income From Continuing And Discontinued Operation": 472082000.0,
        "Total Expenses": 4649020000.0,
        "Total Operating Income As Reported": NaN,
        "Diluted Average Shares": 745702648.0,
        "Basic Average Shares": 745702648.0,
        "Diluted EPS": 0.63307,
        "Basic EPS": 0.63307,
        "Diluted NI Availto Com Stockholders": 472082000.0,
        "Net Income Common Stockholders": 472082000.0,
        "Net Income": 472082000.0,
        "Minority Interests": -1492000.0,
        "Net Income Including Noncontrolling Interests": 473574000.0,
        "Net Income Discontinuous Operations": 10509000.0,
        "Net Income Continuous Operations": 463065000.0,
        "Tax Provision": 195479000.0,
        "Pretax Income": 658544000.0,
        "Other Income Expense": -216981000.0,
        "Special Income Charges": -14620000.0,
        "Other Special Charges": 14620000.0,
        "Earnings From Equity Interest": 80545000.0,
        "Gain On Sale Of Security": -282906000.0,
        "Net Non Operating Interest Income Expense": 45279000.0,
        "Total Other Finance Cost": -50342000.0,
        "Interest Expense Non Operating": 20487000.0,
        "Interest Income Non Operating": 15424000.0,
        "Operating Income": 830246000.0,
        "Operating Expense": 1181386000.0,
        "Other Operating Expenses": 439994000.0,
        "Other Taxes": 33693000.0,
        "Depreciation Amortization Depletion Income Statement": 356155000.0,
        "Depreciation And Amortization In Income Statement": 356155000.0,
        "Selling General And Administration": 351544000.0,
        "Selling And Marketing Expense": NaN,
        "General And Administrative Expense": 351544000.0,
        "Other Gand A": NaN,
        "Salaries And Wages": 351544000.0,
        "Gross Profit": 2011632000.0,
        "Cost Of Revenue": 3467634000.0,
        "Total Revenue": 5479266000.0,
        "Operating Revenue": 5148325000.0
    }
}