{
    "2023-03-31": {
        "Tax Effect Of Unusual Items": 0.0,
        "Tax Rate For Calcs": 0.21,
        "Normalized EBITDA": 59300000.0,
        "Net Income From Continuing Operation Net Minority Interest": 14000000.0,
        "Reconciled Depreciation": 8000000.0,
        "Reconciled Cost Of Revenue": 87300000.0,
        "EBITDA": 59300000.0,
        "EBIT": 51300000.0,
        "Net Interest Income": -26800000.0,
        "Interest Expense": 26800000.0,
        "Normalized Income": 14000000.0,
        "Net Income From Continuing And Discontinued Operation": 14000000.0,
        "Total Expenses": 221500000.0,
        "Total Operating Income As Reported": 55600000.0,
        "Diluted Average Shares": 57513000.0,
        "Basic Average Shares": 57260000.0,
        "Diluted EPS": 0.24,
        "Basic EPS": 0.24,
        "Diluted NI Availto Com Stockholders": 14000000.0,
        "Net Income Common Stockholders": 14000000.0,
        "Net Income": 14000000.0,
        "Net Income Including Noncontrolling Interests": 14000000.0,
        "Net Income Continuous Operations": 14000000.0,
        "Tax Provision": 10500000.0,
        "Pretax Income": 24500000.0,
        "Other Income Expense": -4300000.0,
        "Other Non Operating Income Expenses": -4300000.0,
        "Net Non Operating Interest Income Expense": -26800000.0,
        "Interest Expense Non Operating": 26800000.0,
        "Operating Income": 55600000.0,
        "Operating Expense": 134200000.0,
        "Other Operating Expenses": 26900000.0,
        "Research And Development": 22100000.0,
        "Selling General And Administration": 85200000.0,
        "Selling And Marketing Expense": NaN,
        "General And Administrative Expense": NaN,
        "Salaries And Wages": NaN,
        "Gross Profit": 189800000.0,
        "Cost Of Revenue": 87300000.0,
        "Total Revenue": 277100000.0,
        "Operating Revenue": 277100000.0
    },
    "2022-12-31": {
        "Tax Effect Of Unusual Items": 0.0,
        "Tax Rate For Calcs": 0.373,
        "Normalized EBITDA": 88900000.0,
        "Net Income From Continuing Operation Net Minority Interest": 35200000.0,
        "Reconciled Depreciation": 7200000.0,
        "Reconciled Cost Of Revenue": 86900000.0,
        "EBITDA": 88900000.0,
        "EBIT": 81700000.0,
        "Net Interest Income": -25600000.0,
        "Interest Expense": 25600000.0,
        "Normalized Income": 35200000.0,
        "Net Income From Continuing And Discontinued Operation": 35200000.0,
        "Total Expenses": 186900000.0,
        "Total Operating Income As Reported": 88800000.0,
        "Diluted Average Shares": 57484000.0,
        "Basic Average Shares": 57113000.0,
        "Diluted EPS": 0.61,
        "Basic EPS": 0.62,
        "Diluted NI Availto Com Stockholders": 35200000.0,
        "Net Income Common Stockholders": 35200000.0,
        "Net Income": 35200000.0,
        "Net Income Including Noncontrolling Interests": 35200000.0,
        "Net Income Continuous Operations": 35200000.0,
        "Tax Provision": 20900000.0,
        "Pretax Income": 56100000.0,
        "Other Income Expense": -7100000.0,
        "Other Non Operating Income Expenses": -7100000.0,
        "Net Non Operating Interest Income Expense": -25600000.0,
        "Interest Expense Non Operating": 25600000.0,
        "Operating Income": 88800000.0,
        "Operating Expense": 100000000.0,
        "Other Operating Expenses": 10300000.0,
        "Research And Development": 16900000.0,
        "Selling General And Administration": 72800000.0,
        "Selling And Marketing Expense": NaN,
        "General And Administrative Expense": NaN,
        "Salaries And Wages": NaN,
        "Gross Profit": 188800000.0,
        "Cost Of Revenue": 86900000.0,
        "Total Revenue": 275700000.0,
        "Operating Revenue": 275700000.0
    },
    "2022-09-30": {
        "Tax Effect Of Unusual Items": -22060727.272727,
        "Tax Rate For Calcs": 0.374545,
        "Normalized EBITDA": 53200000.0,
        "Total Unusual Items": -58900000.0,
        "Total Unusual Items Excluding Goodwill": -58900000.0,
        "Net Income From Continuing Operation Net Minority Interest": -17200000.0,
        "Reconciled Depreciation": 7500000.0,
        "Reconciled Cost Of Revenue": 97700000.0,
        "EBITDA": -5700000.0,
        "EBIT": -5700000.0,
        "Net Interest Income": -21800000.0,
        "Interest Expense": 21800000.0,
        "Normalized Income": 19639272.727273,
        "Net Income From Continuing And Discontinued Operation": -17200000.0,
        "Total Expenses": 218700000.0,
        "Total Operating Income As Reported": -3000000.0,
        "Diluted Average Shares": 57333333.0,
        "Basic Average Shares": 57333333.0,
        "Diluted EPS": -0.3,
        "Basic EPS": -0.3,
        "Diluted NI Availto Com Stockholders": -17200000.0,
        "Net Income Common Stockholders": -17200000.0,
        "Net Income": -17200000.0,
        "Net Income Including Noncontrolling Interests": -17200000.0,
        "Net Income Continuous Operations": -17200000.0,
        "Tax Provision": -10300000.0,
        "Pretax Income": -27500000.0,
        "Other Income Expense": -61600000.0,
        "Other Non Operating Income Expenses": -2700000.0,
        "Special Income Charges": -58900000.0,
        "Impairment Of Capital Assets": 58900000.0,
        "Net Non Operating Interest Income Expense": -21800000.0,
        "Interest Expense Non Operating": 21800000.0,
        "Operating Income": 55900000.0,
        "Operating Expense": 121000000.0,
        "Other Operating Expenses": 21200000.0,
        "Research And Development": 17900000.0,
        "Selling General And Administration": 81900000.0,
        "Selling And Marketing Expense": NaN,
        "General And Administrative Expense": NaN,
        "Salaries And Wages": NaN,
        "Gross Profit": 176900000.0,
        "Cost Of Revenue": 97700000.0,
        "Total Revenue": 274600000.0,
        "Operating Revenue": 274600000.0
    },
    "2022-06-30": {
        "Tax Effect Of Unusual Items": 0.0,
        "Tax Rate For Calcs": 0.152,
        "Normalized EBITDA": 102200000.0,
        "Total Unusual Items": NaN,
        "Total Unusual Items Excluding Goodwill": NaN,
        "Net Income From Continuing Operation Net Minority Interest": 62400000.0,
        "Reconciled Depreciation": 9100000.0,
        "Reconciled Cost Of Revenue": 88200000.0,
        "EBITDA": 102200000.0,
        "EBIT": 93100000.0,
        "Net Interest Income": -19500000.0,
        "Interest Expense": 19500000.0,
        "Normalized Income": 62400000.0,
        "Net Income From Continuing And Discontinued Operation": 62400000.0,
        "Total Expenses": 194000000.0,
        "Total Operating Income As Reported": 97100000.0,
        "Diluted Average Shares": 58207000.0,
        "Basic Average Shares": 57802000.0,
        "Diluted EPS": 1.07,
        "Basic EPS": 1.08,
        "Diluted NI Availto Com Stockholders": 62400000.0,
        "Net Income Common Stockholders": 62400000.0,
        "Net Income": 62400000.0,
        "Net Income Including Noncontrolling Interests": 62400000.0,
        "Net Income Continuous Operations": 62400000.0,
        "Tax Provision": 11200000.0,
        "Pretax Income": 73600000.0,
        "Other Income Expense": -4000000.0,
        "Other Non Operating Income Expenses": -4000000.0,
        "Special Income Charges": NaN,
        "Impairment Of Capital Assets": NaN,
        "Net Non Operating Interest Income Expense": -19500000.0,
        "Interest Expense Non Operating": 19500000.0,
        "Operating Income": 97100000.0,
        "Operating Expense": 105800000.0,
        "Other Operating Expenses": 7700000.0,
        "Research And Development": 14300000.0,
        "Selling General And Administration": 83800000.0,
        "Selling And Marketing Expense": NaN,
        "General And Administrative Expense": NaN,
        "Salaries And Wages": NaN,
        "Gross Profit": 202900000.0,
        "Cost Of Revenue": 88200000.0,
        "Total Revenue": 291100000.0,
        "Operating Revenue": 291100000.0
    },
    "2022-03-31": {
        "Diluted EPS": 1.38,
        "Total Revenue": 275,
        "Gross Profit": 191,
        "Operating Income": 99,
        "EBIT": 106,
        "Net Income": 80
    },
    "2021-12-31": {
        "Diluted EPS": 1.73,
        "Total Revenue": 289,
        "Gross Profit": 204,
        "Operating Income": 117,
        "EBIT": 125,
        "Net Income": 99
    },
    "2021-09-30": {
        "Diluted EPS": 3.6,
        "Total Revenue": 301,
        "Gross Profit": 210,
        "Operating Income": 117,
        "EBIT": 126,
        "Net Income": 97
    },
    "2021-06-30": {
        "Diluted EPS": 1.81,
        "Total Revenue": 295,
        "Gross Profit": 203,
        "Operating Income": 124,
        "EBIT": 134,
        "Net Income": 105
    },
    "2021-03-31": {
        "Diluted EPS": 1.87,
        "Total Revenue": 284,
        "Gross Profit": 196,
        "Operating Income": 126,
        "EBIT": 137,
        "Net Income": 108
    },
    "2020-12-31": {
        "Diluted EPS": 0.0,
        "Total Revenue": 285,
        "Gross Profit": 191,
        "Operating Income": 124,
        "EBIT": 133,
        "Net Income": 105
    },
    "2020-09-30": {
        "Diluted EPS": 0.0,
        "Total Revenue": NaN,
        "Gross Profit": NaN,
        "Operating Income": NaN,
        "EBIT": NaN,
        "Net Income": NaN
    },
    "2023-06-30": {
        "Tax Effect Of Unusual Items": NaN,
        "Tax Rate For Calcs": NaN,
        "Normalized EBITDA": NaN,
        "Total Unusual Items": NaN,
        "Total Unusual Items Excluding Goodwill": NaN,
        "Net Income From Continuing Operation Net Minority Interest": NaN,
        "Reconciled Depreciation": NaN,
        "Reconciled Cost Of Revenue": NaN,
        "EBITDA": NaN,
        "EBIT": NaN,
        "Net Interest Income": NaN,
        "Interest Expense": NaN,
        "Normalized Income": NaN,
        "Net Income From Continuing And Discontinued Operation": NaN,
        "Total Expenses": NaN,
        "Total Operating Income As Reported": NaN,
        "Diluted Average Shares": NaN,
        "Basic Average Shares": NaN,
        "Diluted EPS": NaN,
        "Basic EPS": NaN,
        "Diluted NI Availto Com Stockholders": NaN,
        "Net Income Common Stockholders": NaN,
        "Net Income": NaN,
        "Net Income Including Noncontrolling Interests": NaN,
        "Net Income Continuous Operations": NaN,
        "Tax Provision": NaN,
        "Pretax Income": NaN,
        "Other Income Expense": NaN,
        "Other Non Operating Income Expenses": NaN,
        "Special Income Charges": NaN,
        "Restructuring And Mergern Acquisition": NaN,
        "Net Non Operating Interest Income Expense": NaN,
        "Interest Expense Non Operating": NaN,
        "Operating Income": NaN,
        "Operating Expense": NaN,
        "Other Operating Expenses": NaN,
        "Depreciation Amortization Depletion Income Statement": NaN,
        "Depreciation And Amortization In Income Statement": NaN,
        "Amortization": NaN,
        "Amortization Of Intangibles Income Statement": NaN,
        "Research And Development": NaN,
        "Selling General And Administration": NaN,
        "Selling And Marketing Expense": 83000000.0,
        "General And Administrative Expense": 4600000.0,
        "Salaries And Wages": 4600000.0,
        "Gross Profit": NaN,
        "Cost Of Revenue": NaN,
        "Total Revenue": NaN,
        "Operating Revenue": NaN
    },
    "2023-09-30": {
        "Tax Effect Of Unusual Items": NaN,
        "Tax Rate For Calcs": NaN,
        "Normalized EBITDA": NaN,
        "Total Unusual Items": NaN,
        "Total Unusual Items Excluding Goodwill": NaN,
        "Net Income From Continuing Operation Net Minority Interest": NaN,
        "Reconciled Depreciation": NaN,
        "Reconciled Cost Of Revenue": NaN,
        "EBITDA": NaN,
        "EBIT": NaN,
        "Net Interest Income": NaN,
        "Interest Expense": NaN,
        "Normalized Income": NaN,
        "Net Income From Continuing And Discontinued Operation": NaN,
        "Total Expenses": NaN,
        "Total Operating Income As Reported": NaN,
        "Diluted Average Shares": 60000000.0,
        "Basic Average Shares": 60000000.0,
        "Diluted EPS": 0.1,
        "Basic EPS": 0.1,
        "Diluted NI Availto Com Stockholders": NaN,
        "Net Income Common Stockholders": NaN,
        "Net Income": NaN,
        "Net Income Including Noncontrolling Interests": NaN,
        "Net Income Continuous Operations": NaN,
        "Tax Provision": NaN,
        "Pretax Income": NaN,
        "Other Income Expense": NaN,
        "Other Non Operating Income Expenses": NaN,
        "Special Income Charges": NaN,
        "Restructuring And Mergern Acquisition": NaN,
        "Net Non Operating Interest Income Expense": NaN,
        "Interest Expense Non Operating": NaN,
        "Operating Income": NaN,
        "Operating Expense": NaN,
        "Other Operating Expenses": 34200000.0,
        "Depreciation Amortization Depletion Income Statement": NaN,
        "Depreciation And Amortization In Income Statement": NaN,
        "Amortization": NaN,
        "Amortization Of Intangibles Income Statement": NaN,
        "Research And Development": NaN,
        "Selling General And Administration": NaN,
        "Selling And Marketing Expense": NaN,
        "General And Administrative Expense": NaN,
        "Salaries And Wages": NaN,
        "Gross Profit": NaN,
        "Cost Of Revenue": NaN,
        "Total Revenue": NaN,
        "Operating Revenue": NaN
    },
    "2023-12-31": {
        "Tax Effect Of Unusual Items": -5943000.0,
        "Tax Rate For Calcs": 0.21,
        "Normalized EBITDA": 79500000.0,
        "Total Unusual Items": -28300000.0,
        "Total Unusual Items Excluding Goodwill": -28300000.0,
        "Net Income From Continuing Operation Net Minority Interest": 20100000.0,
        "Reconciled Depreciation": 9200000.0,
        "Reconciled Cost Of Revenue": 82600000.0,
        "EBITDA": 51200000.0,
        "EBIT": 42000000.0,
        "Net Interest Income": -27700000.0,
        "Interest Expense": 27700000.0,
        "Normalized Income": 42457000.0,
        "Net Income From Continuing And Discontinued Operation": 20100000.0,
        "Total Expenses": 203500000.0,
        "Total Operating Income As Reported": 45500000.0,
        "Diluted Average Shares": 57632000.0,
        "Basic Average Shares": 57486000.0,
        "Diluted EPS": 0.35,
        "Basic EPS": 0.35,
        "Diluted NI Availto Com Stockholders": 20100000.0,
        "Net Income Common Stockholders": 20100000.0,
        "Net Income": 20100000.0,
        "Net Income Including Noncontrolling Interests": 20100000.0,
        "Net Income Continuous Operations": 20100000.0,
        "Tax Provision": -5800000.0,
        "Pretax Income": 14300000.0,
        "Other Income Expense": -31800000.0,
        "Other Non Operating Income Expenses": -3500000.0,
        "Special Income Charges": -28300000.0,
        "Restructuring And Mergern Acquisition": 28300000.0,
        "Net Non Operating Interest Income Expense": -27700000.0,
        "Interest Expense Non Operating": 27700000.0,
        "Operating Income": 73800000.0,
        "Operating Expense": 112100000.0,
        "Other Operating Expenses": 1200000.0,
        "Depreciation Amortization Depletion Income Statement": 400000.0,
        "Depreciation And Amortization In Income Statement": 400000.0,
        "Amortization": 400000.0,
        "Amortization Of Intangibles Income Statement": 400000.0,
        "Research And Development": 20200000.0,
        "Selling General And Administration": 90300000.0,
        "Selling And Marketing Expense": NaN,
        "General And Administrative Expense": NaN,
        "Salaries And Wages": NaN,
        "Gross Profit": 185900000.0,
        "Cost Of Revenue": 91400000.0,
        "Total Revenue": 277300000.0,
        "Operating Revenue": 277300000.0
    },
    "2024-03-31": {
        "Tax Effect Of Unusual Items": 0.0,
        "Tax Rate For Calcs": 0.21,
        "Normalized EBITDA": 47900000.0,
        "Total Unusual Items": NaN,
        "Total Unusual Items Excluding Goodwill": NaN,
        "Net Income From Continuing Operation Net Minority Interest": 28900000.0,
        "Reconciled Depreciation": 10200000.0,
        "Reconciled Cost Of Revenue": 101800000.0,
        "EBITDA": 47900000.0,
        "EBIT": 37700000.0,
        "Net Interest Income": -27800000.0,
        "Interest Expense": 27800000.0,
        "Normalized Income": 28900000.0,
        "Net Income From Continuing And Discontinued Operation": 28900000.0,
        "Total Expenses": 248000000.0,
        "Total Operating Income As Reported": 39200000.0,
        "Diluted Average Shares": 57807000.0,
        "Basic Average Shares": 57687000.0,
        "Diluted EPS": 0.5,
        "Basic EPS": 0.5,
        "Diluted NI Availto Com Stockholders": 28900000.0,
        "Net Income Common Stockholders": 28900000.0,
        "Net Income": 28900000.0,
        "Net Income Including Noncontrolling Interests": 28900000.0,
        "Net Income Continuous Operations": 28900000.0,
        "Tax Provision": -19000000.0,
        "Pretax Income": 9900000.0,
        "Other Income Expense": -1500000.0,
        "Other Non Operating Income Expenses": -1500000.0,
        "Special Income Charges": NaN,
        "Restructuring And Mergern Acquisition": NaN,
        "Net Non Operating Interest Income Expense": -27800000.0,
        "Interest Expense Non Operating": 27800000.0,
        "Operating Income": 39200000.0,
        "Operating Expense": 146200000.0,
        "Other Operating Expenses": 35500000.0,
        "Depreciation Amortization Depletion Income Statement": NaN,
        "Depreciation And Amortization In Income Statement": NaN,
        "Amortization": NaN,
        "Amortization Of Intangibles Income Statement": NaN,
        "Research And Development": 18400000.0,
        "Selling General And Administration": 92300000.0,
        "Selling And Marketing Expense": NaN,
        "General And Administrative Expense": NaN,
        "Salaries And Wages": NaN,
        "Gross Profit": 185400000.0,
        "Cost Of Revenue": 101800000.0,
        "Total Revenue": 287200000.0,
        "Operating Revenue": 287200000.0
    },
    "2024-06-30": {
        "Tax Effect Of Unusual Items": 0.0,
        "Tax Rate For Calcs": 0.21,
        "Normalized EBITDA": 65900000.0,
        "Total Unusual Items": NaN,
        "Total Unusual Items Excluding Goodwill": NaN,
        "Net Income From Continuing Operation Net Minority Interest": 14700000.0,
        "Reconciled Depreciation": 11100000.0,
        "Reconciled Cost Of Revenue": 82400000.0,
        "EBITDA": 65900000.0,
        "EBIT": 54800000.0,
        "Net Interest Income": -27800000.0,
        "Interest Expense": 27800000.0,
        "Normalized Income": 14700000.0,
        "Net Income From Continuing And Discontinued Operation": 14700000.0,
        "Total Expenses": 216600000.0,
        "Total Operating Income As Reported": 55900000.0,
        "Diluted Average Shares": 57842000.0,
        "Basic Average Shares": 57768000.0,
        "Diluted EPS": 0.25,
        "Basic EPS": 0.25,
        "Diluted NI Availto Com Stockholders": 14700000.0,
        "Net Income Common Stockholders": 14700000.0,
        "Net Income": 14700000.0,
        "Net Income Including Noncontrolling Interests": 14700000.0,
        "Net Income Continuous Operations": 14700000.0,
        "Tax Provision": 12300000.0,
        "Pretax Income": 27000000.0,
        "Other Income Expense": -1100000.0,
        "Other Non Operating Income Expenses": -1100000.0,
        "Special Income Charges": NaN,
        "Restructuring And Mergern Acquisition": NaN,
        "Net Non Operating Interest Income Expense": -27800000.0,
        "Interest Expense Non Operating": 27800000.0,
        "Operating Income": 55900000.0,
        "Operating Expense": 134200000.0,
        "Other Operating Expenses": 28100000.0,
        "Depreciation Amortization Depletion Income Statement": NaN,
        "Depreciation And Amortization In Income Statement": NaN,
        "Amortization": NaN,
        "Amortization Of Intangibles Income Statement": NaN,
        "Research And Development": 20400000.0,
        "Selling General And Administration": 85700000.0,
        "Selling And Marketing Expense": NaN,
        "General And Administrative Expense": NaN,
        "Salaries And Wages": NaN,
        "Gross Profit": 190100000.0,
        "Cost Of Revenue": 82400000.0,
        "Total Revenue": 272500000.0,
        "Operating Revenue": 272500000.0
    },
    "2024-09-30": {
        "Tax Effect Of Unusual Items": 0.0,
        "Tax Rate For Calcs": 0.21,
        "Normalized EBITDA": 27700000.0,
        "Total Unusual Items": NaN,
        "Total Unusual Items Excluding Goodwill": NaN,
        "Net Income From Continuing Operation Net Minority Interest": 14600000.0,
        "Reconciled Depreciation": 5700000.0,
        "Reconciled Cost Of Revenue": 112300000.0,
        "EBITDA": 27700000.0,
        "EBIT": 22000000.0,
        "Net Interest Income": -29000000.0,
        "Interest Expense": 29000000.0,
        "Normalized Income": 14600000.0,
        "Net Income From Continuing And Discontinued Operation": 14600000.0,
        "Total Expenses": 141700000.0,
        "Total Operating Income As Reported": 26200000.0,
        "Diluted Average Shares": NaN,
        "Basic Average Shares": NaN,
        "Diluted EPS": NaN,
        "Basic EPS": NaN,
        "Diluted NI Availto Com Stockholders": 14600000.0,
        "Net Income Common Stockholders": 14600000.0,
        "Net Income": 14600000.0,
        "Net Income Including Noncontrolling Interests": 14600000.0,
        "Net Income Continuous Operations": 14600000.0,
        "Tax Provision": -21600000.0,
        "Pretax Income": -7000000.0,
        "Other Income Expense": -122400000.0,
        "Other Non Operating Income Expenses": -4200000.0,
        "Special Income Charges": NaN,
        "Restructuring And Mergern Acquisition": NaN,
        "Net Non Operating Interest Income Expense": -29000000.0,
        "Interest Expense Non Operating": 29000000.0,
        "Operating Income": 144400000.0,
        "Operating Expense": 29400000.0,
        "Other Operating Expenses": NaN,
        "Depreciation Amortization Depletion Income Statement": NaN,
        "Depreciation And Amortization In Income Statement": NaN,
        "Amortization": NaN,
        "Amortization Of Intangibles Income Statement": NaN,
        "Research And Development": 19800000.0,
        "Selling General And Administration": 96800000.0,
        "Selling And Marketing Expense": NaN,
        "General And Administrative Expense": NaN,
        "Salaries And Wages": NaN,
        "Gross Profit": 173800000.0,
        "Cost Of Revenue": 112300000.0,
        "Total Revenue": 286100000.0,
        "Operating Revenue": 286100000.0
    },
    "2024-12-31": {
        "Tax Effect Of Unusual Items": -2184000.0,
        "Tax Rate For Calcs": 0.21,
        "Normalized EBITDA": 49500000.0,
        "Total Unusual Items": -10400000.0,
        "Total Unusual Items Excluding Goodwill": -10400000.0,
        "Net Income From Continuing Operation Net Minority Interest": 0.0,
        "Reconciled Depreciation": 11900000.0,
        "Reconciled Cost Of Revenue": 95400000.0,
        "EBITDA": 39100000.0,
        "EBIT": 27200000.0,
        "Net Interest Income": -27900000.0,
        "Interest Expense": 27900000.0,
        "Normalized Income": 8216000.0,
        "Net Income From Continuing And Discontinued Operation": 0.0,
        "Total Expenses": 222800000.0,
        "Total Operating Income As Reported": 28700000.0,
        "Diluted Average Shares": 58622000.0,
        "Basic Average Shares": 57952000.0,
        "Diluted EPS": 0.0,
        "Basic EPS": 0.0,
        "Diluted NI Availto Com Stockholders": 0.0,
        "Net Income Common Stockholders": 0.0,
        "Net Income": 0.0,
        "Net Income Including Noncontrolling Interests": 0.0,
        "Net Income Continuous Operations": 0.0,
        "Tax Provision": -700000.0,
        "Pretax Income": -700000.0,
        "Other Income Expense": -11900000.0,
        "Other Non Operating Income Expenses": -1500000.0,
        "Special Income Charges": -10400000.0,
        "Restructuring And Mergern Acquisition": 10400000.0,
        "Net Non Operating Interest Income Expense": -27900000.0,
        "Interest Expense Non Operating": 27900000.0,
        "Operating Income": 39100000.0,
        "Operating Expense": 118000000.0,
        "Other Operating Expenses": 14100000.0,
        "Depreciation Amortization Depletion Income Statement": 2500000.0,
        "Depreciation And Amortization In Income Statement": 2500000.0,
        "Amortization": 2500000.0,
        "Amortization Of Intangibles Income Statement": 2500000.0,
        "Research And Development": 20300000.0,
        "Selling General And Administration": 81100000.0,
        "Selling And Marketing Expense": NaN,
        "General And Administrative Expense": NaN,
        "Salaries And Wages": NaN,
        "Gross Profit": 157100000.0,
        "Cost Of Revenue": 104800000.0,
        "Total Revenue": 261900000.0,
        "Operating Revenue": 261900000.0
    }
}