{
    "2023-03-31": {
        "Tax Effect Of Unusual Items": NaN,
        "Tax Rate For Calcs": NaN,
        "Normalized EBITDA": NaN,
        "Total Unusual Items": NaN,
        "Total Unusual Items Excluding Goodwill": NaN,
        "Net Income From Continuing Operation Net Minority Interest": NaN,
        "Reconciled Depreciation": NaN,
        "Reconciled Cost Of Revenue": NaN,
        "EBITDA": NaN,
        "EBIT": NaN,
        "Net Interest Income": NaN,
        "Interest Expense": 195000.0,
        "Normalized Income": NaN,
        "Net Income From Continuing And Discontinued Operation": NaN,
        "Total Expenses": NaN,
        "Total Operating Income As Reported": NaN,
        "Diluted Average Shares": NaN,
        "Basic Average Shares": NaN,
        "Diluted EPS": NaN,
        "Basic EPS": NaN,
        "Diluted NI Availto Com Stockholders": NaN,
        "Net Income Common Stockholders": NaN,
        "Net Income": NaN,
        "Net Income Including Noncontrolling Interests": NaN,
        "Net Income Discontinuous Operations": -2862000.0,
        "Net Income Continuous Operations": NaN,
        "Tax Provision": NaN,
        "Pretax Income": NaN,
        "Other Income Expense": NaN,
        "Other Non Operating Income Expenses": NaN,
        "Special Income Charges": NaN,
        "Gain On Sale Of Ppe": NaN,
        "Other Special Charges": NaN,
        "Write Off": 0.0,
        "Restructuring And Mergern Acquisition": NaN,
        "Gain On Sale Of Security": 46000.0,
        "Net Non Operating Interest Income Expense": NaN,
        "Total Other Finance Cost": NaN,
        "Interest Expense Non Operating": 195000.0,
        "Operating Income": NaN,
        "Operating Expense": NaN,
        "Research And Development": NaN,
        "Selling General And Administration": NaN,
        "Gross Profit": NaN,
        "Cost Of Revenue": NaN,
        "Total Revenue": NaN,
        "Operating Revenue": NaN
    },
    "2022-12-31": {
        "Tax Effect Of Unusual Items": NaN,
        "Tax Rate For Calcs": NaN,
        "Normalized EBITDA": NaN,
        "Total Unusual Items": NaN,
        "Total Unusual Items Excluding Goodwill": NaN,
        "Net Income From Continuing Operation Net Minority Interest": NaN,
        "Reconciled Depreciation": NaN,
        "Reconciled Cost Of Revenue": NaN,
        "EBITDA": NaN,
        "EBIT": NaN,
        "Net Interest Income": NaN,
        "Interest Expense": NaN,
        "Normalized Income": NaN,
        "Net Income From Continuing And Discontinued Operation": NaN,
        "Total Expenses": NaN,
        "Total Operating Income As Reported": NaN,
        "Diluted Average Shares": NaN,
        "Basic Average Shares": NaN,
        "Diluted EPS": NaN,
        "Basic EPS": NaN,
        "Diluted NI Availto Com Stockholders": NaN,
        "Net Income Common Stockholders": NaN,
        "Net Income": NaN,
        "Net Income Including Noncontrolling Interests": NaN,
        "Net Income Discontinuous Operations": NaN,
        "Net Income Continuous Operations": NaN,
        "Tax Provision": NaN,
        "Pretax Income": NaN,
        "Other Income Expense": NaN,
        "Other Non Operating Income Expenses": NaN,
        "Special Income Charges": NaN,
        "Gain On Sale Of Ppe": NaN,
        "Other Special Charges": NaN,
        "Write Off": NaN,
        "Restructuring And Mergern Acquisition": NaN,
        "Gain On Sale Of Security": 75000.0,
        "Net Non Operating Interest Income Expense": NaN,
        "Total Other Finance Cost": NaN,
        "Interest Expense Non Operating": NaN,
        "Operating Income": NaN,
        "Operating Expense": NaN,
        "Research And Development": NaN,
        "Selling General And Administration": NaN,
        "Gross Profit": NaN,
        "Cost Of Revenue": NaN,
        "Total Revenue": NaN,
        "Operating Revenue": NaN
    },
    "2022-09-30": {
        "Tax Effect Of Unusual Items": NaN,
        "Tax Rate For Calcs": NaN,
        "Normalized EBITDA": NaN,
        "Total Unusual Items": NaN,
        "Total Unusual Items Excluding Goodwill": NaN,
        "Net Income From Continuing Operation Net Minority Interest": NaN,
        "Reconciled Depreciation": NaN,
        "Reconciled Cost Of Revenue": NaN,
        "EBITDA": NaN,
        "EBIT": NaN,
        "Net Interest Income": NaN,
        "Interest Expense": NaN,
        "Normalized Income": NaN,
        "Net Income From Continuing And Discontinued Operation": NaN,
        "Total Expenses": NaN,
        "Total Operating Income As Reported": NaN,
        "Diluted Average Shares": NaN,
        "Basic Average Shares": NaN,
        "Diluted EPS": NaN,
        "Basic EPS": NaN,
        "Diluted NI Availto Com Stockholders": NaN,
        "Net Income Common Stockholders": NaN,
        "Net Income": NaN,
        "Net Income Including Noncontrolling Interests": NaN,
        "Net Income Discontinuous Operations": NaN,
        "Net Income Continuous Operations": NaN,
        "Tax Provision": NaN,
        "Pretax Income": NaN,
        "Other Income Expense": NaN,
        "Other Non Operating Income Expenses": NaN,
        "Special Income Charges": NaN,
        "Gain On Sale Of Ppe": NaN,
        "Write Off": NaN,
        "Restructuring And Mergern Acquisition": NaN,
        "Gain On Sale Of Security": -192000.0,
        "Net Non Operating Interest Income Expense": NaN,
        "Total Other Finance Cost": 125000.0,
        "Interest Expense Non Operating": NaN,
        "Operating Income": NaN,
        "Operating Expense": NaN,
        "Research And Development": NaN,
        "Selling General And Administration": NaN,
        "Gross Profit": NaN,
        "Cost Of Revenue": NaN,
        "Total Revenue": NaN,
        "Operating Revenue": NaN
    },
    "2022-06-30": {
        "Tax Effect Of Unusual Items": 453200.0,
        "Tax Rate For Calcs": 0.4,
        "Normalized EBITDA": -8293000.0,
        "Total Unusual Items": 1133000.0,
        "Total Unusual Items Excluding Goodwill": 1133000.0,
        "Net Income From Continuing Operation Net Minority Interest": -7649000.0,
        "Reconciled Depreciation": 1255000.0,
        "Reconciled Cost Of Revenue": 19777000.0,
        "EBITDA": -7160000.0,
        "EBIT": -8415000.0,
        "Net Interest Income": 9000.0,
        "Interest Expense": NaN,
        "Normalized Income": -8328800.0,
        "Net Income From Continuing And Discontinued Operation": -7649000.0,
        "Total Expenses": 32090000.0,
        "Total Operating Income As Reported": -7097000.0,
        "Diluted Average Shares": 37425000.0,
        "Basic Average Shares": 37425000.0,
        "Diluted EPS": -0.2,
        "Basic EPS": -0.2,
        "Diluted NI Availto Com Stockholders": -7649000.0,
        "Net Income Common Stockholders": -7649000.0,
        "Net Income": -7649000.0,
        "Net Income Including Noncontrolling Interests": -7649000.0,
        "Net Income Continuous Operations": -7649000.0,
        "Tax Provision": 27000.0,
        "Pretax Income": -7622000.0,
        "Other Income Expense": 784000.0,
        "Other Non Operating Income Expenses": -349000.0,
        "Special Income Charges": 1318000.0,
        "Gain On Sale Of Ppe": 1318000.0,
        "Impairment Of Capital Assets": NaN,
        "Restructuring And Mergern Acquisition": 0.0,
        "Gain On Sale Of Security": -185000.0,
        "Net Non Operating Interest Income Expense": 9000.0,
        "Total Other Finance Cost": -9000.0,
        "Interest Expense Non Operating": NaN,
        "Operating Income": -8415000.0,
        "Operating Expense": 12313000.0,
        "Research And Development": 4513000.0,
        "Selling General And Administration": 7800000.0,
        "Gross Profit": 3898000.0,
        "Cost Of Revenue": 19777000.0,
        "Total Revenue": 23675000.0,
        "Operating Revenue": 23675000.0
    },
    "2022-03-31": {
        "Diluted EPS": -0.06,
        "Total Revenue": 33,
        "Gross Profit": 9,
        "Operating Income": -2,
        "EBIT": -1,
        "Net Income": -2
    },
    "2021-12-31": {
        "Diluted EPS": 0.06,
        "Total Revenue": 42,
        "Gross Profit": 16,
        "Operating Income": 2,
        "EBIT": 4,
        "Net Income": 2
    },
    "2021-09-30": {
        "Diluted EPS": 0.16,
        "Total Revenue": 44,
        "Gross Profit": 17,
        "Operating Income": 5,
        "EBIT": 7,
        "Net Income": 5
    },
    "2021-06-30": {
        "Diluted EPS": 0.35,
        "Total Revenue": 43,
        "Gross Profit": 17,
        "Operating Income": 6,
        "EBIT": 7,
        "Net Income": 14
    },
    "2021-03-31": {
        "Diluted EPS": 0.13,
        "Total Revenue": 38,
        "Gross Profit": 15,
        "Operating Income": 5,
        "EBIT": 6,
        "Net Income": 4
    },
    "2020-12-31": {
        "Diluted EPS": 0.08,
        "Total Revenue": 33,
        "Gross Profit": 13,
        "Operating Income": 3,
        "EBIT": 4,
        "Net Income": 3
    },
    "2020-09-30": {
        "Diluted EPS": 0.03,
        "Total Revenue": 34,
        "Gross Profit": 12,
        "Operating Income": 1,
        "EBIT": 2,
        "Net Income": 1
    },
    "2020-06-30": {
        "Diluted EPS": -0.04,
        "Total Revenue": 27,
        "Gross Profit": 9,
        "Operating Income": -1,
        "EBIT": 0,
        "Net Income": -1
    },
    "2020-03-31": {
        "Diluted EPS": -0.18,
        "Total Revenue": 24,
        "Gross Profit": 6,
        "Operating Income": -5,
        "EBIT": -4,
        "Net Income": -5
    },
    "2019-12-31": {
        "Diluted EPS": -0.05,
        "Total Revenue": 25,
        "Gross Profit": 7,
        "Operating Income": -1,
        "EBIT": 1,
        "Net Income": -1
    },
    "2019-09-30": {
        "Diluted EPS": -0.54,
        "Total Revenue": 24,
        "Gross Profit": 0,
        "Operating Income": -15,
        "EBIT": -12,
        "Net Income": -15
    },
    "2019-06-30": {
        "Diluted EPS": -0.37,
        "Total Revenue": 17,
        "Gross Profit": 4,
        "Operating Income": -10,
        "EBIT": -8,
        "Net Income": -10
    },
    "2019-03-31": {
        "Diluted EPS": -0.18,
        "Total Revenue": 22,
        "Gross Profit": 6,
        "Operating Income": -6,
        "EBIT": -4,
        "Net Income": -5
    },
    "2018-12-31": {
        "Diluted EPS": -0.2,
        "Total Revenue": 24,
        "Gross Profit": 6,
        "Operating Income": -6,
        "EBIT": -4,
        "Net Income": -6
    },
    "2018-09-30": {
        "Diluted EPS": -0.22,
        "Total Revenue": 25,
        "Gross Profit": 4,
        "Operating Income": -6,
        "EBIT": -4,
        "Net Income": -6
    },
    "2018-06-30": {
        "Diluted EPS": -0.31,
        "Total Revenue": 18,
        "Gross Profit": 1,
        "Operating Income": -8,
        "EBIT": -6,
        "Net Income": -8
    },
    "2018-03-31": {
        "Diluted EPS": -0.11,
        "Total Revenue": 19,
        "Gross Profit": 5,
        "Operating Income": -4,
        "EBIT": -3,
        "Net Income": -3
    },
    "2017-12-31": {
        "Diluted EPS": 0.0,
        "Total Revenue": 24,
        "Gross Profit": 8,
        "Operating Income": -1,
        "EBIT": 0,
        "Net Income": 0
    },
    "2017-09-30": {
        "Diluted EPS": 0.07,
        "Total Revenue": 29,
        "Gross Profit": 11,
        "Operating Income": 2,
        "EBIT": 3,
        "Net Income": 2
    },
    "2017-06-30": {
        "Diluted EPS": 0.09,
        "Total Revenue": 31,
        "Gross Profit": 11,
        "Operating Income": 2,
        "EBIT": 3,
        "Net Income": 2
    },
    "2017-03-31": {
        "Diluted EPS": 0.07,
        "Total Revenue": 33,
        "Gross Profit": 11,
        "Operating Income": 2,
        "EBIT": 3,
        "Net Income": 2
    },
    "2016-12-31": {
        "Diluted EPS": 0.07,
        "Total Revenue": 30,
        "Gross Profit": 10,
        "Operating Income": 2,
        "EBIT": 3,
        "Net Income": 2
    },
    "2016-09-30": {
        "Diluted EPS": 0.07,
        "Total Revenue": 26,
        "Gross Profit": 9,
        "Operating Income": 2,
        "EBIT": 3,
        "Net Income": 2
    },
    "2016-06-30": {
        "Diluted EPS": 0.05,
        "Total Revenue": 22,
        "Gross Profit": 7,
        "Operating Income": 2,
        "EBIT": 2,
        "Net Income": 1
    },
    "2016-03-31": {
        "Diluted EPS": 0.15,
        "Total Revenue": 22,
        "Gross Profit": 7,
        "Operating Income": 0,
        "EBIT": 0,
        "Net Income": 4
    },
    "2015-12-31": {
        "Diluted EPS": 0.04,
        "Total Revenue": 22,
        "Gross Profit": 7,
        "Operating Income": 0,
        "EBIT": 1,
        "Net Income": 1
    },
    "2015-09-30": {
        "Diluted EPS": 0.12,
        "Total Revenue": 23,
        "Gross Profit": 9,
        "Operating Income": 1,
        "EBIT": 2,
        "Net Income": 1
    },
    "2015-06-30": {
        "Diluted EPS": 0.08,
        "Total Revenue": 21,
        "Gross Profit": 8,
        "Operating Income": 1,
        "EBIT": 1,
        "Net Income": 2
    },
    "2015-03-31": {
        "Diluted EPS": 0.1,
        "Total Revenue": 19,
        "Gross Profit": 6,
        "Operating Income": -2,
        "EBIT": -1,
        "Net Income": 3
    },
    "2014-12-31": {
        "Diluted EPS": 1.8,
        "Total Revenue": 18,
        "Gross Profit": 5,
        "Operating Income": -5,
        "EBIT": -4,
        "Net Income": 56
    },
    "2014-09-30": {
        "Diluted EPS": 0.51,
        "Total Revenue": 14,
        "Gross Profit": 4,
        "Operating Income": -6,
        "EBIT": -4,
        "Net Income": 15
    },
    "2014-06-30": {
        "Diluted EPS": -0.1,
        "Total Revenue": 14,
        "Gross Profit": 3,
        "Operating Income": -5,
        "EBIT": -3,
        "Net Income": -3
    },
    "2014-03-31": {
        "Diluted EPS": -0.18,
        "Total Revenue": 13,
        "Gross Profit": 3,
        "Operating Income": -4,
        "EBIT": -2,
        "Net Income": -5
    },
    "2013-12-31": {
        "Diluted EPS": -0.07,
        "Total Revenue": 15,
        "Gross Profit": 2,
        "Operating Income": -5,
        "EBIT": -3,
        "Net Income": -2
    },
    "2013-09-30": {
        "Diluted EPS": -0.08,
        "Total Revenue": 43,
        "Gross Profit": 5,
        "Operating Income": -7,
        "EBIT": -5,
        "Net Income": -2
    },
    "2013-06-30": {
        "Diluted EPS": -0.27,
        "Total Revenue": 33,
        "Gross Profit": 4,
        "Operating Income": -8,
        "EBIT": -6,
        "Net Income": -7
    },
    "2013-03-31": {
        "Diluted EPS": 0.44,
        "Total Revenue": 42,
        "Gross Profit": 8,
        "Operating Income": 12,
        "EBIT": 14,
        "Net Income": 12
    },
    "2012-12-31": {
        "Diluted EPS": 0.11,
        "Total Revenue": 49,
        "Gross Profit": 11,
        "Operating Income": 3,
        "EBIT": 5,
        "Net Income": 3
    },
    "2012-09-30": {
        "Diluted EPS": -0.27,
        "Total Revenue": 47,
        "Gross Profit": 5,
        "Operating Income": -6,
        "EBIT": -4,
        "Net Income": -7
    },
    "2012-06-30": {
        "Diluted EPS": -0.38,
        "Total Revenue": 41,
        "Gross Profit": 4,
        "Operating Income": -9,
        "EBIT": -7,
        "Net Income": -9
    },
    "2012-03-31": {
        "Diluted EPS": -0.4,
        "Total Revenue": 38,
        "Gross Profit": 5,
        "Operating Income": -9,
        "EBIT": -7,
        "Net Income": -9
    },
    "2011-12-31": {
        "Diluted EPS": -0.61,
        "Total Revenue": 37,
        "Gross Profit": 3,
        "Operating Income": -12,
        "EBIT": -9,
        "Net Income": -14
    },
    "2011-09-30": {
        "Diluted EPS": -0.65,
        "Total Revenue": 52,
        "Gross Profit": 10,
        "Operating Income": -14,
        "EBIT": -11,
        "Net Income": -14
    },
    "2011-06-30": {
        "Diluted EPS": -0.49,
        "Total Revenue": 49,
        "Gross Profit": 9,
        "Operating Income": -11,
        "EBIT": -8,
        "Net Income": -11
    },
    "2011-03-31": {
        "Diluted EPS": -0.24,
        "Total Revenue": 47,
        "Gross Profit": 11,
        "Operating Income": -4,
        "EBIT": -1,
        "Net Income": -5
    },
    "2010-12-31": {
        "Diluted EPS": -0.16,
        "Total Revenue": 52,
        "Gross Profit": 13,
        "Operating Income": -3,
        "EBIT": 0,
        "Net Income": -4
    },
    "2010-09-30": {
        "Diluted EPS": -0.02,
        "Total Revenue": 54,
        "Gross Profit": 13,
        "Operating Income": -2,
        "EBIT": 1,
        "Net Income": -1
    },
    "2010-06-30": {
        "Diluted EPS": -0.44,
        "Total Revenue": 47,
        "Gross Profit": 13,
        "Operating Income": -8,
        "EBIT": -5,
        "Net Income": -9
    },
    "2010-03-31": {
        "Diluted EPS": -0.08,
        "Total Revenue": 48,
        "Gross Profit": 16,
        "Operating Income": -1,
        "EBIT": 2,
        "Net Income": -1
    },
    "2009-12-31": {
        "Diluted EPS": -0.6,
        "Total Revenue": 42,
        "Gross Profit": 9,
        "Operating Income": -10,
        "EBIT": -7,
        "Net Income": -12
    },
    "2009-09-30": {
        "Diluted EPS": -0.76,
        "Total Revenue": 41,
        "Gross Profit": 2,
        "Operating Income": -17,
        "EBIT": -13,
        "Net Income": -16
    },
    "2009-06-30": {
        "Diluted EPS": -2.28,
        "Total Revenue": 38,
        "Gross Profit": -2,
        "Operating Income": -46,
        "EBIT": -42,
        "Net Income": -45
    },
    "2009-03-31": {
        "Diluted EPS": -1.2,
        "Total Revenue": 43,
        "Gross Profit": -7,
        "Operating Income": -26,
        "EBIT": -22,
        "Net Income": -24
    },
    "2023-06-30": {
        "Tax Effect Of Unusual Items": NaN,
        "Tax Rate For Calcs": NaN,
        "Normalized EBITDA": NaN,
        "Total Unusual Items": NaN,
        "Total Unusual Items Excluding Goodwill": NaN,
        "Net Income From Continuing Operation Net Minority Interest": NaN,
        "Reconciled Depreciation": NaN,
        "Reconciled Cost Of Revenue": NaN,
        "EBITDA": NaN,
        "EBIT": NaN,
        "Net Interest Income": NaN,
        "Interest Expense": 194000.0,
        "Normalized Income": NaN,
        "Net Income From Continuing And Discontinued Operation": NaN,
        "Total Expenses": NaN,
        "Total Operating Income As Reported": NaN,
        "Diluted Average Shares": 5393000.0,
        "Basic Average Shares": 5393000.0,
        "Diluted EPS": -1.83,
        "Basic EPS": -1.83,
        "Diluted NI Availto Com Stockholders": NaN,
        "Net Income Common Stockholders": NaN,
        "Net Income": NaN,
        "Net Income Including Noncontrolling Interests": NaN,
        "Net Income Discontinuous Operations": -6829000.0,
        "Net Income Continuous Operations": NaN,
        "Tax Provision": NaN,
        "Pretax Income": NaN,
        "Other Income Expense": NaN,
        "Other Non Operating Income Expenses": NaN,
        "Special Income Charges": NaN,
        "Gain On Sale Of Ppe": NaN,
        "Other Special Charges": NaN,
        "Write Off": 0.0,
        "Impairment Of Capital Assets": 0.0,
        "Restructuring And Mergern Acquisition": NaN,
        "Gain On Sale Of Security": 321000.0,
        "Net Non Operating Interest Income Expense": NaN,
        "Total Other Finance Cost": 219000.0,
        "Interest Expense Non Operating": 194000.0,
        "Operating Income": NaN,
        "Operating Expense": NaN,
        "Research And Development": NaN,
        "Selling General And Administration": NaN,
        "Gross Profit": NaN,
        "Cost Of Revenue": NaN,
        "Total Revenue": NaN,
        "Operating Revenue": NaN
    },
    "2023-09-30": {
        "Tax Effect Of Unusual Items": -177939.759036,
        "Tax Rate For Calcs": 0.008561,
        "Normalized EBITDA": 25934000.0,
        "Total Unusual Items": -20786000.0,
        "Total Unusual Items Excluding Goodwill": -20786000.0,
        "Net Income From Continuing Operation Net Minority Interest": -15635000.0,
        "Reconciled Depreciation": -1648000.0,
        "Reconciled Cost Of Revenue": 6122000.0,
        "EBITDA": 5148000.0,
        "EBIT": 5148000.0,
        "Net Interest Income": -69000.0,
        "Interest Expense": NaN,
        "Normalized Income": 4973060.240964,
        "Net Income From Continuing And Discontinued Operation": -41581000.0,
        "Total Expenses": 14097000.0,
        "Total Operating Income As Reported": -15195000.0,
        "Diluted Average Shares": 6920900.0,
        "Basic Average Shares": 6920900.0,
        "Diluted EPS": -6.2,
        "Basic EPS": -6.2,
        "Diluted NI Availto Com Stockholders": -41581000.0,
        "Net Income Common Stockholders": -41581000.0,
        "Net Income": -41581000.0,
        "Net Income Including Noncontrolling Interests": -41581000.0,
        "Net Income Discontinuous Operations": NaN,
        "Net Income Continuous Operations": -15635000.0,
        "Tax Provision": -135000.0,
        "Pretax Income": -15770000.0,
        "Other Income Expense": -20849000.0,
        "Other Non Operating Income Expenses": -63000.0,
        "Special Income Charges": -20343000.0,
        "Gain On Sale Of Ppe": 0.0,
        "Other Special Charges": NaN,
        "Write Off": NaN,
        "Impairment Of Capital Assets": NaN,
        "Restructuring And Mergern Acquisition": -2269000.0,
        "Gain On Sale Of Security": -443000.0,
        "Net Non Operating Interest Income Expense": -69000.0,
        "Total Other Finance Cost": 69000.0,
        "Interest Expense Non Operating": NaN,
        "Operating Income": 5148000.0,
        "Operating Expense": 7975000.0,
        "Research And Development": 1591000.0,
        "Selling General And Administration": 6384000.0,
        "Gross Profit": 13123000.0,
        "Cost Of Revenue": 6122000.0,
        "Total Revenue": 19245000.0,
        "Operating Revenue": 19245000.0
    },
    "2023-12-31": {
        "Tax Effect Of Unusual Items": -37800.0,
        "Tax Rate For Calcs": 0.21,
        "Normalized EBITDA": -2689000.0,
        "Total Unusual Items": -180000.0,
        "Total Unusual Items Excluding Goodwill": -180000.0,
        "Net Income From Continuing Operation Net Minority Interest": -4363000.0,
        "Reconciled Depreciation": 1457000.0,
        "Reconciled Cost Of Revenue": 18035000.0,
        "EBITDA": -2869000.0,
        "EBIT": -4326000.0,
        "Net Interest Income": -9000.0,
        "Interest Expense": 9000.0,
        "Normalized Income": -4220800.0,
        "Net Income From Continuing And Discontinued Operation": -5679000.0,
        "Total Expenses": 28253000.0,
        "Total Operating Income As Reported": -4310000.0,
        "Diluted Average Shares": 8898700.0,
        "Basic Average Shares": 8898700.0,
        "Diluted EPS": -0.6,
        "Basic EPS": -0.6,
        "Diluted NI Availto Com Stockholders": -5679000.0,
        "Net Income Common Stockholders": -5679000.0,
        "Net Income": -5679000.0,
        "Net Income Including Noncontrolling Interests": -5679000.0,
        "Net Income Discontinuous Operations": -1316000.0,
        "Net Income Continuous Operations": -4363000.0,
        "Tax Provision": 28000.0,
        "Pretax Income": -4335000.0,
        "Other Income Expense": -196000.0,
        "Other Non Operating Income Expenses": -16000.0,
        "Special Income Charges": -180000.0,
        "Gain On Sale Of Ppe": 31000.0,
        "Other Special Charges": NaN,
        "Write Off": NaN,
        "Impairment Of Capital Assets": NaN,
        "Restructuring And Mergern Acquisition": 211000.0,
        "Gain On Sale Of Security": NaN,
        "Net Non Operating Interest Income Expense": -9000.0,
        "Total Other Finance Cost": NaN,
        "Interest Expense Non Operating": 9000.0,
        "Operating Income": -4130000.0,
        "Operating Expense": 10218000.0,
        "Research And Development": 3609000.0,
        "Selling General And Administration": 6609000.0,
        "Gross Profit": 6088000.0,
        "Cost Of Revenue": 18035000.0,
        "Total Revenue": 24123000.0,
        "Operating Revenue": 24123000.0
    },
    "2024-03-31": {
        "Tax Effect Of Unusual Items": -232470.0,
        "Tax Rate For Calcs": 0.21,
        "Normalized EBITDA": -4805000.0,
        "Total Unusual Items": -1107000.0,
        "Total Unusual Items Excluding Goodwill": -1107000.0,
        "Net Income From Continuing Operation Net Minority Interest": -7775000.0,
        "Reconciled Depreciation": 1710000.0,
        "Reconciled Cost Of Revenue": 16387000.0,
        "EBITDA": -5912000.0,
        "EBIT": -7622000.0,
        "Net Interest Income": -67000.0,
        "Interest Expense": 67000.0,
        "Normalized Income": -6900470.0,
        "Net Income From Continuing And Discontinued Operation": -8495000.0,
        "Total Expenses": 26150000.0,
        "Total Operating Income As Reported": -7623000.0,
        "Diluted Average Shares": 8924000.0,
        "Basic Average Shares": 8924000.0,
        "Diluted EPS": -0.95,
        "Basic EPS": -0.95,
        "Diluted NI Availto Com Stockholders": -8495000.0,
        "Net Income Common Stockholders": -8495000.0,
        "Net Income": -8495000.0,
        "Net Income Including Noncontrolling Interests": -8495000.0,
        "Net Income Discontinuous Operations": -720000.0,
        "Net Income Continuous Operations": -7775000.0,
        "Tax Provision": 86000.0,
        "Pretax Income": -7689000.0,
        "Other Income Expense": -1106000.0,
        "Other Non Operating Income Expenses": 1000.0,
        "Special Income Charges": -1107000.0,
        "Gain On Sale Of Ppe": 0.0,
        "Other Special Charges": NaN,
        "Write Off": 88000.0,
        "Impairment Of Capital Assets": 88000.0,
        "Restructuring And Mergern Acquisition": 1019000.0,
        "Gain On Sale Of Security": NaN,
        "Net Non Operating Interest Income Expense": -67000.0,
        "Total Other Finance Cost": NaN,
        "Interest Expense Non Operating": 67000.0,
        "Operating Income": -6516000.0,
        "Operating Expense": 9763000.0,
        "Research And Development": 3726000.0,
        "Selling General And Administration": 6037000.0,
        "Gross Profit": 3247000.0,
        "Cost Of Revenue": 16387000.0,
        "Total Revenue": 19634000.0,
        "Operating Revenue": 19634000.0
    },
    "2024-06-30": {
        "Tax Effect Of Unusual Items": 0.0,
        "Tax Rate For Calcs": 0.0,
        "Normalized EBITDA": -1940000.0,
        "Total Unusual Items": -8209000.0,
        "Total Unusual Items Excluding Goodwill": -8209000.0,
        "Net Income From Continuing Operation Net Minority Interest": -11545000.0,
        "Reconciled Depreciation": 1217000.0,
        "Reconciled Cost Of Revenue": 15422000.0,
        "EBITDA": -10149000.0,
        "EBIT": -11366000.0,
        "Net Interest Income": -179000.0,
        "Interest Expense": 179000.0,
        "Normalized Income": -3336000.0,
        "Net Income From Continuing And Discontinued Operation": -13958000.0,
        "Total Expenses": 23576000.0,
        "Total Operating Income As Reported": -9263000.0,
        "Diluted Average Shares": 9044000.0,
        "Basic Average Shares": 9044000.0,
        "Diluted EPS": -1.54,
        "Basic EPS": -1.54,
        "Diluted NI Availto Com Stockholders": -13958000.0,
        "Net Income Common Stockholders": -13958000.0,
        "Net Income": -13958000.0,
        "Net Income Including Noncontrolling Interests": -13958000.0,
        "Net Income Discontinuous Operations": -2413000.0,
        "Net Income Continuous Operations": -11545000.0,
        "Tax Provision": 0.0,
        "Pretax Income": -11545000.0,
        "Other Income Expense": -8225000.0,
        "Other Non Operating Income Expenses": -16000.0,
        "Special Income Charges": -8209000.0,
        "Gain On Sale Of Ppe": 0.0,
        "Other Special Charges": 2087000.0,
        "Write Off": 2919000.0,
        "Impairment Of Capital Assets": 2919000.0,
        "Restructuring And Mergern Acquisition": 3203000.0,
        "Gain On Sale Of Security": NaN,
        "Net Non Operating Interest Income Expense": -179000.0,
        "Total Other Finance Cost": NaN,
        "Interest Expense Non Operating": 179000.0,
        "Operating Income": -3141000.0,
        "Operating Expense": 8154000.0,
        "Research And Development": 3530000.0,
        "Selling General And Administration": 4624000.0,
        "Gross Profit": 5013000.0,
        "Cost Of Revenue": 15422000.0,
        "Total Revenue": 20435000.0,
        "Operating Revenue": 20435000.0
    },
    "2024-09-30": {
        "Tax Effect Of Unusual Items": -42578.365089,
        "Tax Rate For Calcs": 0.026122,
        "Normalized EBITDA": 9684000.0,
        "Total Unusual Items": -1630000.0,
        "Total Unusual Items Excluding Goodwill": -1630000.0,
        "Net Income From Continuing Operation Net Minority Interest": -3169000.0,
        "Reconciled Depreciation": 1123000.0,
        "Reconciled Cost Of Revenue": 17232000.0,
        "EBITDA": 8054000.0,
        "EBIT": 6931000.0,
        "Net Interest Income": -940000.0,
        "Interest Expense": NaN,
        "Normalized Income": -1581578.365089,
        "Net Income From Continuing And Discontinued Operation": -3106000.0,
        "Total Expenses": 24300000.0,
        "Total Operating Income As Reported": -3353000.0,
        "Diluted Average Shares": NaN,
        "Basic Average Shares": NaN,
        "Diluted EPS": NaN,
        "Basic EPS": NaN,
        "Diluted NI Availto Com Stockholders": -3106000.0,
        "Net Income Common Stockholders": -3106000.0,
        "Net Income": -3106000.0,
        "Net Income Including Noncontrolling Interests": -3106000.0,
        "Net Income Discontinuous Operations": 63000.0,
        "Net Income Continuous Operations": -3169000.0,
        "Tax Provision": -85000.0,
        "Pretax Income": -3254000.0,
        "Other Income Expense": 282000.0,
        "Other Non Operating Income Expenses": 1912000.0,
        "Special Income Charges": -1630000.0,
        "Gain On Sale Of Ppe": -49000.0,
        "Other Special Charges": 873000.0,
        "Write Off": NaN,
        "Impairment Of Capital Assets": 3000.0,
        "Restructuring And Mergern Acquisition": 705000.0,
        "Gain On Sale Of Security": NaN,
        "Net Non Operating Interest Income Expense": -940000.0,
        "Total Other Finance Cost": NaN,
        "Interest Expense Non Operating": NaN,
        "Operating Income": -2596000.0,
        "Operating Expense": 7068000.0,
        "Research And Development": 2057000.0,
        "Selling General And Administration": 5011000.0,
        "Gross Profit": 4472000.0,
        "Cost Of Revenue": 17232000.0,
        "Total Revenue": 21704000.0,
        "Operating Revenue": 21704000.0
    }
}