{
    "2023-03-31": {
        "Tax Effect Of Unusual Items": NaN,
        "Tax Rate For Calcs": NaN,
        "Normalized EBITDA": NaN,
        "Net Income From Continuing Operation Net Minority Interest": NaN,
        "Reconciled Depreciation": NaN,
        "Reconciled Cost Of Revenue": NaN,
        "EBITDA": NaN,
        "EBIT": NaN,
        "Net Interest Income": NaN,
        "Interest Expense": NaN,
        "Normalized Income": NaN,
        "Net Income From Continuing And Discontinued Operation": NaN,
        "Total Expenses": NaN,
        "Total Operating Income As Reported": NaN,
        "Diluted Average Shares": 6233989.0,
        "Basic Average Shares": 6223027.0,
        "Diluted EPS": 0.1,
        "Basic EPS": 0.1,
        "Diluted NI Availto Com Stockholders": NaN,
        "Net Income Common Stockholders": NaN,
        "Net Income": NaN,
        "Net Income Including Noncontrolling Interests": NaN,
        "Net Income Discontinuous Operations": 0.0,
        "Net Income Continuous Operations": NaN,
        "Tax Provision": NaN,
        "Pretax Income": NaN,
        "Other Income Expense": NaN,
        "Other Non Operating Income Expenses": NaN,
        "Net Non Operating Interest Income Expense": NaN,
        "Interest Expense Non Operating": NaN,
        "Operating Income": NaN,
        "Operating Expense": NaN,
        "Research And Development": NaN,
        "Selling General And Administration": NaN,
        "Gross Profit": NaN,
        "Cost Of Revenue": NaN,
        "Total Revenue": NaN,
        "Operating Revenue": NaN
    },
    "2022-12-31": {
        "Tax Effect Of Unusual Items": NaN,
        "Tax Rate For Calcs": NaN,
        "Normalized EBITDA": NaN,
        "Net Income From Continuing Operation Net Minority Interest": NaN,
        "Reconciled Depreciation": NaN,
        "Reconciled Cost Of Revenue": NaN,
        "EBITDA": NaN,
        "EBIT": NaN,
        "Net Interest Income": NaN,
        "Interest Expense": NaN,
        "Normalized Income": NaN,
        "Net Income From Continuing And Discontinued Operation": NaN,
        "Total Expenses": NaN,
        "Total Operating Income As Reported": NaN,
        "Diluted Average Shares": NaN,
        "Basic Average Shares": NaN,
        "Diluted EPS": NaN,
        "Basic EPS": NaN,
        "Diluted NI Availto Com Stockholders": NaN,
        "Net Income Common Stockholders": NaN,
        "Net Income": NaN,
        "Net Income Including Noncontrolling Interests": NaN,
        "Net Income Discontinuous Operations": 208992.0,
        "Net Income Continuous Operations": NaN,
        "Tax Provision": NaN,
        "Pretax Income": NaN,
        "Other Income Expense": NaN,
        "Other Non Operating Income Expenses": NaN,
        "Net Non Operating Interest Income Expense": NaN,
        "Interest Expense Non Operating": NaN,
        "Operating Income": NaN,
        "Operating Expense": NaN,
        "Research And Development": NaN,
        "Selling General And Administration": NaN,
        "Gross Profit": NaN,
        "Cost Of Revenue": NaN,
        "Total Revenue": NaN,
        "Operating Revenue": NaN
    },
    "2022-09-30": {
        "Tax Effect Of Unusual Items": NaN,
        "Tax Rate For Calcs": NaN,
        "Normalized EBITDA": NaN,
        "Net Income From Continuing Operation Net Minority Interest": NaN,
        "Reconciled Depreciation": NaN,
        "Reconciled Cost Of Revenue": NaN,
        "EBITDA": NaN,
        "EBIT": NaN,
        "Net Interest Income": NaN,
        "Interest Expense": NaN,
        "Normalized Income": NaN,
        "Net Income From Continuing And Discontinued Operation": NaN,
        "Total Expenses": NaN,
        "Total Operating Income As Reported": NaN,
        "Diluted Average Shares": 6223116.0,
        "Basic Average Shares": 6209014.0,
        "Diluted EPS": 0.78,
        "Basic EPS": 0.78,
        "Diluted NI Availto Com Stockholders": NaN,
        "Net Income Common Stockholders": NaN,
        "Net Income": NaN,
        "Net Income Including Noncontrolling Interests": NaN,
        "Net Income Discontinuous Operations": NaN,
        "Net Income Continuous Operations": NaN,
        "Tax Provision": NaN,
        "Pretax Income": NaN,
        "Other Income Expense": NaN,
        "Other Non Operating Income Expenses": NaN,
        "Net Non Operating Interest Income Expense": NaN,
        "Interest Expense Non Operating": NaN,
        "Operating Income": NaN,
        "Operating Expense": NaN,
        "Research And Development": NaN,
        "Selling General And Administration": NaN,
        "Gross Profit": NaN,
        "Cost Of Revenue": NaN,
        "Total Revenue": NaN,
        "Operating Revenue": NaN
    },
    "2022-06-30": {
        "Tax Effect Of Unusual Items": 0.0,
        "Tax Rate For Calcs": 0.243914,
        "Normalized EBITDA": 7200343.0,
        "Net Income From Continuing Operation Net Minority Interest": 3700789.0,
        "Reconciled Depreciation": 1801890.0,
        "Reconciled Cost Of Revenue": 53552232.0,
        "EBITDA": 7200343.0,
        "EBIT": 5398453.0,
        "Net Interest Income": -503787.0,
        "Interest Expense": 503787.0,
        "Normalized Income": 3700789.0,
        "Net Income From Continuing And Discontinued Operation": 4036615.0,
        "Total Expenses": 64653411.0,
        "Total Operating Income As Reported": 4886643.0,
        "Diluted Average Shares": 6236920.0,
        "Basic Average Shares": 6222818.0,
        "Diluted EPS": 0.65,
        "Basic EPS": 0.65,
        "Diluted NI Availto Com Stockholders": 4036615.0,
        "Net Income Common Stockholders": 4036615.0,
        "Net Income": 4036615.0,
        "Net Income Including Noncontrolling Interests": 4036615.0,
        "Net Income Discontinuous Operations": 335826.0,
        "Net Income Continuous Operations": 3700789.0,
        "Tax Provision": 1193877.0,
        "Pretax Income": 4894666.0,
        "Other Income Expense": 511810.0,
        "Other Non Operating Income Expenses": 511810.0,
        "Net Non Operating Interest Income Expense": -503787.0,
        "Interest Expense Non Operating": 503787.0,
        "Operating Income": 4886643.0,
        "Operating Expense": 11101179.0,
        "Research And Development": 959364.0,
        "Selling General And Administration": 10141815.0,
        "Gross Profit": 15987822.0,
        "Cost Of Revenue": 53552232.0,
        "Total Revenue": 69540054.0,
        "Operating Revenue": 69540054.0
    },
    "2022-03-31": {
        "Diluted EPS": 0.48,
        "Total Revenue": 69,
        "Gross Profit": 15,
        "Operating Income": 4,
        "EBIT": 5,
        "Net Income": 3
    },
    "2021-12-31": {
        "Diluted EPS": 0.32,
        "Total Revenue": 60,
        "Gross Profit": 12,
        "Operating Income": 4,
        "EBIT": 6,
        "Net Income": 2
    },
    "2021-09-30": {
        "Diluted EPS": 0.95,
        "Total Revenue": 64,
        "Gross Profit": 15,
        "Operating Income": 5,
        "EBIT": 6,
        "Net Income": 6
    },
    "2021-06-30": {
        "Diluted EPS": -0.71,
        "Total Revenue": 61,
        "Gross Profit": 14,
        "Operating Income": 4,
        "EBIT": 5,
        "Net Income": -4
    },
    "2021-03-31": {
        "Diluted EPS": 0.93,
        "Total Revenue": 62,
        "Gross Profit": 16,
        "Operating Income": 6,
        "EBIT": 7,
        "Net Income": 6
    },
    "2020-12-31": {
        "Diluted EPS": 0.22,
        "Total Revenue": 37,
        "Gross Profit": 10,
        "Operating Income": 2,
        "EBIT": 9,
        "Net Income": 1
    },
    "2020-09-30": {
        "Diluted EPS": 0.48,
        "Total Revenue": 56,
        "Gross Profit": 13,
        "Operating Income": 4,
        "EBIT": 6,
        "Net Income": 3
    },
    "2020-06-30": {
        "Diluted EPS": -0.3,
        "Total Revenue": 40,
        "Gross Profit": 10,
        "Operating Income": 3,
        "EBIT": 4,
        "Net Income": -2
    },
    "2020-03-31": {
        "Diluted EPS": 0.46,
        "Total Revenue": 65,
        "Gross Profit": 15,
        "Operating Income": 4,
        "EBIT": 6,
        "Net Income": 3
    },
    "2019-12-31": {
        "Diluted EPS": 0.8,
        "Total Revenue": 69,
        "Gross Profit": 18,
        "Operating Income": 6,
        "EBIT": 9,
        "Net Income": 5
    },
    "2019-09-30": {
        "Diluted EPS": 0.67,
        "Total Revenue": 61,
        "Gross Profit": 15,
        "Operating Income": 6,
        "EBIT": 7,
        "Net Income": 4
    },
    "2019-06-30": {
        "Diluted EPS": 0.4,
        "Total Revenue": 61,
        "Gross Profit": 15,
        "Operating Income": 3,
        "EBIT": 4,
        "Net Income": 3
    },
    "2019-03-31": {
        "Diluted EPS": 0.25,
        "Total Revenue": 61,
        "Gross Profit": 14,
        "Operating Income": 2,
        "EBIT": 4,
        "Net Income": 2
    },
    "2018-12-31": {
        "Diluted EPS": 0.7,
        "Total Revenue": 57,
        "Gross Profit": 15,
        "Operating Income": 5,
        "EBIT": 6,
        "Net Income": 4
    },
    "2018-09-30": {
        "Diluted EPS": 0.6,
        "Total Revenue": 57,
        "Gross Profit": 14,
        "Operating Income": 5,
        "EBIT": 6,
        "Net Income": 4
    },
    "2018-06-30": {
        "Diluted EPS": 0.52,
        "Total Revenue": 61,
        "Gross Profit": 15,
        "Operating Income": 4,
        "EBIT": 6,
        "Net Income": 3
    },
    "2018-03-31": {
        "Diluted EPS": 0.49,
        "Total Revenue": 59,
        "Gross Profit": 15,
        "Operating Income": 4,
        "EBIT": 5,
        "Net Income": 3
    },
    "2017-12-31": {
        "Diluted EPS": -0.02,
        "Total Revenue": 54,
        "Gross Profit": 14,
        "Operating Income": 4,
        "EBIT": 5,
        "Net Income": 0
    },
    "2017-09-30": {
        "Diluted EPS": 0.35,
        "Total Revenue": 56,
        "Gross Profit": 12,
        "Operating Income": 4,
        "EBIT": 5,
        "Net Income": 2
    },
    "2017-06-30": {
        "Diluted EPS": 0.23,
        "Total Revenue": 58,
        "Gross Profit": 16,
        "Operating Income": 2,
        "EBIT": 3,
        "Net Income": 1
    },
    "2017-03-31": {
        "Diluted EPS": 0.24,
        "Total Revenue": 36,
        "Gross Profit": 9,
        "Operating Income": 2,
        "EBIT": 3,
        "Net Income": 2
    },
    "2016-12-31": {
        "Diluted EPS": 0.44,
        "Total Revenue": 34,
        "Gross Profit": 12,
        "Operating Income": 4,
        "EBIT": 5,
        "Net Income": 3
    },
    "2016-09-30": {
        "Diluted EPS": 0.38,
        "Total Revenue": 33,
        "Gross Profit": 9,
        "Operating Income": 3,
        "EBIT": 4,
        "Net Income": 2
    },
    "2016-06-30": {
        "Diluted EPS": 0.33,
        "Total Revenue": 37,
        "Gross Profit": 9,
        "Operating Income": 3,
        "EBIT": 4,
        "Net Income": 2
    },
    "2016-03-31": {
        "Diluted EPS": 0.1,
        "Total Revenue": 33,
        "Gross Profit": 6,
        "Operating Income": 1,
        "EBIT": 2,
        "Net Income": 1
    },
    "2015-12-31": {
        "Diluted EPS": 0.28,
        "Total Revenue": 34,
        "Gross Profit": 10,
        "Operating Income": 2,
        "EBIT": 3,
        "Net Income": 2
    },
    "2015-09-30": {
        "Diluted EPS": 0.41,
        "Total Revenue": 36,
        "Gross Profit": 9,
        "Operating Income": 3,
        "EBIT": 4,
        "Net Income": 3
    },
    "2015-06-30": {
        "Diluted EPS": 0.09,
        "Total Revenue": 37,
        "Gross Profit": 8,
        "Operating Income": 1,
        "EBIT": 2,
        "Net Income": 1
    },
    "2015-03-31": {
        "Diluted EPS": 0.14,
        "Total Revenue": 37,
        "Gross Profit": 7,
        "Operating Income": 1,
        "EBIT": 2,
        "Net Income": 1
    },
    "2014-12-31": {
        "Diluted EPS": 0.33,
        "Total Revenue": 34,
        "Gross Profit": 9,
        "Operating Income": 3,
        "EBIT": 4,
        "Net Income": 2
    },
    "2014-09-30": {
        "Diluted EPS": 0.39,
        "Total Revenue": 36,
        "Gross Profit": 9,
        "Operating Income": 4,
        "EBIT": 5,
        "Net Income": 2
    },
    "2014-06-30": {
        "Diluted EPS": 0.27,
        "Total Revenue": 35,
        "Gross Profit": 8,
        "Operating Income": 3,
        "EBIT": 4,
        "Net Income": 2
    },
    "2014-03-31": {
        "Diluted EPS": 0.24,
        "Total Revenue": 36,
        "Gross Profit": 8,
        "Operating Income": 2,
        "EBIT": 3,
        "Net Income": 2
    },
    "2013-12-31": {
        "Diluted EPS": 0.31,
        "Total Revenue": 34,
        "Gross Profit": 8,
        "Operating Income": 3,
        "EBIT": 4,
        "Net Income": 2
    },
    "2013-09-30": {
        "Diluted EPS": 0.29,
        "Total Revenue": 34,
        "Gross Profit": 7,
        "Operating Income": 2,
        "EBIT": 3,
        "Net Income": 2
    },
    "2013-06-30": {
        "Diluted EPS": 0.35,
        "Total Revenue": 39,
        "Gross Profit": 9,
        "Operating Income": 3,
        "EBIT": 4,
        "Net Income": 2
    },
    "2013-03-31": {
        "Diluted EPS": 0.16,
        "Total Revenue": 35,
        "Gross Profit": 6,
        "Operating Income": 2,
        "EBIT": 3,
        "Net Income": 1
    },
    "2012-12-31": {
        "Diluted EPS": 0.27,
        "Total Revenue": 36,
        "Gross Profit": 8,
        "Operating Income": 3,
        "EBIT": 4,
        "Net Income": 2
    },
    "2012-09-30": {
        "Diluted EPS": 0.36,
        "Total Revenue": 40,
        "Gross Profit": 8,
        "Operating Income": 3,
        "EBIT": 4,
        "Net Income": 2
    },
    "2012-06-30": {
        "Diluted EPS": 0.42,
        "Total Revenue": 42,
        "Gross Profit": 9,
        "Operating Income": 4,
        "EBIT": 5,
        "Net Income": 3
    },
    "2012-03-31": {
        "Diluted EPS": 0.33,
        "Total Revenue": 40,
        "Gross Profit": 8,
        "Operating Income": 3,
        "EBIT": 4,
        "Net Income": 2
    },
    "2011-12-31": {
        "Diluted EPS": 0.23,
        "Total Revenue": 38,
        "Gross Profit": 8,
        "Operating Income": 3,
        "EBIT": 3,
        "Net Income": 1
    },
    "2011-09-30": {
        "Diluted EPS": 0.24,
        "Total Revenue": 36,
        "Gross Profit": 7,
        "Operating Income": 2,
        "EBIT": 3,
        "Net Income": 1
    },
    "2011-06-30": {
        "Diluted EPS": 0.24,
        "Total Revenue": 36,
        "Gross Profit": 7,
        "Operating Income": 2,
        "EBIT": 3,
        "Net Income": 1
    },
    "2011-03-31": {
        "Diluted EPS": 0.18,
        "Total Revenue": 33,
        "Gross Profit": 6,
        "Operating Income": 2,
        "EBIT": 3,
        "Net Income": 1
    },
    "2010-12-31": {
        "Diluted EPS": 0.27,
        "Total Revenue": 33,
        "Gross Profit": 7,
        "Operating Income": 2,
        "EBIT": 3,
        "Net Income": 2
    },
    "2010-09-30": {
        "Diluted EPS": 0.24,
        "Total Revenue": 34,
        "Gross Profit": 7,
        "Operating Income": 2,
        "EBIT": 3,
        "Net Income": 1
    },
    "2010-06-30": {
        "Diluted EPS": 0.23,
        "Total Revenue": 33,
        "Gross Profit": 7,
        "Operating Income": 2,
        "EBIT": 3,
        "Net Income": 1
    },
    "2010-03-31": {
        "Diluted EPS": 0.16,
        "Total Revenue": 31,
        "Gross Profit": 6,
        "Operating Income": 2,
        "EBIT": 3,
        "Net Income": 1
    },
    "2009-12-31": {
        "Diluted EPS": 0.07,
        "Total Revenue": 28,
        "Gross Profit": 6,
        "Operating Income": 2,
        "EBIT": 3,
        "Net Income": 0
    },
    "2009-09-30": {
        "Diluted EPS": 0.15,
        "Total Revenue": 28,
        "Gross Profit": 6,
        "Operating Income": 1,
        "EBIT": 2,
        "Net Income": 1
    },
    "2009-06-30": {
        "Diluted EPS": 0.13,
        "Total Revenue": 28,
        "Gross Profit": 6,
        "Operating Income": 2,
        "EBIT": 3,
        "Net Income": 1
    },
    "2009-03-31": {
        "Diluted EPS": -0.18,
        "Total Revenue": 28,
        "Gross Profit": 3,
        "Operating Income": -1,
        "EBIT": 0,
        "Net Income": -1
    },
    "2023-06-30": {
        "Tax Effect Of Unusual Items": 0.0,
        "Tax Rate For Calcs": 0.263099,
        "Normalized EBITDA": 4486252.0,
        "Net Income From Continuing Operation Net Minority Interest": 1399207.0,
        "Reconciled Depreciation": 1806377.0,
        "Reconciled Cost Of Revenue": 53189948.0,
        "EBITDA": 4486252.0,
        "EBIT": 2679875.0,
        "Net Interest Income": -781104.0,
        "Interest Expense": 781104.0,
        "Normalized Income": 1399207.0,
        "Net Income From Continuing And Discontinued Operation": 1399207.0,
        "Total Expenses": 65910095.0,
        "Total Operating Income As Reported": 2427695.0,
        "Diluted Average Shares": 6265179.0,
        "Basic Average Shares": 6232717.0,
        "Diluted EPS": 0.22,
        "Basic EPS": 0.22,
        "Diluted NI Availto Com Stockholders": 1399207.0,
        "Net Income Common Stockholders": 1399207.0,
        "Net Income": 1399207.0,
        "Net Income Including Noncontrolling Interests": 1399207.0,
        "Net Income Discontinuous Operations": 0.0,
        "Net Income Continuous Operations": 1399207.0,
        "Tax Provision": 499564.0,
        "Pretax Income": 1898771.0,
        "Other Income Expense": 252180.0,
        "Other Non Operating Income Expenses": 252180.0,
        "Net Non Operating Interest Income Expense": -781104.0,
        "Interest Expense Non Operating": 781104.0,
        "Operating Income": 2427695.0,
        "Operating Expense": 12720147.0,
        "Research And Development": 1431110.0,
        "Selling General And Administration": 11289037.0,
        "Gross Profit": 15147842.0,
        "Cost Of Revenue": 53189948.0,
        "Total Revenue": 68337790.0,
        "Operating Revenue": 68337790.0
    },
    "2023-09-30": {
        "Tax Effect Of Unusual Items": 0.0,
        "Tax Rate For Calcs": 0.24326,
        "Normalized EBITDA": 6964534.0,
        "Net Income From Continuing Operation Net Minority Interest": 3061959.0,
        "Reconciled Depreciation": 1850507.0,
        "Reconciled Cost Of Revenue": 49260313.0,
        "EBITDA": 6964534.0,
        "EBIT": 5114027.0,
        "Net Interest Income": -1067779.0,
        "Interest Expense": 1067779.0,
        "Normalized Income": 3061959.0,
        "Net Income From Continuing And Discontinued Operation": 3061959.0,
        "Total Expenses": 60385814.0,
        "Total Operating Income As Reported": 5249866.0,
        "Diluted Average Shares": 6274258.0,
        "Basic Average Shares": 6241796.0,
        "Diluted EPS": 0.49,
        "Basic EPS": 0.49,
        "Diluted NI Availto Com Stockholders": 3061959.0,
        "Net Income Common Stockholders": 3061959.0,
        "Net Income": 3061959.0,
        "Net Income Including Noncontrolling Interests": 3061959.0,
        "Net Income Discontinuous Operations": 0.0,
        "Net Income Continuous Operations": 3061959.0,
        "Tax Provision": 984289.0,
        "Pretax Income": 4046248.0,
        "Other Income Expense": -135839.0,
        "Other Non Operating Income Expenses": -135839.0,
        "Net Non Operating Interest Income Expense": -1067779.0,
        "Interest Expense Non Operating": 1067779.0,
        "Operating Income": 5249866.0,
        "Operating Expense": 11125501.0,
        "Research And Development": 1425159.0,
        "Selling General And Administration": 9700342.0,
        "Gross Profit": 16375367.0,
        "Cost Of Revenue": 49260313.0,
        "Total Revenue": 65635680.0,
        "Operating Revenue": 65635680.0
    },
    "2023-12-31": {
        "Tax Effect Of Unusual Items": 0.0,
        "Tax Rate For Calcs": 0.171562,
        "Normalized EBITDA": 7171322.0,
        "Net Income From Continuing Operation Net Minority Interest": 3516522.0,
        "Reconciled Depreciation": 1994850.0,
        "Reconciled Cost Of Revenue": 49053783.0,
        "EBITDA": 7171322.0,
        "EBIT": 5176472.0,
        "Net Interest Income": -931708.0,
        "Interest Expense": 931708.0,
        "Normalized Income": 3516522.0,
        "Net Income From Continuing And Discontinued Operation": 3516522.0,
        "Total Expenses": 61639114.0,
        "Total Operating Income As Reported": 5346905.0,
        "Diluted Average Shares": NaN,
        "Basic Average Shares": NaN,
        "Diluted EPS": NaN,
        "Basic EPS": NaN,
        "Diluted NI Availto Com Stockholders": 3516522.0,
        "Net Income Common Stockholders": 3516522.0,
        "Net Income": 3516522.0,
        "Net Income Including Noncontrolling Interests": 3516522.0,
        "Net Income Discontinuous Operations": 0.0,
        "Net Income Continuous Operations": 3516522.0,
        "Tax Provision": 728242.0,
        "Pretax Income": 4244764.0,
        "Other Income Expense": -170433.0,
        "Other Non Operating Income Expenses": -170433.0,
        "Net Non Operating Interest Income Expense": -931708.0,
        "Interest Expense Non Operating": 931708.0,
        "Operating Income": 5346905.0,
        "Operating Expense": 12585331.0,
        "Research And Development": 1334887.0,
        "Selling General And Administration": 11250444.0,
        "Gross Profit": 17932236.0,
        "Cost Of Revenue": 49053783.0,
        "Total Revenue": 66986019.0,
        "Operating Revenue": 66986019.0
    },
    "2024-03-31": {
        "Tax Effect Of Unusual Items": 0.0,
        "Tax Rate For Calcs": 0.2218,
        "Normalized EBITDA": 5223822.0,
        "Net Income From Continuing Operation Net Minority Interest": 1947572.0,
        "Reconciled Depreciation": 1876124.0,
        "Reconciled Cost Of Revenue": 51732988.0,
        "EBITDA": 5223822.0,
        "EBIT": 3347698.0,
        "Net Interest Income": -845035.0,
        "Interest Expense": 845035.0,
        "Normalized Income": 1947572.0,
        "Net Income From Continuing And Discontinued Operation": 1947572.0,
        "Total Expenses": 64591743.0,
        "Total Operating Income As Reported": 3337344.0,
        "Diluted Average Shares": 6255400.0,
        "Basic Average Shares": 6215673.0,
        "Diluted EPS": 0.31,
        "Basic EPS": 0.31,
        "Diluted NI Availto Com Stockholders": 1947572.0,
        "Net Income Common Stockholders": 1947572.0,
        "Net Income": 1947572.0,
        "Net Income Including Noncontrolling Interests": 1947572.0,
        "Net Income Discontinuous Operations": NaN,
        "Net Income Continuous Operations": 1947572.0,
        "Tax Provision": 555091.0,
        "Pretax Income": 2502663.0,
        "Other Income Expense": 10354.0,
        "Other Non Operating Income Expenses": 10354.0,
        "Net Non Operating Interest Income Expense": -845035.0,
        "Interest Expense Non Operating": 845035.0,
        "Operating Income": 3337344.0,
        "Operating Expense": 12858755.0,
        "Research And Development": 1359797.0,
        "Selling General And Administration": 11498958.0,
        "Gross Profit": 16196099.0,
        "Cost Of Revenue": 51732988.0,
        "Total Revenue": 67929087.0,
        "Operating Revenue": 67929087.0
    },
    "2024-06-30": {
        "Tax Effect Of Unusual Items": 0.0,
        "Tax Rate For Calcs": 0.224285,
        "Normalized EBITDA": 7217896.0,
        "Net Income From Continuing Operation Net Minority Interest": 3507872.0,
        "Reconciled Depreciation": 1865845.0,
        "Reconciled Cost Of Revenue": 54941336.0,
        "EBITDA": 7217896.0,
        "EBIT": 5352051.0,
        "Net Interest Income": -829934.0,
        "Interest Expense": 829934.0,
        "Normalized Income": 3507872.0,
        "Net Income From Continuing And Discontinued Operation": 3507872.0,
        "Total Expenses": 67779772.0,
        "Total Operating Income As Reported": 5372117.0,
        "Diluted Average Shares": 6258779.0,
        "Basic Average Shares": 6233153.0,
        "Diluted EPS": 0.56,
        "Basic EPS": 0.56,
        "Diluted NI Availto Com Stockholders": 3507872.0,
        "Net Income Common Stockholders": 3507872.0,
        "Net Income": 3507872.0,
        "Net Income Including Noncontrolling Interests": 3507872.0,
        "Net Income Discontinuous Operations": NaN,
        "Net Income Continuous Operations": 3507872.0,
        "Tax Provision": 1014245.0,
        "Pretax Income": 4522117.0,
        "Other Income Expense": -20066.0,
        "Other Non Operating Income Expenses": -20066.0,
        "Net Non Operating Interest Income Expense": -829934.0,
        "Interest Expense Non Operating": 829934.0,
        "Operating Income": 5372117.0,
        "Operating Expense": 12838436.0,
        "Research And Development": 1301487.0,
        "Selling General And Administration": 11536949.0,
        "Gross Profit": 18210553.0,
        "Cost Of Revenue": 54941336.0,
        "Total Revenue": 73151889.0,
        "Operating Revenue": 73151889.0
    }
}