{
    "2023-03-31": {
        "Tax Effect Of Unusual Items": 0.0,
        "Tax Rate For Calcs": 0.078,
        "Normalized EBITDA": 6547000.0,
        "Total Unusual Items": NaN,
        "Total Unusual Items Excluding Goodwill": NaN,
        "Net Income From Continuing Operation Net Minority Interest": 2945000.0,
        "Reconciled Depreciation": 1868000.0,
        "Reconciled Cost Of Revenue": 13302000.0,
        "EBITDA": 6547000.0,
        "EBIT": 4679000.0,
        "Net Interest Income": 492000.0,
        "Interest Expense": NaN,
        "Interest Income": 492000.0,
        "Normalized Income": 2945000.0,
        "Net Income From Continuing And Discontinued Operation": 2945000.0,
        "Total Expenses": 36292000.0,
        "Total Operating Income As Reported": 4679000.0,
        "Diluted Average Shares": 132346000.0,
        "Basic Average Shares": 88863000.0,
        "Diluted EPS": 0.04,
        "Basic EPS": 0.04,
        "Diluted NI Availto Com Stockholders": 4694000.0,
        "Average Dilution Earnings": 1523000.0,
        "Net Income Common Stockholders": 3171000.0,
        "Otherunder Preferred Stock Dividend": -226000.0,
        "Net Income": 2945000.0,
        "Minority Interests": -1749000.0,
        "Net Income Including Noncontrolling Interests": 4694000.0,
        "Net Income Continuous Operations": 4694000.0,
        "Tax Provision": 396000.0,
        "Pretax Income": 5090000.0,
        "Other Income Expense": -81000.0,
        "Other Non Operating Income Expenses": -81000.0,
        "Special Income Charges": NaN,
        "Other Special Charges": NaN,
        "Net Non Operating Interest Income Expense": 492000.0,
        "Interest Expense Non Operating": NaN,
        "Interest Income Non Operating": 492000.0,
        "Operating Income": 4679000.0,
        "Operating Expense": 22990000.0,
        "Research And Development": 4431000.0,
        "Selling General And Administration": 18559000.0,
        "Selling And Marketing Expense": 4086000.0,
        "General And Administrative Expense": 14473000.0,
        "Other Gand A": 14473000.0,
        "Gross Profit": 27669000.0,
        "Cost Of Revenue": 13302000.0,
        "Total Revenue": 40971000.0,
        "Operating Revenue": 40742000.0
    },
    "2022-12-31": {
        "Tax Effect Of Unusual Items": NaN,
        "Tax Rate For Calcs": NaN,
        "Normalized EBITDA": NaN,
        "Total Unusual Items": NaN,
        "Total Unusual Items Excluding Goodwill": NaN,
        "Net Income From Continuing Operation Net Minority Interest": NaN,
        "Reconciled Depreciation": NaN,
        "Reconciled Cost Of Revenue": NaN,
        "EBITDA": NaN,
        "EBIT": NaN,
        "Net Interest Income": 424000.0,
        "Interest Expense": NaN,
        "Interest Income": NaN,
        "Normalized Income": NaN,
        "Net Income From Continuing And Discontinued Operation": NaN,
        "Total Expenses": NaN,
        "Total Operating Income As Reported": NaN,
        "Diluted Average Shares": NaN,
        "Basic Average Shares": NaN,
        "Diluted EPS": NaN,
        "Basic EPS": NaN,
        "Diluted NI Availto Com Stockholders": NaN,
        "Average Dilution Earnings": NaN,
        "Net Income Common Stockholders": NaN,
        "Otherunder Preferred Stock Dividend": NaN,
        "Net Income": NaN,
        "Minority Interests": NaN,
        "Net Income Including Noncontrolling Interests": NaN,
        "Net Income Continuous Operations": NaN,
        "Tax Provision": NaN,
        "Pretax Income": NaN,
        "Other Income Expense": NaN,
        "Other Non Operating Income Expenses": NaN,
        "Special Income Charges": NaN,
        "Other Special Charges": NaN,
        "Net Non Operating Interest Income Expense": 424000.0,
        "Interest Expense Non Operating": NaN,
        "Interest Income Non Operating": NaN,
        "Operating Income": NaN,
        "Operating Expense": NaN,
        "Research And Development": NaN,
        "Selling General And Administration": NaN,
        "Selling And Marketing Expense": NaN,
        "General And Administrative Expense": NaN,
        "Other Gand A": NaN,
        "Gross Profit": NaN,
        "Cost Of Revenue": NaN,
        "Total Revenue": NaN,
        "Operating Revenue": NaN
    },
    "2022-09-30": {
        "Tax Effect Of Unusual Items": NaN,
        "Tax Rate For Calcs": NaN,
        "Normalized EBITDA": NaN,
        "Total Unusual Items": 0.0,
        "Total Unusual Items Excluding Goodwill": 0.0,
        "Net Income From Continuing Operation Net Minority Interest": NaN,
        "Reconciled Depreciation": NaN,
        "Reconciled Cost Of Revenue": NaN,
        "EBITDA": NaN,
        "EBIT": NaN,
        "Net Interest Income": -4000.0,
        "Interest Expense": 4000.0,
        "Interest Income": NaN,
        "Normalized Income": NaN,
        "Net Income From Continuing And Discontinued Operation": NaN,
        "Total Expenses": NaN,
        "Total Operating Income As Reported": NaN,
        "Diluted Average Shares": 131760000.0,
        "Basic Average Shares": 85156000.0,
        "Diluted EPS": 0.02,
        "Basic EPS": 0.02,
        "Diluted NI Availto Com Stockholders": NaN,
        "Average Dilution Earnings": NaN,
        "Net Income Common Stockholders": NaN,
        "Otherunder Preferred Stock Dividend": NaN,
        "Net Income": NaN,
        "Minority Interests": NaN,
        "Net Income Including Noncontrolling Interests": NaN,
        "Net Income Continuous Operations": NaN,
        "Tax Provision": NaN,
        "Pretax Income": NaN,
        "Other Income Expense": NaN,
        "Other Non Operating Income Expenses": NaN,
        "Special Income Charges": 0.0,
        "Other Special Charges": NaN,
        "Net Non Operating Interest Income Expense": -4000.0,
        "Interest Expense Non Operating": 4000.0,
        "Interest Income Non Operating": NaN,
        "Operating Income": NaN,
        "Operating Expense": NaN,
        "Research And Development": NaN,
        "Selling General And Administration": NaN,
        "Selling And Marketing Expense": NaN,
        "General And Administrative Expense": NaN,
        "Other Gand A": NaN,
        "Gross Profit": NaN,
        "Cost Of Revenue": NaN,
        "Total Revenue": NaN,
        "Operating Revenue": NaN
    },
    "2022-06-30": {
        "Tax Effect Of Unusual Items": 0.0,
        "Tax Rate For Calcs": 0.4,
        "Normalized EBITDA": -3905000.0,
        "Net Income From Continuing Operation Net Minority Interest": -2422000.0,
        "Reconciled Depreciation": 1615000.0,
        "Reconciled Cost Of Revenue": 10847000.0,
        "EBITDA": -3905000.0,
        "EBIT": -3905000.0,
        "Net Interest Income": -1000.0,
        "Interest Expense": 1000.0,
        "Normalized Income": -2422000.0,
        "Net Income From Continuing And Discontinued Operation": -2422000.0,
        "Total Expenses": 40446000.0,
        "Total Operating Income As Reported": -3906000.0,
        "Diluted Average Shares": 84581000.0,
        "Basic Average Shares": 84581000.0,
        "Diluted EPS": -0.03,
        "Basic EPS": -0.03,
        "Diluted NI Availto Com Stockholders": -2422000.0,
        "Average Dilution Earnings": NaN,
        "Net Income Common Stockholders": -2422000.0,
        "Otherunder Preferred Stock Dividend": 234000.0,
        "Net Income": -2422000.0,
        "Minority Interests": 1703000.0,
        "Net Income Including Noncontrolling Interests": -4125000.0,
        "Net Income Continuous Operations": -4125000.0,
        "Tax Provision": 219000.0,
        "Pretax Income": -3906000.0,
        "Other Income Expense": 1000.0,
        "Other Non Operating Income Expenses": 1000.0,
        "Net Non Operating Interest Income Expense": -1000.0,
        "Interest Expense Non Operating": 1000.0,
        "Operating Income": -3906000.0,
        "Operating Expense": 29599000.0,
        "Research And Development": 3722000.0,
        "Selling General And Administration": 25877000.0,
        "Selling And Marketing Expense": 7575000.0,
        "General And Administrative Expense": 18302000.0,
        "Other Gand A": 18302000.0,
        "Gross Profit": 25693000.0,
        "Cost Of Revenue": 10847000.0,
        "Total Revenue": 36540000.0,
        "Operating Revenue": 35956000.0
    },
    "2022-03-31": {
        "Diluted EPS": -0.1,
        "Total Revenue": 34,
        "Gross Profit": 23,
        "Operating Income": -12,
        "EBIT": -11,
        "Net Income": -7
    },
    "2021-12-31": {
        "Diluted EPS": 0.0,
        "Total Revenue": 32,
        "Gross Profit": 22,
        "Operating Income": -293,
        "EBIT": -291,
        "Net Income": -170
    },
    "2021-09-30": {
        "Diluted EPS": 0.0,
        "Total Revenue": 29,
        "Gross Profit": 21,
        "Operating Income": 5,
        "EBIT": 6,
        "Net Income": 3
    },
    "2021-06-30": {
        "Diluted EPS": 0.0,
        "Total Revenue": 26,
        "Gross Profit": 20,
        "Operating Income": 6,
        "EBIT": 7,
        "Net Income": 4
    },
    "2021-03-31": {
        "Diluted EPS": 0.0,
        "Total Revenue": 24,
        "Gross Profit": 18,
        "Operating Income": 6,
        "EBIT": 7,
        "Net Income": 4
    },
    "2020-12-31": {
        "Diluted EPS": 0.0,
        "Total Revenue": NaN,
        "Gross Profit": NaN,
        "Operating Income": NaN,
        "EBIT": NaN,
        "Net Income": NaN
    },
    "2020-09-30": {
        "Diluted EPS": 0.0,
        "Total Revenue": 20,
        "Gross Profit": 14,
        "Operating Income": 6,
        "EBIT": 6,
        "Net Income": 6
    },
    "2019-12-31": {
        "Diluted EPS": 0.0,
        "Total Revenue": NaN,
        "Gross Profit": NaN,
        "Operating Income": NaN,
        "EBIT": NaN,
        "Net Income": NaN
    },
    "2023-06-30": {
        "Tax Effect Of Unusual Items": 0.0,
        "Tax Rate For Calcs": 0.159,
        "Normalized EBITDA": 4528000.0,
        "Total Unusual Items": NaN,
        "Total Unusual Items Excluding Goodwill": NaN,
        "Net Income From Continuing Operation Net Minority Interest": 629000.0,
        "Reconciled Depreciation": 2082000.0,
        "Reconciled Cost Of Revenue": 14208000.0,
        "EBITDA": 4528000.0,
        "EBIT": 2446000.0,
        "Net Interest Income": NaN,
        "Interest Expense": NaN,
        "Interest Income": NaN,
        "Normalized Income": 629000.0,
        "Net Income From Continuing And Discontinued Operation": 629000.0,
        "Total Expenses": 40275000.0,
        "Total Operating Income As Reported": 2446000.0,
        "Diluted Average Shares": 129856000.0,
        "Basic Average Shares": 88314000.0,
        "Diluted EPS": 0.01,
        "Basic EPS": 0.01,
        "Diluted NI Availto Com Stockholders": 998000.0,
        "Average Dilution Earnings": 317000.0,
        "Net Income Common Stockholders": 681000.0,
        "Otherunder Preferred Stock Dividend": -52000.0,
        "Net Income": 629000.0,
        "Minority Interests": -369000.0,
        "Net Income Including Noncontrolling Interests": 998000.0,
        "Net Income Continuous Operations": 998000.0,
        "Tax Provision": 188000.0,
        "Pretax Income": 1186000.0,
        "Other Income Expense": -1260000.0,
        "Other Non Operating Income Expenses": -1260000.0,
        "Special Income Charges": NaN,
        "Other Special Charges": NaN,
        "Net Non Operating Interest Income Expense": NaN,
        "Interest Expense Non Operating": NaN,
        "Interest Income Non Operating": NaN,
        "Operating Income": 2446000.0,
        "Operating Expense": 26067000.0,
        "Research And Development": 4464000.0,
        "Selling General And Administration": 21603000.0,
        "Selling And Marketing Expense": 5277000.0,
        "General And Administrative Expense": 16326000.0,
        "Other Gand A": 16326000.0,
        "Gross Profit": 28513000.0,
        "Cost Of Revenue": 14208000.0,
        "Total Revenue": 42721000.0,
        "Operating Revenue": 42555000.0
    },
    "2023-09-30": {
        "Tax Effect Of Unusual Items": -9438.0,
        "Tax Rate For Calcs": 0.121,
        "Normalized EBITDA": 5289000.0,
        "Total Unusual Items": -78000.0,
        "Total Unusual Items Excluding Goodwill": -78000.0,
        "Net Income From Continuing Operation Net Minority Interest": 1828000.0,
        "Reconciled Depreciation": 2522000.0,
        "Reconciled Cost Of Revenue": 14507000.0,
        "EBITDA": 5211000.0,
        "EBIT": 2689000.0,
        "Net Interest Income": NaN,
        "Interest Expense": NaN,
        "Interest Income": NaN,
        "Normalized Income": 1896562.0,
        "Net Income From Continuing And Discontinued Operation": 1828000.0,
        "Total Expenses": 41668000.0,
        "Total Operating Income As Reported": 2689000.0,
        "Diluted Average Shares": 127841000.0,
        "Basic Average Shares": 87739000.0,
        "Diluted EPS": 0.02,
        "Basic EPS": 0.02,
        "Diluted NI Availto Com Stockholders": 2661000.0,
        "Average Dilution Earnings": 830000.0,
        "Net Income Common Stockholders": 1831000.0,
        "Otherunder Preferred Stock Dividend": -3000.0,
        "Net Income": 1828000.0,
        "Minority Interests": -833000.0,
        "Net Income Including Noncontrolling Interests": 2661000.0,
        "Net Income Continuous Operations": 2661000.0,
        "Tax Provision": 367000.0,
        "Pretax Income": 3028000.0,
        "Other Income Expense": 339000.0,
        "Other Non Operating Income Expenses": 417000.0,
        "Special Income Charges": -78000.0,
        "Other Special Charges": 78000.0,
        "Net Non Operating Interest Income Expense": NaN,
        "Interest Expense Non Operating": NaN,
        "Interest Income Non Operating": NaN,
        "Operating Income": 2689000.0,
        "Operating Expense": 27161000.0,
        "Research And Development": 4937000.0,
        "Selling General And Administration": 22224000.0,
        "Selling And Marketing Expense": 5503000.0,
        "General And Administrative Expense": 16721000.0,
        "Other Gand A": 16721000.0,
        "Gross Profit": 29850000.0,
        "Cost Of Revenue": 14507000.0,
        "Total Revenue": 44357000.0,
        "Operating Revenue": 43885000.0
    },
    "2023-12-31": {
        "Tax Effect Of Unusual Items": 0.0,
        "Tax Rate For Calcs": 0.21,
        "Normalized EBITDA": 5649000.0,
        "Total Unusual Items": NaN,
        "Total Unusual Items Excluding Goodwill": NaN,
        "Net Income From Continuing Operation Net Minority Interest": 623000.0,
        "Reconciled Depreciation": 3515000.0,
        "Reconciled Cost Of Revenue": 15624000.0,
        "EBITDA": 5649000.0,
        "EBIT": 2134000.0,
        "Net Interest Income": NaN,
        "Interest Expense": NaN,
        "Interest Income": NaN,
        "Normalized Income": 623000.0,
        "Net Income From Continuing And Discontinued Operation": 623000.0,
        "Total Expenses": 44352000.0,
        "Total Operating Income As Reported": 2134000.0,
        "Diluted Average Shares": NaN,
        "Basic Average Shares": NaN,
        "Diluted EPS": NaN,
        "Basic EPS": NaN,
        "Diluted NI Availto Com Stockholders": 900000.0,
        "Average Dilution Earnings": 262000.0,
        "Net Income Common Stockholders": 638000.0,
        "Otherunder Preferred Stock Dividend": -15000.0,
        "Net Income": 623000.0,
        "Minority Interests": -277000.0,
        "Net Income Including Noncontrolling Interests": 900000.0,
        "Net Income Continuous Operations": 900000.0,
        "Tax Provision": 1280000.0,
        "Pretax Income": 2180000.0,
        "Other Income Expense": -1595000.0,
        "Other Non Operating Income Expenses": -1673000.0,
        "Special Income Charges": NaN,
        "Other Special Charges": NaN,
        "Net Non Operating Interest Income Expense": NaN,
        "Interest Expense Non Operating": NaN,
        "Interest Income Non Operating": NaN,
        "Operating Income": 2134000.0,
        "Operating Expense": 28728000.0,
        "Research And Development": 6061000.0,
        "Selling General And Administration": 22667000.0,
        "Selling And Marketing Expense": 5552000.0,
        "General And Administrative Expense": 17115000.0,
        "Other Gand A": 17115000.0,
        "Gross Profit": 30862000.0,
        "Cost Of Revenue": 15624000.0,
        "Total Revenue": 46486000.0,
        "Operating Revenue": 46110000.0
    },
    "2024-03-31": {
        "Tax Effect Of Unusual Items": 0.0,
        "Tax Rate For Calcs": 0.133,
        "Normalized EBITDA": 1561000.0,
        "Total Unusual Items": NaN,
        "Total Unusual Items Excluding Goodwill": NaN,
        "Net Income From Continuing Operation Net Minority Interest": -539000.0,
        "Reconciled Depreciation": 2674000.0,
        "Reconciled Cost Of Revenue": 16174000.0,
        "EBITDA": 1561000.0,
        "EBIT": -1113000.0,
        "Net Interest Income": 317000.0,
        "Interest Expense": NaN,
        "Interest Income": 317000.0,
        "Normalized Income": -539000.0,
        "Net Income From Continuing And Discontinued Operation": -539000.0,
        "Total Expenses": 49165000.0,
        "Total Operating Income As Reported": -1113000.0,
        "Diluted Average Shares": 89509000.0,
        "Basic Average Shares": 89509000.0,
        "Diluted EPS": -0.01,
        "Basic EPS": -0.01,
        "Diluted NI Availto Com Stockholders": -539000.0,
        "Average Dilution Earnings": 0.0,
        "Net Income Common Stockholders": -539000.0,
        "Otherunder Preferred Stock Dividend": 0.0,
        "Net Income": -539000.0,
        "Minority Interests": 222000.0,
        "Net Income Including Noncontrolling Interests": -761000.0,
        "Net Income Continuous Operations": -761000.0,
        "Tax Provision": -117000.0,
        "Pretax Income": -878000.0,
        "Other Income Expense": -82000.0,
        "Other Non Operating Income Expenses": -82000.0,
        "Special Income Charges": NaN,
        "Other Special Charges": NaN,
        "Net Non Operating Interest Income Expense": 317000.0,
        "Interest Expense Non Operating": NaN,
        "Interest Income Non Operating": 317000.0,
        "Operating Income": -1113000.0,
        "Operating Expense": 32991000.0,
        "Research And Development": 6551000.0,
        "Selling General And Administration": 26440000.0,
        "Selling And Marketing Expense": 6217000.0,
        "General And Administrative Expense": 20223000.0,
        "Other Gand A": 20223000.0,
        "Gross Profit": 31878000.0,
        "Cost Of Revenue": 16174000.0,
        "Total Revenue": 48052000.0,
        "Operating Revenue": 47866000.0
    }
}