{
    "2023-03-31": {
        "Tax Effect Of Unusual Items": -624495.0,
        "Tax Rate For Calcs": 0.237,
        "Normalized EBITDA": 30319000.0,
        "Total Unusual Items": -2635000.0,
        "Total Unusual Items Excluding Goodwill": -2635000.0,
        "Net Income From Continuing Operation Net Minority Interest": -23038000.0,
        "Reconciled Depreciation": 51991000.0,
        "Reconciled Cost Of Revenue": 151135000.0,
        "EBITDA": 27684000.0,
        "EBIT": -24307000.0,
        "Net Interest Income": -5652000.0,
        "Interest Expense": 5652000.0,
        "Normalized Income": -21027495.0,
        "Net Income From Continuing And Discontinued Operation": -23350000.0,
        "Total Expenses": 428484000.0,
        "Total Operating Income As Reported": -24968000.0,
        "Diluted Average Shares": 54325396.0,
        "Basic Average Shares": 54325396.0,
        "Diluted EPS": -0.43,
        "Basic EPS": -0.43,
        "Diluted NI Availto Com Stockholders": -23350000.0,
        "Net Income Common Stockholders": -23350000.0,
        "Net Income": -23350000.0,
        "Minority Interests": -192000.0,
        "Net Income Including Noncontrolling Interests": -23158000.0,
        "Net Income Discontinuous Operations": -312000.0,
        "Net Income Continuous Operations": -22846000.0,
        "Tax Provision": -7113000.0,
        "Pretax Income": -29959000.0,
        "Other Income Expense": -1974000.0,
        "Other Non Operating Income Expenses": 661000.0,
        "Special Income Charges": -2635000.0,
        "Other Special Charges": NaN,
        "Restructuring And Mergern Acquisition": 2635000.0,
        "Gain On Sale Of Security": NaN,
        "Net Non Operating Interest Income Expense": -5652000.0,
        "Interest Expense Non Operating": 5652000.0,
        "Operating Income": -22333000.0,
        "Operating Expense": 257398000.0,
        "Depreciation Amortization Depletion Income Statement": 32040000.0,
        "Depreciation And Amortization In Income Statement": 32040000.0,
        "Amortization": 32040000.0,
        "Amortization Of Intangibles Income Statement": 32040000.0,
        "Research And Development": 18193000.0,
        "Selling General And Administration": 207165000.0,
        "Gross Profit": 235065000.0,
        "Cost Of Revenue": 171086000.0,
        "Total Revenue": 406151000.0,
        "Operating Revenue": 406151000.0
    },
    "2022-12-31": {
        "Tax Effect Of Unusual Items": 5258190.0,
        "Tax Rate For Calcs": 0.21,
        "Normalized EBITDA": 30786000.0,
        "Total Unusual Items": 25039000.0,
        "Total Unusual Items Excluding Goodwill": 25039000.0,
        "Net Income From Continuing Operation Net Minority Interest": -54870000.0,
        "Reconciled Depreciation": 52257000.0,
        "Reconciled Cost Of Revenue": 156401000.0,
        "EBITDA": 55825000.0,
        "EBIT": 3568000.0,
        "Net Interest Income": -6108000.0,
        "Interest Expense": 6108000.0,
        "Normalized Income": -74650810.0,
        "Net Income From Continuing And Discontinued Operation": -38603000.0,
        "Total Expenses": 431972000.0,
        "Total Operating Income As Reported": -28185000.0,
        "Diluted Average Shares": 54370423.0,
        "Basic Average Shares": 54370423.0,
        "Diluted EPS": -0.71,
        "Basic EPS": -0.71,
        "Diluted NI Availto Com Stockholders": -38603000.0,
        "Net Income Common Stockholders": -38603000.0,
        "Net Income": -38603000.0,
        "Minority Interests": -34000.0,
        "Net Income Including Noncontrolling Interests": -38569000.0,
        "Net Income Discontinuous Operations": 16267000.0,
        "Net Income Continuous Operations": -54836000.0,
        "Tax Provision": 52296000.0,
        "Pretax Income": -2540000.0,
        "Other Income Expense": 26827000.0,
        "Other Non Operating Income Expenses": 1788000.0,
        "Special Income Charges": -5218000.0,
        "Other Special Charges": -4354000.0,
        "Restructuring And Mergern Acquisition": 9572000.0,
        "Gain On Sale Of Security": 30257000.0,
        "Net Non Operating Interest Income Expense": -6108000.0,
        "Interest Expense Non Operating": 6108000.0,
        "Operating Income": -23259000.0,
        "Operating Expense": 255012000.0,
        "Depreciation Amortization Depletion Income Statement": 31698000.0,
        "Depreciation And Amortization In Income Statement": 31698000.0,
        "Amortization": 31698000.0,
        "Amortization Of Intangibles Income Statement": 31698000.0,
        "Research And Development": 14725000.0,
        "Selling General And Administration": 208589000.0,
        "Gross Profit": 231753000.0,
        "Cost Of Revenue": 176960000.0,
        "Total Revenue": 408713000.0,
        "Operating Revenue": 408713000.0
    },
    "2022-09-30": {
        "Tax Effect Of Unusual Items": -9209662.0,
        "Tax Rate For Calcs": 0.158,
        "Normalized EBITDA": 36498000.0,
        "Total Unusual Items": -58289000.0,
        "Total Unusual Items Excluding Goodwill": -58289000.0,
        "Net Income From Continuing Operation Net Minority Interest": -66085000.0,
        "Reconciled Depreciation": 50153000.0,
        "Reconciled Cost Of Revenue": 149830000.0,
        "EBITDA": -21791000.0,
        "EBIT": -71944000.0,
        "Net Interest Income": -6334000.0,
        "Interest Expense": 6334000.0,
        "Normalized Income": -17005662.0,
        "Net Income From Continuing And Discontinued Operation": -66612000.0,
        "Total Expenses": 397769000.0,
        "Total Operating Income As Reported": -17919000.0,
        "Diluted Average Shares": 54136889.0,
        "Basic Average Shares": 54136889.0,
        "Diluted EPS": -1.23,
        "Basic EPS": -1.23,
        "Diluted NI Availto Com Stockholders": -66612000.0,
        "Net Income Common Stockholders": -66612000.0,
        "Net Income": -66612000.0,
        "Minority Interests": -136000.0,
        "Net Income Including Noncontrolling Interests": -66476000.0,
        "Net Income Discontinuous Operations": -527000.0,
        "Net Income Continuous Operations": -65949000.0,
        "Tax Provision": -12329000.0,
        "Pretax Income": -78278000.0,
        "Other Income Expense": -57989000.0,
        "Other Non Operating Income Expenses": 300000.0,
        "Special Income Charges": -3964000.0,
        "Other Special Charges": 975000.0,
        "Restructuring And Mergern Acquisition": 2989000.0,
        "Gain On Sale Of Security": -54325000.0,
        "Net Non Operating Interest Income Expense": -6334000.0,
        "Interest Expense Non Operating": 6334000.0,
        "Operating Income": -13955000.0,
        "Operating Expense": 229779000.0,
        "Depreciation Amortization Depletion Income Statement": 31993000.0,
        "Depreciation And Amortization In Income Statement": 31993000.0,
        "Amortization": 31993000.0,
        "Amortization Of Intangibles Income Statement": 31993000.0,
        "Research And Development": 15599000.0,
        "Selling General And Administration": 182187000.0,
        "Gross Profit": 215824000.0,
        "Cost Of Revenue": 167990000.0,
        "Total Revenue": 383814000.0,
        "Operating Revenue": 383814000.0
    },
    "2022-06-30": {
        "Tax Effect Of Unusual Items": 58488800.0,
        "Tax Rate For Calcs": 0.4,
        "Normalized EBITDA": 26038000.0,
        "Total Unusual Items": 146222000.0,
        "Total Unusual Items Excluding Goodwill": 146222000.0,
        "Net Income From Continuing Operation Net Minority Interest": 120521000.0,
        "Reconciled Depreciation": 51274000.0,
        "Reconciled Cost Of Revenue": 179211000.0,
        "EBITDA": 172260000.0,
        "EBIT": 120986000.0,
        "Net Interest Income": -4546000.0,
        "Interest Expense": 4546000.0,
        "Normalized Income": 32787800.0,
        "Net Income From Continuing And Discontinued Operation": 76855000.0,
        "Total Expenses": 420353000.0,
        "Total Operating Income As Reported": 5553000.0,
        "Diluted Average Shares": 54521849.0,
        "Basic Average Shares": 54080549.0,
        "Diluted EPS": 1.41,
        "Basic EPS": 1.42,
        "Diluted NI Availto Com Stockholders": 76855000.0,
        "Net Income Common Stockholders": 76855000.0,
        "Net Income": 76855000.0,
        "Minority Interests": -130000.0,
        "Net Income Including Noncontrolling Interests": 76985000.0,
        "Net Income Discontinuous Operations": -43666000.0,
        "Net Income Continuous Operations": 120651000.0,
        "Tax Provision": -4211000.0,
        "Pretax Income": 116440000.0,
        "Other Income Expense": 146222000.0,
        "Other Non Operating Income Expenses": NaN,
        "Special Income Charges": 10685000.0,
        "Other Special Charges": -12930000.0,
        "Restructuring And Mergern Acquisition": 2245000.0,
        "Gain On Sale Of Security": 135537000.0,
        "Net Non Operating Interest Income Expense": -4546000.0,
        "Interest Expense Non Operating": 4546000.0,
        "Operating Income": -25236000.0,
        "Operating Expense": 241142000.0,
        "Depreciation Amortization Depletion Income Statement": NaN,
        "Depreciation And Amortization In Income Statement": NaN,
        "Amortization": NaN,
        "Amortization Of Intangibles Income Statement": NaN,
        "Research And Development": 15661000.0,
        "Selling General And Administration": 225481000.0,
        "Gross Profit": 215906000.0,
        "Cost Of Revenue": 179211000.0,
        "Total Revenue": 395117000.0,
        "Operating Revenue": 395117000.0
    },
    "2023-06-30": {
        "Tax Effect Of Unusual Items": -928420.0,
        "Tax Rate For Calcs": 0.244,
        "Normalized EBITDA": 41600000.0,
        "Total Unusual Items": -3805000.0,
        "Total Unusual Items Excluding Goodwill": -3805000.0,
        "Net Income From Continuing Operation Net Minority Interest": -14792000.0,
        "Reconciled Depreciation": 53042000.0,
        "Reconciled Cost Of Revenue": 159350000.0,
        "EBITDA": 37795000.0,
        "EBIT": -15247000.0,
        "Net Interest Income": -4076000.0,
        "Interest Expense": 4076000.0,
        "Normalized Income": -11915420.0,
        "Net Income From Continuing And Discontinued Operation": -9995000.0,
        "Total Expenses": 439191000.0,
        "Total Operating Income As Reported": -14494000.0,
        "Diluted Average Shares": 54510688.0,
        "Basic Average Shares": 54510688.0,
        "Diluted EPS": -0.18,
        "Basic EPS": -0.18,
        "Diluted NI Availto Com Stockholders": -9995000.0,
        "Net Income Common Stockholders": -9995000.0,
        "Net Income": -9995000.0,
        "Minority Interests": -182000.0,
        "Net Income Including Noncontrolling Interests": -9813000.0,
        "Net Income Discontinuous Operations": 4797000.0,
        "Net Income Continuous Operations": -14610000.0,
        "Tax Provision": -4713000.0,
        "Pretax Income": -19323000.0,
        "Other Income Expense": -4558000.0,
        "Other Non Operating Income Expenses": -753000.0,
        "Special Income Charges": -3805000.0,
        "Other Special Charges": NaN,
        "Restructuring And Mergern Acquisition": 3805000.0,
        "Gain On Sale Of Security": NaN,
        "Net Non Operating Interest Income Expense": -4076000.0,
        "Interest Expense Non Operating": 4076000.0,
        "Operating Income": -10689000.0,
        "Operating Expense": 259048000.0,
        "Depreciation Amortization Depletion Income Statement": 32249000.0,
        "Depreciation And Amortization In Income Statement": 32249000.0,
        "Amortization": 32249000.0,
        "Amortization Of Intangibles Income Statement": 32249000.0,
        "Research And Development": 18918000.0,
        "Selling General And Administration": 207881000.0,
        "Gross Profit": 248359000.0,
        "Cost Of Revenue": 180143000.0,
        "Total Revenue": 428502000.0,
        "Operating Revenue": 428502000.0
    },
    "2022-03-31": {
        "Diluted EPS": 0.28,
        "Total Revenue": 375,
        "Gross Profit": 206,
        "Operating Income": -31,
        "EBIT": 35,
        "Net Income": 15
    },
    "2021-12-31": {
        "Diluted EPS": -0.05,
        "Total Revenue": -169,
        "Gross Profit": 8,
        "Operating Income": -98,
        "EBIT": -32,
        "Net Income": -2
    },
    "2021-09-30": {
        "Diluted EPS": 0.49,
        "Total Revenue": 360,
        "Gross Profit": 198,
        "Operating Income": -16,
        "EBIT": 53,
        "Net Income": 26
    },
    "2021-06-30": {
        "Diluted EPS": 0.56,
        "Total Revenue": 356,
        "Gross Profit": 201,
        "Operating Income": -10,
        "EBIT": 56,
        "Net Income": 29
    },
    "2021-03-31": {
        "Diluted EPS": 0.4,
        "Total Revenue": 879,
        "Gross Profit": 371,
        "Operating Income": 61,
        "EBIT": 124,
        "Net Income": 19
    },
    "2020-12-31": {
        "Diluted EPS": 0.72,
        "Total Revenue": NaN,
        "Gross Profit": -330,
        "Operating Income": -170,
        "EBIT": -105,
        "Net Income": 33
    },
    "2020-09-30": {
        "Diluted EPS": 0.3,
        "Total Revenue": 806,
        "Gross Profit": 344,
        "Operating Income": 62,
        "EBIT": 123,
        "Net Income": 13
    },
    "2020-06-30": {
        "Diluted EPS": -0.18,
        "Total Revenue": 620,
        "Gross Profit": 241,
        "Operating Income": -5,
        "EBIT": 57,
        "Net Income": -8
    },
    "2020-03-31": {
        "Diluted EPS": 0.09,
        "Total Revenue": 816,
        "Gross Profit": 348,
        "Operating Income": 47,
        "EBIT": 105,
        "Net Income": 4
    },
    "2019-12-31": {
        "Diluted EPS": -0.39,
        "Total Revenue": 888,
        "Gross Profit": 396,
        "Operating Income": 92,
        "EBIT": 137,
        "Net Income": -17
    },
    "2019-09-30": {
        "Diluted EPS": 0.24,
        "Total Revenue": 847,
        "Gross Profit": 368,
        "Operating Income": 68,
        "EBIT": 138,
        "Net Income": 10
    },
    "2019-06-30": {
        "Diluted EPS": -10.35,
        "Total Revenue": 909,
        "Gross Profit": 376,
        "Operating Income": 42,
        "EBIT": 117,
        "Net Income": -469
    },
    "2019-03-31": {
        "Diluted EPS": -1.17,
        "Total Revenue": 684,
        "Gross Profit": 261,
        "Operating Income": 2,
        "EBIT": 47,
        "Net Income": -52
    },
    "2018-12-31": {
        "Diluted EPS": 1.17,
        "Total Revenue": 227,
        "Gross Profit": 96,
        "Operating Income": 9,
        "EBIT": 47,
        "Net Income": 46
    },
    "2018-09-30": {
        "Diluted EPS": 0.78,
        "Total Revenue": 524,
        "Gross Profit": 171,
        "Operating Income": 35,
        "EBIT": 74,
        "Net Income": 31
    },
    "2018-06-30": {
        "Diluted EPS": 0.93,
        "Total Revenue": 561,
        "Gross Profit": 192,
        "Operating Income": 45,
        "EBIT": 80,
        "Net Income": 38
    },
    "2018-03-31": {
        "Diluted EPS": 0.6,
        "Total Revenue": 881,
        "Gross Profit": 271,
        "Operating Income": 62,
        "EBIT": 99,
        "Net Income": 25
    },
    "2017-12-31": {
        "Diluted EPS": 0.33,
        "Total Revenue": -489,
        "Gross Profit": -90,
        "Operating Income": -70,
        "EBIT": 145,
        "Net Income": 13
    },
    "2017-09-30": {
        "Diluted EPS": 1.11,
        "Total Revenue": 845,
        "Gross Profit": 264,
        "Operating Income": 75,
        "EBIT": 108,
        "Net Income": 46
    },
    "2017-06-30": {
        "Diluted EPS": 1.29,
        "Total Revenue": 848,
        "Gross Profit": 258,
        "Operating Income": 70,
        "EBIT": 107,
        "Net Income": 53
    },
    "2017-03-31": {
        "Diluted EPS": 0.93,
        "Total Revenue": 734,
        "Gross Profit": 240,
        "Operating Income": 60,
        "EBIT": 92,
        "Net Income": 39
    },
    "2016-12-31": {
        "Diluted EPS": 0.93,
        "Total Revenue": 585,
        "Gross Profit": 172,
        "Operating Income": 57,
        "EBIT": 93,
        "Net Income": 38
    },
    "2016-09-30": {
        "Diluted EPS": 0.69,
        "Total Revenue": 767,
        "Gross Profit": 238,
        "Operating Income": 59,
        "EBIT": 92,
        "Net Income": 28
    },
    "2016-06-30": {
        "Diluted EPS": 0.96,
        "Total Revenue": 957,
        "Gross Profit": 301,
        "Operating Income": 73,
        "EBIT": 109,
        "Net Income": 40
    },
    "2016-03-31": {
        "Diluted EPS": 0.54,
        "Total Revenue": 877,
        "Gross Profit": 281,
        "Operating Income": 48,
        "EBIT": 86,
        "Net Income": 23
    },
    "2015-12-31": {
        "Diluted EPS": 1.05,
        "Total Revenue": 529,
        "Gross Profit": 153,
        "Operating Income": 46,
        "EBIT": 90,
        "Net Income": 44
    },
    "2015-09-30": {
        "Diluted EPS": 0.45,
        "Total Revenue": 969,
        "Gross Profit": 296,
        "Operating Income": 46,
        "EBIT": 85,
        "Net Income": 18
    },
    "2015-06-30": {
        "Diluted EPS": 1.26,
        "Total Revenue": NaN,
        "Gross Profit": 328,
        "Operating Income": 97,
        "EBIT": 131,
        "Net Income": 53
    },
    "2015-03-31": {
        "Diluted EPS": 1.26,
        "Total Revenue": 911,
        "Gross Profit": 294,
        "Operating Income": 77,
        "EBIT": 114,
        "Net Income": 52
    },
    "2014-12-31": {
        "Diluted EPS": 2.04,
        "Total Revenue": NaN,
        "Gross Profit": 392,
        "Operating Income": 107,
        "EBIT": 153,
        "Net Income": 80
    },
    "2014-09-30": {
        "Diluted EPS": 1.77,
        "Total Revenue": NaN,
        "Gross Profit": 373,
        "Operating Income": 119,
        "EBIT": 162,
        "Net Income": 73
    },
    "2014-06-30": {
        "Diluted EPS": 4.59,
        "Total Revenue": NaN,
        "Gross Profit": 388,
        "Operating Income": 96,
        "EBIT": 151,
        "Net Income": 192
    },
    "2014-03-31": {
        "Diluted EPS": 0.66,
        "Total Revenue": NaN,
        "Gross Profit": 326,
        "Operating Income": 88,
        "EBIT": 119,
        "Net Income": 25
    },
    "2013-12-31": {
        "Diluted EPS": 0.99,
        "Total Revenue": NaN,
        "Gross Profit": 357,
        "Operating Income": 120,
        "EBIT": 152,
        "Net Income": 35
    },
    "2013-09-30": {
        "Diluted EPS": 1.44,
        "Total Revenue": NaN,
        "Gross Profit": 320,
        "Operating Income": 103,
        "EBIT": 134,
        "Net Income": 50
    },
    "2013-06-30": {
        "Diluted EPS": 1.56,
        "Total Revenue": NaN,
        "Gross Profit": 338,
        "Operating Income": 112,
        "EBIT": 137,
        "Net Income": 53
    },
    "2013-03-31": {
        "Diluted EPS": 0.63,
        "Total Revenue": 947,
        "Gross Profit": 291,
        "Operating Income": 72,
        "EBIT": 102,
        "Net Income": 20
    },
    "2012-12-31": {
        "Diluted EPS": 0.9,
        "Total Revenue": NaN,
        "Gross Profit": 308,
        "Operating Income": 52,
        "EBIT": 84,
        "Net Income": 15
    },
    "2012-09-30": {
        "Diluted EPS": 0.12,
        "Total Revenue": 954,
        "Gross Profit": 288,
        "Operating Income": 52,
        "EBIT": 98,
        "Net Income": 4
    },
    "2012-06-30": {
        "Diluted EPS": 0.21,
        "Total Revenue": NaN,
        "Gross Profit": 315,
        "Operating Income": 60,
        "EBIT": 104,
        "Net Income": 7
    },
    "2012-03-31": {
        "Diluted EPS": -3.99,
        "Total Revenue": 886,
        "Gross Profit": 242,
        "Operating Income": -24,
        "EBIT": 38,
        "Net Income": -109
    },
    "2011-12-31": {
        "Diluted EPS": -1.08,
        "Total Revenue": 178,
        "Gross Profit": 62,
        "Operating Income": -8,
        "EBIT": -3,
        "Net Income": -16
    },
    "2011-09-30": {
        "Diluted EPS": 0.24,
        "Total Revenue": 170,
        "Gross Profit": 61,
        "Operating Income": 5,
        "EBIT": 11,
        "Net Income": 4
    },
    "2011-06-30": {
        "Diluted EPS": 0.69,
        "Total Revenue": 187,
        "Gross Profit": 65,
        "Operating Income": 17,
        "EBIT": 24,
        "Net Income": 10
    },
    "2011-03-31": {
        "Diluted EPS": 0.45,
        "Total Revenue": 159,
        "Gross Profit": 53,
        "Operating Income": 11,
        "EBIT": 17,
        "Net Income": 7
    },
    "2010-12-31": {
        "Diluted EPS": 0.6,
        "Total Revenue": 167,
        "Gross Profit": 60,
        "Operating Income": 20,
        "EBIT": 25,
        "Net Income": 9
    },
    "2010-09-30": {
        "Diluted EPS": 0.39,
        "Total Revenue": 132,
        "Gross Profit": 47,
        "Operating Income": 9,
        "EBIT": 13,
        "Net Income": 6
    },
    "2010-06-30": {
        "Diluted EPS": 0.15,
        "Total Revenue": 123,
        "Gross Profit": 43,
        "Operating Income": 5,
        "EBIT": 9,
        "Net Income": 2
    },
    "2010-03-31": {
        "Diluted EPS": -0.03,
        "Total Revenue": 120,
        "Gross Profit": 42,
        "Operating Income": 1,
        "EBIT": 5,
        "Net Income": 0
    },
    "2009-12-31": {
        "Diluted EPS": 0.48,
        "Total Revenue": 131,
        "Gross Profit": 47,
        "Operating Income": 10,
        "EBIT": 14,
        "Net Income": 7
    },
    "2009-09-30": {
        "Diluted EPS": 0.39,
        "Total Revenue": 129,
        "Gross Profit": 46,
        "Operating Income": 10,
        "EBIT": 14,
        "Net Income": 6
    },
    "2009-06-30": {
        "Diluted EPS": 0.3,
        "Total Revenue": 129,
        "Gross Profit": 45,
        "Operating Income": 8,
        "EBIT": 12,
        "Net Income": 4
    },
    "2009-03-31": {
        "Diluted EPS": 0.48,
        "Total Revenue": 136,
        "Gross Profit": 48,
        "Operating Income": 12,
        "EBIT": 16,
        "Net Income": 7
    },
    "2023-09-30": {
        "Tax Effect Of Unusual Items": -1266054.0,
        "Tax Rate For Calcs": 0.237,
        "Normalized EBITDA": 41067000.0,
        "Total Unusual Items": -5342000.0,
        "Total Unusual Items Excluding Goodwill": -5342000.0,
        "Net Income From Continuing Operation Net Minority Interest": -19491000.0,
        "Reconciled Depreciation": 55460000.0,
        "Reconciled Cost Of Revenue": 153065000.0,
        "EBITDA": 35725000.0,
        "EBIT": -19735000.0,
        "Net Interest Income": -5768000.0,
        "Interest Expense": 5768000.0,
        "Normalized Income": -15415054.0,
        "Net Income From Continuing And Discontinued Operation": -2880000.0,
        "Total Expenses": 432674000.0,
        "Total Operating Income As Reported": -20492000.0,
        "Diluted Average Shares": 54549369.0,
        "Basic Average Shares": 54549369.0,
        "Diluted EPS": -0.05,
        "Basic EPS": -0.05,
        "Diluted NI Availto Com Stockholders": -2880000.0,
        "Net Income Common Stockholders": -2880000.0,
        "Net Income": -2880000.0,
        "Minority Interests": -40000.0,
        "Net Income Including Noncontrolling Interests": -2840000.0,
        "Net Income Discontinuous Operations": 16611000.0,
        "Net Income Continuous Operations": -19451000.0,
        "Tax Provision": -6052000.0,
        "Pretax Income": -25503000.0,
        "Other Income Expense": -4585000.0,
        "Other Non Operating Income Expenses": 757000.0,
        "Special Income Charges": -5342000.0,
        "Other Special Charges": NaN,
        "Restructuring And Mergern Acquisition": 5342000.0,
        "Gain On Sale Of Security": NaN,
        "Net Non Operating Interest Income Expense": -5768000.0,
        "Interest Expense Non Operating": 5768000.0,
        "Operating Income": -15150000.0,
        "Operating Expense": 258116000.0,
        "Depreciation Amortization Depletion Income Statement": 33967000.0,
        "Depreciation And Amortization In Income Statement": 33967000.0,
        "Amortization": 33967000.0,
        "Amortization Of Intangibles Income Statement": 33967000.0,
        "Research And Development": 19901000.0,
        "Selling General And Administration": 204248000.0,
        "Gross Profit": 242966000.0,
        "Cost Of Revenue": 174558000.0,
        "Total Revenue": 417524000.0,
        "Operating Revenue": 417524000.0
    }
}