{
    "2023-06-30": {
        "Tax Effect Of Unusual Items": -26275.669848,
        "Tax Rate For Calcs": 0.14845,
        "Normalized EBITDA": 204818000.0,
        "Total Unusual Items": -177000.0,
        "Total Unusual Items Excluding Goodwill": -177000.0,
        "Net Income From Continuing Operation Net Minority Interest": 157191000.0,
        "Reconciled Depreciation": 17828000.0,
        "Reconciled Cost Of Revenue": 387776000.0,
        "EBITDA": 204641000.0,
        "EBIT": 186813000.0,
        "Net Interest Income": 14307000.0,
        "Interest Expense": 2219000.0,
        "Interest Income": 16526000.0,
        "Normalized Income": 157341724.330152,
        "Net Income From Continuing And Discontinued Operation": 157191000.0,
        "Total Expenses": 540621000.0,
        "Total Operating Income As Reported": 170320000.0,
        "Diluted Average Shares": 145098000.0,
        "Basic Average Shares": 136607000.0,
        "Diluted EPS": 1.09,
        "Basic EPS": 1.15,
        "Diluted NI Availto Com Stockholders": 157191000.0,
        "Average Dilution Earnings": 1651000.0,
        "Net Income Common Stockholders": 157191000.0,
        "Net Income": 157191000.0,
        "Net Income Including Noncontrolling Interests": 157191000.0,
        "Net Income Continuous Operations": 157191000.0,
        "Tax Provision": 27403000.0,
        "Pretax Income": 184594000.0,
        "Other Income Expense": -210000.0,
        "Other Non Operating Income Expenses": -33000.0,
        "Special Income Charges": -177000.0,
        "Restructuring And Mergern Acquisition": 177000.0,
        "Gain On Sale Of Security": NaN,
        "Net Non Operating Interest Income Expense": 14307000.0,
        "Interest Expense Non Operating": 2219000.0,
        "Interest Income Non Operating": 16526000.0,
        "Operating Income": 170497000.0,
        "Operating Expense": 152845000.0,
        "Research And Development": 60043000.0,
        "Selling General And Administration": 92802000.0,
        "Selling And Marketing Expense": 58405000.0,
        "General And Administrative Expense": 34397000.0,
        "Other Gand A": 34397000.0,
        "Gross Profit": 323342000.0,
        "Cost Of Revenue": 387776000.0,
        "Total Revenue": 711118000.0,
        "Operating Revenue": 711118000.0
    },
    "2023-03-31": {
        "Tax Effect Of Unusual Items": -124294.167277,
        "Tax Rate For Calcs": 0.179357,
        "Normalized EBITDA": 198413000.0,
        "Total Unusual Items": -693000.0,
        "Total Unusual Items Excluding Goodwill": -693000.0,
        "Net Income From Continuing Operation Net Minority Interest": 146873000.0,
        "Reconciled Depreciation": 16591000.0,
        "Reconciled Cost Of Revenue": 399645000.0,
        "EBITDA": 197720000.0,
        "EBIT": 181129000.0,
        "Net Interest Income": 10884000.0,
        "Interest Expense": 2156000.0,
        "Interest Income": 13040000.0,
        "Normalized Income": 147441705.832723,
        "Net Income From Continuing And Discontinued Operation": 146873000.0,
        "Total Expenses": 557660000.0,
        "Total Operating Income As Reported": 167663000.0,
        "Diluted Average Shares": 145986000.0,
        "Basic Average Shares": 136689000.0,
        "Diluted EPS": 1.02,
        "Basic EPS": 1.07,
        "Diluted NI Availto Com Stockholders": 146873000.0,
        "Average Dilution Earnings": 1604000.0,
        "Net Income Common Stockholders": 146873000.0,
        "Net Income": 146873000.0,
        "Net Income Including Noncontrolling Interests": 146873000.0,
        "Net Income Continuous Operations": 146873000.0,
        "Tax Provision": 32100000.0,
        "Pretax Income": 178973000.0,
        "Other Income Expense": -267000.0,
        "Other Non Operating Income Expenses": 426000.0,
        "Special Income Charges": -693000.0,
        "Restructuring And Mergern Acquisition": 693000.0,
        "Gain On Sale Of Security": NaN,
        "Net Non Operating Interest Income Expense": 10884000.0,
        "Interest Expense Non Operating": 2156000.0,
        "Interest Income Non Operating": 13040000.0,
        "Operating Income": 168356000.0,
        "Operating Expense": 158015000.0,
        "Research And Development": 57129000.0,
        "Selling General And Administration": 100886000.0,
        "Selling And Marketing Expense": 64621000.0,
        "General And Administrative Expense": 36265000.0,
        "Other Gand A": 36265000.0,
        "Gross Profit": 326371000.0,
        "Cost Of Revenue": 399645000.0,
        "Total Revenue": 726016000.0,
        "Operating Revenue": 726016000.0
    },
    "2022-12-31": {
        "Tax Effect Of Unusual Items": 256201.613766,
        "Tax Rate For Calcs": 0.085772,
        "Normalized EBITDA": 183479000.0,
        "Total Unusual Items": 2987000.0,
        "Total Unusual Items Excluding Goodwill": 2987000.0,
        "Net Income From Continuing Operation Net Minority Interest": 153753000.0,
        "Reconciled Depreciation": 16009000.0,
        "Reconciled Cost Of Revenue": 413951000.0,
        "EBITDA": 186466000.0,
        "EBIT": 170457000.0,
        "Net Interest Income": 6441000.0,
        "Interest Expense": 2279000.0,
        "Interest Income": 8720000.0,
        "Normalized Income": 151022201.613766,
        "Net Income From Continuing And Discontinued Operation": 153753000.0,
        "Total Expenses": 565902000.0,
        "Total Operating Income As Reported": 156960000.0,
        "Diluted Average Shares": 145386000.0,
        "Basic Average Shares": 136228000.0,
        "Diluted EPS": 1.06,
        "Basic EPS": 1.13,
        "Diluted NI Availto Com Stockholders": 153753000.0,
        "Average Dilution Earnings": 663000.0,
        "Net Income Common Stockholders": 153753000.0,
        "Net Income": 153753000.0,
        "Net Income Including Noncontrolling Interests": 153753000.0,
        "Net Income Continuous Operations": 153753000.0,
        "Tax Provision": 14425000.0,
        "Pretax Income": 168178000.0,
        "Other Income Expense": 2987000.0,
        "Other Non Operating Income Expenses": NaN,
        "Special Income Charges": -1790000.0,
        "Restructuring And Mergern Acquisition": 1790000.0,
        "Gain On Sale Of Security": 4777000.0,
        "Net Non Operating Interest Income Expense": 6441000.0,
        "Interest Expense Non Operating": 2279000.0,
        "Interest Income Non Operating": 8720000.0,
        "Operating Income": 158750000.0,
        "Operating Expense": 151951000.0,
        "Research And Development": 49683000.0,
        "Selling General And Administration": 102268000.0,
        "Selling And Marketing Expense": 64913000.0,
        "General And Administrative Expense": 37355000.0,
        "Other Gand A": 37355000.0,
        "Gross Profit": 310701000.0,
        "Cost Of Revenue": 413951000.0,
        "Total Revenue": 724652000.0,
        "Operating Revenue": 724652000.0
    },
    "2022-09-30": {
        "Tax Effect Of Unusual Items": -464152.657257,
        "Tax Rate For Calcs": 0.144821,
        "Normalized EBITDA": 151676000.0,
        "Total Unusual Items": -3205000.0,
        "Total Unusual Items Excluding Goodwill": -3205000.0,
        "Net Income From Continuing Operation Net Minority Interest": 114812000.0,
        "Reconciled Depreciation": 11961000.0,
        "Reconciled Cost Of Revenue": 366797000.0,
        "EBITDA": 148471000.0,
        "EBIT": 136510000.0,
        "Net Interest Income": 1425000.0,
        "Interest Expense": 2255000.0,
        "Interest Income": 3680000.0,
        "Normalized Income": 117552847.342743,
        "Net Income From Continuing And Discontinued Operation": 114812000.0,
        "Total Expenses": 498678000.0,
        "Total Operating Income As Reported": 135441000.0,
        "Diluted Average Shares": 145962000.0,
        "Basic Average Shares": 135633000.0,
        "Diluted EPS": 0.8,
        "Basic EPS": 0.85,
        "Diluted NI Availto Com Stockholders": 116435000.0,
        "Average Dilution Earnings": 1623000.0,
        "Net Income Common Stockholders": 114812000.0,
        "Net Income": 114812000.0,
        "Net Income Including Noncontrolling Interests": 114812000.0,
        "Net Income Continuous Operations": 114812000.0,
        "Tax Provision": 19443000.0,
        "Pretax Income": 134255000.0,
        "Other Income Expense": -3205000.0,
        "Other Non Operating Income Expenses": NaN,
        "Special Income Charges": -594000.0,
        "Restructuring And Mergern Acquisition": 594000.0,
        "Gain On Sale Of Security": -2611000.0,
        "Net Non Operating Interest Income Expense": 1425000.0,
        "Interest Expense Non Operating": 2255000.0,
        "Interest Income Non Operating": 3680000.0,
        "Operating Income": 136035000.0,
        "Operating Expense": 131881000.0,
        "Research And Development": 44188000.0,
        "Selling General And Administration": 87693000.0,
        "Selling And Marketing Expense": 55257000.0,
        "General And Administrative Expense": 32436000.0,
        "Other Gand A": 32436000.0,
        "Gross Profit": 267916000.0,
        "Cost Of Revenue": 366797000.0,
        "Total Revenue": 634713000.0,
        "Operating Revenue": 634713000.0
    },
    "2022-06-30": {
        "Tax Effect Of Unusual Items": 0.0,
        "Tax Rate For Calcs": 0.165192,
        "Normalized EBITDA": 109623000.0,
        "Total Unusual Items": 0.0,
        "Total Unusual Items Excluding Goodwill": 0.0,
        "Net Income From Continuing Operation Net Minority Interest": 76976000.0,
        "Reconciled Depreciation": 15247000.0,
        "Reconciled Cost Of Revenue": 311191000.0,
        "EBITDA": 109623000.0,
        "EBIT": 94376000.0,
        "Net Interest Income": -1372000.0,
        "Interest Expense": 2168000.0,
        "Interest Income": 796000.0,
        "Normalized Income": 76976000.0,
        "Net Income From Continuing And Discontinued Operation": 76976000.0,
        "Total Expenses": 436160000.0,
        "Total Operating Income As Reported": 94036000.0,
        "Diluted Average Shares": 143725000.0,
        "Basic Average Shares": 135196000.0,
        "Diluted EPS": 0.54,
        "Basic EPS": 0.57,
        "Diluted NI Availto Com Stockholders": 77638000.0,
        "Average Dilution Earnings": 662000.0,
        "Net Income Common Stockholders": 76976000.0,
        "Net Income": 76976000.0,
        "Net Income Including Noncontrolling Interests": 76976000.0,
        "Net Income Continuous Operations": 76976000.0,
        "Tax Provision": 15232000.0,
        "Pretax Income": 92208000.0,
        "Other Income Expense": -456000.0,
        "Other Non Operating Income Expenses": -456000.0,
        "Special Income Charges": 0.0,
        "Restructuring And Mergern Acquisition": NaN,
        "Gain On Sale Of Security": NaN,
        "Net Non Operating Interest Income Expense": -1372000.0,
        "Interest Expense Non Operating": 2168000.0,
        "Interest Income Non Operating": 796000.0,
        "Operating Income": 94036000.0,
        "Operating Expense": 124969000.0,
        "Research And Development": 39256000.0,
        "Selling General And Administration": 85713000.0,
        "Selling And Marketing Expense": 53588000.0,
        "General And Administrative Expense": 32125000.0,
        "Other Gand A": 32125000.0,
        "Gross Profit": 219005000.0,
        "Cost Of Revenue": 311191000.0,
        "Total Revenue": 530196000.0,
        "Operating Revenue": 530196000.0
    },
    "2022-03-31": {
        "Diluted EPS": 0.37,
        "Total Revenue": 441,
        "Gross Profit": 177,
        "Operating Income": 62,
        "EBIT": 77,
        "Net Income": 52
    },
    "2021-12-31": {
        "Diluted EPS": 0.37,
        "Total Revenue": 413,
        "Gross Profit": 163,
        "Operating Income": 58,
        "EBIT": 69,
        "Net Income": 53
    },
    "2021-09-30": {
        "Diluted EPS": 0.15,
        "Total Revenue": 352,
        "Gross Profit": 140,
        "Operating Income": 37,
        "EBIT": 46,
        "Net Income": 22
    },
    "2021-06-30": {
        "Diluted EPS": 0.28,
        "Total Revenue": 316,
        "Gross Profit": 128,
        "Operating Income": 59,
        "EBIT": 67,
        "Net Income": 39
    },
    "2021-03-31": {
        "Diluted EPS": 0.22,
        "Total Revenue": 302,
        "Gross Profit": 123,
        "Operating Income": 61,
        "EBIT": 67,
        "Net Income": 32
    },
    "2020-12-31": {
        "Diluted EPS": 0.55,
        "Total Revenue": 265,
        "Gross Profit": 122,
        "Operating Income": 79,
        "EBIT": 84,
        "Net Income": 73
    },
    "2020-09-30": {
        "Diluted EPS": 0.28,
        "Total Revenue": 179,
        "Gross Profit": 95,
        "Operating Income": 52,
        "EBIT": 57,
        "Net Income": 39
    },
    "2020-06-30": {
        "Diluted EPS": -0.38,
        "Total Revenue": 126,
        "Gross Profit": 48,
        "Operating Income": 11,
        "EBIT": 15,
        "Net Income": -47
    },
    "2020-03-31": {
        "Diluted EPS": 0.5,
        "Total Revenue": 206,
        "Gross Profit": 81,
        "Operating Income": 45,
        "EBIT": 49,
        "Net Income": 69
    },
    "2019-12-31": {
        "Diluted EPS": 0.9,
        "Total Revenue": 210,
        "Gross Profit": 78,
        "Operating Income": 44,
        "EBIT": 47,
        "Net Income": 117
    },
    "2019-09-30": {
        "Diluted EPS": 0.23,
        "Total Revenue": 180,
        "Gross Profit": 65,
        "Operating Income": 34,
        "EBIT": 38,
        "Net Income": 31
    },
    "2019-06-30": {
        "Diluted EPS": 0.08,
        "Total Revenue": 134,
        "Gross Profit": 45,
        "Operating Income": 17,
        "EBIT": 22,
        "Net Income": 11
    },
    "2019-03-31": {
        "Diluted EPS": 0.02,
        "Total Revenue": 100,
        "Gross Profit": 33,
        "Operating Income": 7,
        "EBIT": 11,
        "Net Income": 3
    },
    "2018-12-31": {
        "Diluted EPS": 0.01,
        "Total Revenue": 92,
        "Gross Profit": 28,
        "Operating Income": 5,
        "EBIT": 6,
        "Net Income": 1
    },
    "2018-09-30": {
        "Diluted EPS": -0.03,
        "Total Revenue": 78,
        "Gross Profit": 25,
        "Operating Income": 0,
        "EBIT": 4,
        "Net Income": -3
    },
    "2018-06-30": {
        "Diluted EPS": -0.04,
        "Total Revenue": 76,
        "Gross Profit": 23,
        "Operating Income": -1,
        "EBIT": 1,
        "Net Income": -4
    },
    "2018-03-31": {
        "Diluted EPS": -0.06,
        "Total Revenue": 70,
        "Gross Profit": 18,
        "Operating Income": -2,
        "EBIT": 0,
        "Net Income": -5
    },
    "2017-12-31": {
        "Diluted EPS": -0.02,
        "Total Revenue": 80,
        "Gross Profit": 19,
        "Operating Income": -2,
        "EBIT": -1,
        "Net Income": -3
    },
    "2017-09-30": {
        "Diluted EPS": -0.08,
        "Total Revenue": 77,
        "Gross Profit": 16,
        "Operating Income": -6,
        "EBIT": -3,
        "Net Income": -7
    },
    "2017-06-30": {
        "Diluted EPS": -0.14,
        "Total Revenue": 75,
        "Gross Profit": 14,
        "Operating Income": -9,
        "EBIT": -7,
        "Net Income": -12
    },
    "2017-03-31": {
        "Diluted EPS": -0.3,
        "Total Revenue": 55,
        "Gross Profit": 7,
        "Operating Income": -22,
        "EBIT": -19,
        "Net Income": -23
    },
    "2016-12-31": {
        "Diluted EPS": -0.17,
        "Total Revenue": 91,
        "Gross Profit": 16,
        "Operating Income": -10,
        "EBIT": -7,
        "Net Income": -13
    },
    "2016-09-30": {
        "Diluted EPS": -0.4,
        "Total Revenue": 89,
        "Gross Profit": 16,
        "Operating Income": -18,
        "EBIT": -15,
        "Net Income": -19
    },
    "2016-06-30": {
        "Diluted EPS": -0.36,
        "Total Revenue": 79,
        "Gross Profit": 14,
        "Operating Income": -16,
        "EBIT": -13,
        "Net Income": -17
    },
    "2016-03-31": {
        "Diluted EPS": -0.41,
        "Total Revenue": 64,
        "Gross Profit": 12,
        "Operating Income": -19,
        "EBIT": -16,
        "Net Income": -19
    },
    "2015-12-31": {
        "Diluted EPS": -0.35,
        "Total Revenue": 66,
        "Gross Profit": 16,
        "Operating Income": -15,
        "EBIT": -12,
        "Net Income": -16
    },
    "2015-09-30": {
        "Diluted EPS": 0.01,
        "Total Revenue": 103,
        "Gross Profit": 31,
        "Operating Income": 2,
        "EBIT": 5,
        "Net Income": 1
    },
    "2015-06-30": {
        "Diluted EPS": -0.01,
        "Total Revenue": 102,
        "Gross Profit": 33,
        "Operating Income": 0,
        "EBIT": 2,
        "Net Income": -1
    },
    "2015-03-31": {
        "Diluted EPS": -0.14,
        "Total Revenue": 87,
        "Gross Profit": 28,
        "Operating Income": -6,
        "EBIT": -3,
        "Net Income": -6
    },
    "2014-12-31": {
        "Diluted EPS": 0.01,
        "Total Revenue": 105,
        "Gross Profit": 35,
        "Operating Income": 2,
        "EBIT": 5,
        "Net Income": 0
    },
    "2014-09-30": {
        "Diluted EPS": 0.02,
        "Total Revenue": 99,
        "Gross Profit": 33,
        "Operating Income": 2,
        "EBIT": 4,
        "Net Income": 1
    },
    "2014-06-30": {
        "Diluted EPS": -0.07,
        "Total Revenue": 82,
        "Gross Profit": 27,
        "Operating Income": -2,
        "EBIT": 0,
        "Net Income": -3
    },
    "2014-03-31": {
        "Diluted EPS": -0.15,
        "Total Revenue": 58,
        "Gross Profit": 19,
        "Operating Income": -6,
        "EBIT": -4,
        "Net Income": -6
    },
    "2013-12-31": {
        "Diluted EPS": -0.07,
        "Total Revenue": 67,
        "Gross Profit": 21,
        "Operating Income": -2,
        "EBIT": 0,
        "Net Income": -3
    },
    "2013-09-30": {
        "Diluted EPS": -0.15,
        "Total Revenue": 62,
        "Gross Profit": 17,
        "Operating Income": -5,
        "EBIT": -4,
        "Net Income": -6
    },
    "2013-06-30": {
        "Diluted EPS": -0.15,
        "Total Revenue": 58,
        "Gross Profit": 16,
        "Operating Income": -5,
        "EBIT": -4,
        "Net Income": -6
    },
    "2013-03-31": {
        "Diluted EPS": -0.25,
        "Total Revenue": 46,
        "Gross Profit": 12,
        "Operating Income": -10,
        "EBIT": -8,
        "Net Income": -10
    },
    "2012-12-31": {
        "Diluted EPS": 5.24,
        "Total Revenue": 58,
        "Gross Profit": 16,
        "Operating Income": -6,
        "EBIT": -5,
        "Net Income": -8
    },
    "2012-09-30": {
        "Diluted EPS": -0.22,
        "Total Revenue": 61,
        "Gross Profit": 16,
        "Operating Income": -8,
        "EBIT": -7,
        "Net Income": -9
    },
    "2012-06-30": {
        "Diluted EPS": -0.29,
        "Total Revenue": 56,
        "Gross Profit": 14,
        "Operating Income": -8,
        "EBIT": -6,
        "Net Income": -11
    },
    "2012-03-31": {
        "Diluted EPS": -5.97,
        "Total Revenue": 43,
        "Gross Profit": 9,
        "Operating Income": -9,
        "EBIT": -8,
        "Net Income": -10
    },
    "2011-12-31": {
        "Diluted EPS": -0.06,
        "Total Revenue": 57,
        "Gross Profit": 13,
        "Operating Income": -4,
        "EBIT": -3,
        "Net Income": -6
    },
    "2011-09-30": {
        "Diluted EPS": -4.77,
        "Total Revenue": 45,
        "Gross Profit": 9,
        "Operating Income": -6,
        "EBIT": -6,
        "Net Income": -7
    },
    "2011-06-30": {
        "Diluted EPS": -9.95,
        "Total Revenue": 30,
        "Gross Profit": 5,
        "Operating Income": -9,
        "EBIT": -9,
        "Net Income": -10
    },
    "2011-03-31": {
        "Diluted EPS": -10.95,
        "Total Revenue": 18,
        "Gross Profit": 3,
        "Operating Income": -9,
        "EBIT": -8,
        "Net Income": -9
    },
    "2010-12-31": {
        "Diluted EPS": 0.0,
        "Total Revenue": 21,
        "Gross Profit": 2,
        "Operating Income": -7,
        "EBIT": -6,
        "Net Income": -7
    },
    "2010-09-30": {
        "Diluted EPS": 0.0,
        "Total Revenue": 19,
        "Gross Profit": 2,
        "Operating Income": -6,
        "EBIT": -5,
        "Net Income": -6
    },
    "2010-06-30": {
        "Diluted EPS": 0.0,
        "Total Revenue": 11,
        "Gross Profit": 1,
        "Operating Income": -5,
        "EBIT": -4,
        "Net Income": -5
    },
    "2010-03-31": {
        "Diluted EPS": 0.0,
        "Total Revenue": 12,
        "Gross Profit": 1,
        "Operating Income": -4,
        "EBIT": -3,
        "Net Income": -4
    },
    "2009-12-31": {
        "Diluted EPS": 0.0,
        "Total Revenue": NaN,
        "Gross Profit": NaN,
        "Operating Income": NaN,
        "EBIT": NaN,
        "Net Income": NaN
    }
}