{
    "2023-03-31": {
        "Tax Effect Of Unusual Items": NaN,
        "Tax Rate For Calcs": NaN,
        "Normalized EBITDA": NaN,
        "Total Unusual Items": NaN,
        "Total Unusual Items Excluding Goodwill": NaN,
        "Net Income From Continuing Operation Net Minority Interest": NaN,
        "Reconciled Depreciation": NaN,
        "Reconciled Cost Of Revenue": NaN,
        "EBITDA": NaN,
        "EBIT": NaN,
        "Net Interest Income": NaN,
        "Interest Expense": NaN,
        "Interest Income": NaN,
        "Normalized Income": NaN,
        "Net Income From Continuing And Discontinued Operation": NaN,
        "Total Expenses": NaN,
        "Diluted Average Shares": NaN,
        "Basic Average Shares": NaN,
        "Diluted EPS": NaN,
        "Basic EPS": NaN,
        "Diluted NI Availto Com Stockholders": NaN,
        "Net Income Common Stockholders": NaN,
        "Net Income": NaN,
        "Net Income Including Noncontrolling Interests": NaN,
        "Net Income Continuous Operations": NaN,
        "Tax Provision": NaN,
        "Pretax Income": NaN,
        "Other Income Expense": NaN,
        "Other Non Operating Income Expenses": 3200000.0,
        "Special Income Charges": NaN,
        "Gain On Sale Of Ppe": NaN,
        "Other Special Charges": NaN,
        "Impairment Of Capital Assets": NaN,
        "Restructuring And Mergern Acquisition": NaN,
        "Gain On Sale Of Security": NaN,
        "Net Non Operating Interest Income Expense": NaN,
        "Interest Expense Non Operating": NaN,
        "Interest Income Non Operating": NaN,
        "Operating Income": NaN,
        "Operating Expense": NaN,
        "Depreciation Amortization Depletion Income Statement": NaN,
        "Depreciation And Amortization In Income Statement": NaN,
        "Amortization": NaN,
        "Amortization Of Intangibles Income Statement": NaN,
        "Research And Development": NaN,
        "Selling General And Administration": NaN,
        "Selling And Marketing Expense": NaN,
        "General And Administrative Expense": NaN,
        "Other Gand A": NaN,
        "Salaries And Wages": 600000.0,
        "Gross Profit": NaN,
        "Cost Of Revenue": NaN,
        "Total Revenue": NaN,
        "Operating Revenue": NaN
    },
    "2022-12-31": {
        "Tax Effect Of Unusual Items": NaN,
        "Tax Rate For Calcs": NaN,
        "Normalized EBITDA": NaN,
        "Total Unusual Items": NaN,
        "Total Unusual Items Excluding Goodwill": NaN,
        "Net Income From Continuing Operation Net Minority Interest": NaN,
        "Reconciled Depreciation": NaN,
        "Reconciled Cost Of Revenue": NaN,
        "EBITDA": NaN,
        "EBIT": NaN,
        "Net Interest Income": NaN,
        "Interest Expense": NaN,
        "Interest Income": NaN,
        "Normalized Income": NaN,
        "Net Income From Continuing And Discontinued Operation": NaN,
        "Total Expenses": NaN,
        "Diluted Average Shares": NaN,
        "Basic Average Shares": NaN,
        "Diluted EPS": NaN,
        "Basic EPS": NaN,
        "Diluted NI Availto Com Stockholders": NaN,
        "Net Income Common Stockholders": NaN,
        "Net Income": NaN,
        "Net Income Including Noncontrolling Interests": NaN,
        "Net Income Continuous Operations": NaN,
        "Tax Provision": NaN,
        "Pretax Income": NaN,
        "Other Income Expense": NaN,
        "Other Non Operating Income Expenses": 900000.0,
        "Special Income Charges": NaN,
        "Other Special Charges": NaN,
        "Restructuring And Mergern Acquisition": NaN,
        "Gain On Sale Of Security": NaN,
        "Net Non Operating Interest Income Expense": NaN,
        "Interest Expense Non Operating": NaN,
        "Interest Income Non Operating": NaN,
        "Operating Income": NaN,
        "Operating Expense": NaN,
        "Depreciation Amortization Depletion Income Statement": NaN,
        "Depreciation And Amortization In Income Statement": NaN,
        "Amortization": NaN,
        "Amortization Of Intangibles Income Statement": NaN,
        "Research And Development": NaN,
        "Selling General And Administration": NaN,
        "Selling And Marketing Expense": NaN,
        "General And Administrative Expense": NaN,
        "Other Gand A": NaN,
        "Salaries And Wages": 700000.0,
        "Gross Profit": NaN,
        "Cost Of Revenue": NaN,
        "Total Revenue": NaN,
        "Operating Revenue": NaN
    },
    "2022-09-30": {
        "Tax Effect Of Unusual Items": NaN,
        "Tax Rate For Calcs": NaN,
        "Normalized EBITDA": NaN,
        "Total Unusual Items": NaN,
        "Total Unusual Items Excluding Goodwill": NaN,
        "Net Income From Continuing Operation Net Minority Interest": NaN,
        "Reconciled Depreciation": NaN,
        "Reconciled Cost Of Revenue": NaN,
        "EBITDA": NaN,
        "EBIT": NaN,
        "Net Interest Income": NaN,
        "Interest Expense": NaN,
        "Interest Income": NaN,
        "Normalized Income": NaN,
        "Net Income From Continuing And Discontinued Operation": NaN,
        "Total Expenses": NaN,
        "Diluted Average Shares": NaN,
        "Basic Average Shares": NaN,
        "Diluted EPS": NaN,
        "Basic EPS": NaN,
        "Diluted NI Availto Com Stockholders": NaN,
        "Net Income Common Stockholders": NaN,
        "Preferred Stock Dividends": 0.0,
        "Net Income": NaN,
        "Net Income Including Noncontrolling Interests": NaN,
        "Net Income Continuous Operations": NaN,
        "Tax Provision": NaN,
        "Pretax Income": NaN,
        "Other Income Expense": NaN,
        "Other Non Operating Income Expenses": NaN,
        "Special Income Charges": NaN,
        "Other Special Charges": NaN,
        "Restructuring And Mergern Acquisition": NaN,
        "Gain On Sale Of Security": NaN,
        "Net Non Operating Interest Income Expense": NaN,
        "Interest Expense Non Operating": NaN,
        "Interest Income Non Operating": NaN,
        "Operating Income": NaN,
        "Operating Expense": NaN,
        "Depreciation Amortization Depletion Income Statement": NaN,
        "Depreciation And Amortization In Income Statement": NaN,
        "Amortization": NaN,
        "Amortization Of Intangibles Income Statement": NaN,
        "Research And Development": NaN,
        "Selling General And Administration": NaN,
        "Selling And Marketing Expense": NaN,
        "General And Administrative Expense": NaN,
        "Other Gand A": NaN,
        "Salaries And Wages": NaN,
        "Gross Profit": NaN,
        "Cost Of Revenue": NaN,
        "Total Revenue": NaN,
        "Operating Revenue": NaN
    },
    "2022-06-30": {
        "Tax Effect Of Unusual Items": 0.0,
        "Tax Rate For Calcs": 0.213,
        "Normalized EBITDA": 136600000.0,
        "Total Unusual Items": 0.0,
        "Total Unusual Items Excluding Goodwill": 0.0,
        "Net Income From Continuing Operation Net Minority Interest": 52400000.0,
        "Reconciled Depreciation": 30400000.0,
        "Reconciled Cost Of Revenue": 429000000.0,
        "EBITDA": 136600000.0,
        "EBIT": 106200000.0,
        "Net Interest Income": -41100000.0,
        "Interest Expense": 41100000.0,
        "Interest Income": 200000.0,
        "Normalized Income": 52400000.0,
        "Net Income From Continuing And Discontinued Operation": 52400000.0,
        "Total Expenses": 625300000.0,
        "Diluted Average Shares": 71700000.0,
        "Basic Average Shares": 71300000.0,
        "Diluted EPS": 0.73,
        "Basic EPS": 0.73,
        "Diluted NI Availto Com Stockholders": 52400000.0,
        "Net Income Common Stockholders": 52400000.0,
        "Preferred Stock Dividends": NaN,
        "Net Income": 52400000.0,
        "Net Income Including Noncontrolling Interests": 52400000.0,
        "Net Income Continuous Operations": 52400000.0,
        "Tax Provision": 12700000.0,
        "Pretax Income": 65100000.0,
        "Other Income Expense": 3500000.0,
        "Other Non Operating Income Expenses": 3500000.0,
        "Special Income Charges": 0.0,
        "Other Special Charges": -4500000.0,
        "Impairment Of Capital Assets": NaN,
        "Restructuring And Mergern Acquisition": NaN,
        "Gain On Sale Of Security": -2500000.0,
        "Net Non Operating Interest Income Expense": -41100000.0,
        "Interest Expense Non Operating": 41100000.0,
        "Interest Income Non Operating": 200000.0,
        "Operating Income": 102700000.0,
        "Operating Expense": 181300000.0,
        "Depreciation Amortization Depletion Income Statement": 15400000.0,
        "Depreciation And Amortization In Income Statement": 15400000.0,
        "Amortization": 15400000.0,
        "Amortization Of Intangibles Income Statement": 15400000.0,
        "Research And Development": 8500000.0,
        "Selling General And Administration": 157400000.0,
        "Selling And Marketing Expense": 38500000.0,
        "General And Administrative Expense": 118900000.0,
        "Other Gand A": 118900000.0,
        "Gross Profit": 284000000.0,
        "Cost Of Revenue": 444000000.0,
        "Total Revenue": 728000000.0,
        "Operating Revenue": 728000000.0
    },
    "2022-03-31": {
        "Diluted EPS": 0.27,
        "Total Revenue": 685,
        "Gross Profit": 238,
        "Operating Income": 72,
        "EBIT": 102,
        "Net Income": 19
    },
    "2021-12-31": {
        "Diluted EPS": 0.83,
        "Total Revenue": 846,
        "Gross Profit": 312,
        "Operating Income": 114,
        "EBIT": 143,
        "Net Income": 56
    },
    "2021-09-30": {
        "Diluted EPS": 1.17,
        "Total Revenue": 766,
        "Gross Profit": 280,
        "Operating Income": 92,
        "EBIT": 122,
        "Net Income": 79
    },
    "2021-06-30": {
        "Diluted EPS": 0.24,
        "Total Revenue": 722,
        "Gross Profit": 273,
        "Operating Income": 88,
        "EBIT": 118,
        "Net Income": 17
    },
    "2021-03-31": {
        "Diluted EPS": -0.21,
        "Total Revenue": 685,
        "Gross Profit": 271,
        "Operating Income": 95,
        "EBIT": 124,
        "Net Income": -14
    },
    "2020-12-31": {
        "Diluted EPS": 0.91,
        "Total Revenue": 849,
        "Gross Profit": 338,
        "Operating Income": 141,
        "EBIT": 171,
        "Net Income": 63
    },
    "2020-09-30": {
        "Diluted EPS": -0.81,
        "Total Revenue": 763,
        "Gross Profit": 282,
        "Operating Income": 85,
        "EBIT": 113,
        "Net Income": -56
    },
    "2020-06-30": {
        "Diluted EPS": 0.38,
        "Total Revenue": 658,
        "Gross Profit": 263,
        "Operating Income": 90,
        "EBIT": 119,
        "Net Income": 26
    },
    "2020-03-31": {
        "Diluted EPS": -1.75,
        "Total Revenue": 587,
        "Gross Profit": 236,
        "Operating Income": 74,
        "EBIT": 103,
        "Net Income": -122
    },
    "2019-12-31": {
        "Diluted EPS": 0.6,
        "Total Revenue": 737,
        "Gross Profit": 301,
        "Operating Income": 110,
        "EBIT": 137,
        "Net Income": 42
    },
    "2019-09-30": {
        "Diluted EPS": 0.52,
        "Total Revenue": 719,
        "Gross Profit": 288,
        "Operating Income": 96,
        "EBIT": 118,
        "Net Income": 42
    },
    "2019-06-30": {
        "Diluted EPS": 0.04,
        "Total Revenue": 647,
        "Gross Profit": 246,
        "Operating Income": 61,
        "EBIT": 91,
        "Net Income": 3
    },
    "2019-03-31": {
        "Diluted EPS": -1.14,
        "Total Revenue": 556,
        "Gross Profit": 194,
        "Operating Income": 7,
        "EBIT": 35,
        "Net Income": -77
    },
    "2018-12-31": {
        "Diluted EPS": 1.16,
        "Total Revenue": 572,
        "Gross Profit": 276,
        "Operating Income": 121,
        "EBIT": 133,
        "Net Income": 71
    },
    "2018-09-30": {
        "Diluted EPS": 0.02,
        "Total Revenue": 457,
        "Gross Profit": 208,
        "Operating Income": 60,
        "EBIT": 72,
        "Net Income": 2
    },
    "2018-06-30": {
        "Diluted EPS": 0.39,
        "Total Revenue": 393,
        "Gross Profit": 176,
        "Operating Income": 33,
        "EBIT": 45,
        "Net Income": 24
    },
    "2018-03-31": {
        "Diluted EPS": 0.13,
        "Total Revenue": 374,
        "Gross Profit": 169,
        "Operating Income": 35,
        "EBIT": 46,
        "Net Income": 8
    },
    "2017-12-31": {
        "Diluted EPS": 0.98,
        "Total Revenue": 573,
        "Gross Profit": 278,
        "Operating Income": 134,
        "EBIT": 146,
        "Net Income": 60
    },
    "2017-09-30": {
        "Diluted EPS": 0.55,
        "Total Revenue": 465,
        "Gross Profit": 214,
        "Operating Income": 62,
        "EBIT": 74,
        "Net Income": 34
    },
    "2017-06-30": {
        "Diluted EPS": 0.4,
        "Total Revenue": 372,
        "Gross Profit": 158,
        "Operating Income": 44,
        "EBIT": 56,
        "Net Income": 25
    },
    "2017-03-31": {
        "Diluted EPS": 0.75,
        "Total Revenue": 359,
        "Gross Profit": 168,
        "Operating Income": 53,
        "EBIT": 68,
        "Net Income": 47
    },
    "2016-12-31": {
        "Diluted EPS": 1.52,
        "Total Revenue": 560,
        "Gross Profit": 272,
        "Operating Income": 146,
        "EBIT": 156,
        "Net Income": 96
    },
    "2016-09-30": {
        "Diluted EPS": 0.34,
        "Total Revenue": 432,
        "Gross Profit": 187,
        "Operating Income": 34,
        "EBIT": 44,
        "Net Income": 22
    },
    "2016-06-30": {
        "Diluted EPS": 0.39,
        "Total Revenue": 361,
        "Gross Profit": 154,
        "Operating Income": 36,
        "EBIT": 44,
        "Net Income": 24
    },
    "2016-03-31": {
        "Diluted EPS": 0.26,
        "Total Revenue": 334,
        "Gross Profit": 142,
        "Operating Income": 34,
        "EBIT": 42,
        "Net Income": 16
    },
    "2015-12-31": {
        "Diluted EPS": 1.05,
        "Total Revenue": 507,
        "Gross Profit": 230,
        "Operating Income": 107,
        "EBIT": 115,
        "Net Income": 66
    },
    "2015-09-30": {
        "Diluted EPS": 0.37,
        "Total Revenue": 399,
        "Gross Profit": 183,
        "Operating Income": 36,
        "EBIT": 45,
        "Net Income": 23
    },
    "2015-06-30": {
        "Diluted EPS": -0.32,
        "Total Revenue": 374,
        "Gross Profit": 171,
        "Operating Income": -9,
        "EBIT": 2,
        "Net Income": -20
    },
    "2015-03-31": {
        "Diluted EPS": -1.11,
        "Total Revenue": 357,
        "Gross Profit": 169,
        "Operating Income": -60,
        "EBIT": -48,
        "Net Income": -69
    },
    "2014-12-31": {
        "Diluted EPS": 0.99,
        "Total Revenue": 501,
        "Gross Profit": 234,
        "Operating Income": 91,
        "EBIT": 102,
        "Net Income": 62
    },
    "2014-09-30": {
        "Diluted EPS": 0.75,
        "Total Revenue": 487,
        "Gross Profit": 235,
        "Operating Income": 80,
        "EBIT": 95,
        "Net Income": 47
    },
    "2014-06-30": {
        "Diluted EPS": 0.58,
        "Total Revenue": 412,
        "Gross Profit": 192,
        "Operating Income": 63,
        "EBIT": 26,
        "Net Income": 36
    },
    "2014-03-31": {
        "Diluted EPS": 1.57,
        "Total Revenue": NaN,
        "Gross Profit": 508,
        "Operating Income": 166,
        "EBIT": 197,
        "Net Income": 99
    },
    "2013-12-31": {
        "Diluted EPS": 1.71,
        "Total Revenue": NaN,
        "Gross Profit": 512,
        "Operating Income": 181,
        "EBIT": 214,
        "Net Income": 108
    },
    "2013-09-30": {
        "Diluted EPS": 1.36,
        "Total Revenue": 655,
        "Gross Profit": 342,
        "Operating Income": 42,
        "EBIT": -11,
        "Net Income": 85
    },
    "2013-06-30": {
        "Diluted EPS": 1.38,
        "Total Revenue": NaN,
        "Gross Profit": 510,
        "Operating Income": 141,
        "EBIT": 176,
        "Net Income": 87
    },
    "2013-03-31": {
        "Diluted EPS": 1.35,
        "Total Revenue": NaN,
        "Gross Profit": 531,
        "Operating Income": 156,
        "EBIT": 192,
        "Net Income": 85
    },
    "2012-12-31": {
        "Diluted EPS": 2.07,
        "Total Revenue": NaN,
        "Gross Profit": 562,
        "Operating Income": 230,
        "EBIT": 268,
        "Net Income": 130
    },
    "2012-09-30": {
        "Diluted EPS": 1.84,
        "Total Revenue": NaN,
        "Gross Profit": 527,
        "Operating Income": 182,
        "EBIT": 223,
        "Net Income": 117
    },
    "2012-06-30": {
        "Diluted EPS": 1.06,
        "Total Revenue": NaN,
        "Gross Profit": 529,
        "Operating Income": 124,
        "EBIT": 165,
        "Net Income": 70
    },
    "2012-03-31": {
        "Diluted EPS": 1.17,
        "Total Revenue": NaN,
        "Gross Profit": 517,
        "Operating Income": 144,
        "EBIT": 144,
        "Net Income": 78
    },
    "2011-12-31": {
        "Diluted EPS": 2.15,
        "Total Revenue": NaN,
        "Gross Profit": 565,
        "Operating Income": 238,
        "EBIT": 238,
        "Net Income": 144
    },
    "2011-09-30": {
        "Diluted EPS": 0.68,
        "Total Revenue": NaN,
        "Gross Profit": 546,
        "Operating Income": 140,
        "EBIT": 140,
        "Net Income": 46
    },
    "2011-06-30": {
        "Diluted EPS": 0.94,
        "Total Revenue": NaN,
        "Gross Profit": 573,
        "Operating Income": 153,
        "EBIT": 153,
        "Net Income": 66
    },
    "2011-03-31": {
        "Diluted EPS": 0.55,
        "Total Revenue": NaN,
        "Gross Profit": 471,
        "Operating Income": 91,
        "EBIT": 91,
        "Net Income": 39
    },
    "2010-12-31": {
        "Diluted EPS": 1.55,
        "Total Revenue": NaN,
        "Gross Profit": 556,
        "Operating Income": 195,
        "EBIT": 195,
        "Net Income": 110
    },
    "2010-09-30": {
        "Diluted EPS": 1.22,
        "Total Revenue": NaN,
        "Gross Profit": 494,
        "Operating Income": 106,
        "EBIT": 106,
        "Net Income": 85
    },
    "2010-06-30": {
        "Diluted EPS": 1.47,
        "Total Revenue": NaN,
        "Gross Profit": 518,
        "Operating Income": 164,
        "EBIT": 164,
        "Net Income": 104
    },
    "2010-03-31": {
        "Diluted EPS": 1.25,
        "Total Revenue": 935,
        "Gross Profit": 447,
        "Operating Income": 159,
        "EBIT": 159,
        "Net Income": 89
    },
    "2009-12-31": {
        "Diluted EPS": 1.78,
        "Total Revenue": NaN,
        "Gross Profit": 560,
        "Operating Income": 266,
        "EBIT": 266,
        "Net Income": 126
    },
    "2009-09-30": {
        "Diluted EPS": 0.41,
        "Total Revenue": NaN,
        "Gross Profit": 474,
        "Operating Income": 95,
        "EBIT": 95,
        "Net Income": 37
    },
    "2009-06-30": {
        "Diluted EPS": 1.13,
        "Total Revenue": 998,
        "Gross Profit": 458,
        "Operating Income": 139,
        "EBIT": 139,
        "Net Income": 73
    },
    "2009-03-31": {
        "Diluted EPS": 1.3,
        "Total Revenue": 880,
        "Gross Profit": 414,
        "Operating Income": 154,
        "EBIT": 154,
        "Net Income": 77
    },
    "2023-06-30": {
        "Tax Effect Of Unusual Items": -1150200.0,
        "Tax Rate For Calcs": 0.213,
        "Normalized EBITDA": 118500000.0,
        "Total Unusual Items": -5400000.0,
        "Total Unusual Items Excluding Goodwill": -5400000.0,
        "Net Income From Continuing Operation Net Minority Interest": 31800000.0,
        "Reconciled Depreciation": 30500000.0,
        "Reconciled Cost Of Revenue": 418300000.0,
        "EBITDA": 113100000.0,
        "EBIT": 82600000.0,
        "Net Interest Income": -41800000.0,
        "Interest Expense": 42200000.0,
        "Interest Income": 400000.0,
        "Normalized Income": 36049800.0,
        "Net Income From Continuing And Discontinued Operation": 31800000.0,
        "Total Expenses": 612000000.0,
        "Diluted Average Shares": 72500000.0,
        "Basic Average Shares": 71500000.0,
        "Diluted EPS": 0.44,
        "Basic EPS": 0.44,
        "Diluted NI Availto Com Stockholders": 31800000.0,
        "Net Income Common Stockholders": 31800000.0,
        "Net Income": 31800000.0,
        "Net Income Including Noncontrolling Interests": 31800000.0,
        "Net Income Continuous Operations": 31800000.0,
        "Tax Provision": 8600000.0,
        "Pretax Income": 40400000.0,
        "Other Income Expense": -5200000.0,
        "Other Non Operating Income Expenses": 200000.0,
        "Special Income Charges": -300000.0,
        "Gain On Sale Of Ppe": 0.0,
        "Other Special Charges": 300000.0,
        "Impairment Of Capital Assets": 0.0,
        "Restructuring And Mergern Acquisition": 0.0,
        "Gain On Sale Of Security": -5100000.0,
        "Net Non Operating Interest Income Expense": -41800000.0,
        "Interest Expense Non Operating": 42200000.0,
        "Interest Income Non Operating": 400000.0,
        "Operating Income": 87400000.0,
        "Operating Expense": 177700000.0,
        "Depreciation Amortization Depletion Income Statement": 14500000.0,
        "Depreciation And Amortization In Income Statement": 14500000.0,
        "Amortization": 14500000.0,
        "Amortization Of Intangibles Income Statement": 14500000.0,
        "Research And Development": 8800000.0,
        "Selling General And Administration": 154400000.0,
        "Selling And Marketing Expense": 37600000.0,
        "General And Administrative Expense": 116800000.0,
        "Other Gand A": 116100000.0,
        "Salaries And Wages": 700000.0,
        "Gross Profit": 265100000.0,
        "Cost Of Revenue": 434300000.0,
        "Total Revenue": 699400000.0,
        "Operating Revenue": 699400000.0
    },
    "2023-09-30": {
        "Tax Effect Of Unusual Items": -7326991.150442,
        "Tax Rate For Calcs": 0.128319,
        "Normalized EBITDA": 151000000.0,
        "Total Unusual Items": -57100000.0,
        "Total Unusual Items Excluding Goodwill": -57100000.0,
        "Net Income From Continuing Operation Net Minority Interest": 19700000.0,
        "Reconciled Depreciation": 29700000.0,
        "Reconciled Cost Of Revenue": 488500000.0,
        "EBITDA": 93900000.0,
        "EBIT": 64200000.0,
        "Net Interest Income": -34400000.0,
        "Interest Expense": 41600000.0,
        "Interest Income": 7200000.0,
        "Normalized Income": 69473008.849558,
        "Net Income From Continuing And Discontinued Operation": 19700000.0,
        "Total Expenses": 696900000.0,
        "Diluted Average Shares": 72600000.0,
        "Basic Average Shares": 71500000.0,
        "Diluted EPS": 0.27,
        "Basic EPS": 0.28,
        "Diluted NI Availto Com Stockholders": 19700000.0,
        "Net Income Common Stockholders": 19700000.0,
        "Net Income": 19700000.0,
        "Net Income Including Noncontrolling Interests": 19700000.0,
        "Net Income Continuous Operations": 19700000.0,
        "Tax Provision": 2900000.0,
        "Pretax Income": 22600000.0,
        "Other Income Expense": -57200000.0,
        "Other Non Operating Income Expenses": -100000.0,
        "Special Income Charges": -50400000.0,
        "Gain On Sale Of Ppe": NaN,
        "Other Special Charges": 50400000.0,
        "Impairment Of Capital Assets": NaN,
        "Restructuring And Mergern Acquisition": NaN,
        "Gain On Sale Of Security": -6700000.0,
        "Net Non Operating Interest Income Expense": -34400000.0,
        "Interest Expense Non Operating": 41600000.0,
        "Interest Income Non Operating": 7200000.0,
        "Operating Income": 114200000.0,
        "Operating Expense": 193100000.0,
        "Depreciation Amortization Depletion Income Statement": 14400000.0,
        "Depreciation And Amortization In Income Statement": 14400000.0,
        "Amortization": 14400000.0,
        "Amortization Of Intangibles Income Statement": 14400000.0,
        "Research And Development": 8500000.0,
        "Selling General And Administration": 170200000.0,
        "Selling And Marketing Expense": 32900000.0,
        "General And Administrative Expense": 137300000.0,
        "Other Gand A": 134600000.0,
        "Salaries And Wages": NaN,
        "Gross Profit": 307300000.0,
        "Cost Of Revenue": 503800000.0,
        "Total Revenue": 811100000.0,
        "Operating Revenue": 811100000.0
    },
    "2023-12-31": {
        "Tax Effect Of Unusual Items": -5082000.0,
        "Tax Rate For Calcs": 0.21,
        "Normalized EBITDA": 104300000.0,
        "Total Unusual Items": -24200000.0,
        "Total Unusual Items Excluding Goodwill": -24200000.0,
        "Net Income From Continuing Operation Net Minority Interest": 1900000.0,
        "Reconciled Depreciation": 30000000.0,
        "Reconciled Cost Of Revenue": 434100000.0,
        "EBITDA": 80100000.0,
        "EBIT": 50100000.0,
        "Net Interest Income": -35100000.0,
        "Interest Expense": 40700000.0,
        "Interest Income": 5600000.0,
        "Normalized Income": 21018000.0,
        "Net Income From Continuing And Discontinued Operation": 1900000.0,
        "Total Expenses": 648000000.0,
        "Diluted Average Shares": 72600000.0,
        "Basic Average Shares": 71700000.0,
        "Diluted EPS": 0.03,
        "Basic EPS": 0.03,
        "Diluted NI Availto Com Stockholders": 1900000.0,
        "Net Income Common Stockholders": 1900000.0,
        "Net Income": 1900000.0,
        "Net Income Including Noncontrolling Interests": 1900000.0,
        "Net Income Continuous Operations": 1900000.0,
        "Tax Provision": 7500000.0,
        "Pretax Income": 9400000.0,
        "Other Income Expense": -24100000.0,
        "Other Non Operating Income Expenses": 100000.0,
        "Special Income Charges": -500000.0,
        "Gain On Sale Of Ppe": NaN,
        "Other Special Charges": 500000.0,
        "Impairment Of Capital Assets": NaN,
        "Restructuring And Mergern Acquisition": NaN,
        "Gain On Sale Of Security": -23700000.0,
        "Net Non Operating Interest Income Expense": -35100000.0,
        "Interest Expense Non Operating": 40700000.0,
        "Interest Income Non Operating": 5600000.0,
        "Operating Income": 68600000.0,
        "Operating Expense": 198400000.0,
        "Depreciation Amortization Depletion Income Statement": 14500000.0,
        "Depreciation And Amortization In Income Statement": 14500000.0,
        "Amortization": 14500000.0,
        "Amortization Of Intangibles Income Statement": 14500000.0,
        "Research And Development": 7800000.0,
        "Selling General And Administration": 176100000.0,
        "Selling And Marketing Expense": 47000000.0,
        "General And Administrative Expense": 129100000.0,
        "Other Gand A": 128100000.0,
        "Salaries And Wages": 1000000.0,
        "Gross Profit": 267000000.0,
        "Cost Of Revenue": 449600000.0,
        "Total Revenue": 716600000.0,
        "Operating Revenue": 716600000.0
    },
    "2024-03-31": {
        "Tax Effect Of Unusual Items": -1722800.0,
        "Tax Rate For Calcs": 0.236,
        "Normalized EBITDA": 117300000.0,
        "Total Unusual Items": -7300000.0,
        "Total Unusual Items Excluding Goodwill": -7300000.0,
        "Net Income From Continuing Operation Net Minority Interest": 32400000.0,
        "Reconciled Depreciation": 28900000.0,
        "Reconciled Cost Of Revenue": 395600000.0,
        "EBITDA": 110000000.0,
        "EBIT": 81100000.0,
        "Net Interest Income": -36300000.0,
        "Interest Expense": 38700000.0,
        "Interest Income": 2400000.0,
        "Normalized Income": 37977200.0,
        "Net Income From Continuing And Discontinued Operation": 32400000.0,
        "Total Expenses": 577300000.0,
        "Diluted Average Shares": 72600000.0,
        "Basic Average Shares": 71800000.0,
        "Diluted EPS": 0.45,
        "Basic EPS": 0.45,
        "Diluted NI Availto Com Stockholders": 32400000.0,
        "Net Income Common Stockholders": 32400000.0,
        "Net Income": 32400000.0,
        "Net Income Including Noncontrolling Interests": 32400000.0,
        "Net Income Continuous Operations": 32400000.0,
        "Tax Provision": 10000000.0,
        "Pretax Income": 42400000.0,
        "Other Income Expense": -7300000.0,
        "Other Non Operating Income Expenses": NaN,
        "Special Income Charges": -400000.0,
        "Gain On Sale Of Ppe": NaN,
        "Other Special Charges": 400000.0,
        "Impairment Of Capital Assets": NaN,
        "Restructuring And Mergern Acquisition": NaN,
        "Gain On Sale Of Security": -6900000.0,
        "Net Non Operating Interest Income Expense": -36300000.0,
        "Interest Expense Non Operating": 38700000.0,
        "Interest Income Non Operating": 2400000.0,
        "Operating Income": 86000000.0,
        "Operating Expense": 167300000.0,
        "Depreciation Amortization Depletion Income Statement": 14500000.0,
        "Depreciation And Amortization In Income Statement": 14500000.0,
        "Amortization": 14500000.0,
        "Amortization Of Intangibles Income Statement": 14500000.0,
        "Research And Development": 7900000.0,
        "Selling General And Administration": 144900000.0,
        "Selling And Marketing Expense": 21400000.0,
        "General And Administrative Expense": 123500000.0,
        "Other Gand A": 122500000.0,
        "Salaries And Wages": 1000000.0,
        "Gross Profit": 253300000.0,
        "Cost Of Revenue": 410000000.0,
        "Total Revenue": 663300000.0,
        "Operating Revenue": 663300000.0
    },
    "2024-06-30": {
        "Tax Effect Of Unusual Items": -25656400.0,
        "Tax Rate For Calcs": 0.238,
        "Normalized EBITDA": 119500000.0,
        "Total Unusual Items": -107800000.0,
        "Total Unusual Items Excluding Goodwill": -107800000.0,
        "Net Income From Continuing Operation Net Minority Interest": -43800000.0,
        "Reconciled Depreciation": 30700000.0,
        "Reconciled Cost Of Revenue": 408000000.0,
        "EBITDA": 11700000.0,
        "EBIT": -19000000.0,
        "Net Interest Income": -37100000.0,
        "Interest Expense": 38500000.0,
        "Interest Income": 1400000.0,
        "Normalized Income": 38343600.0,
        "Net Income From Continuing And Discontinued Operation": -43800000.0,
        "Total Expenses": 614700000.0,
        "Diluted Average Shares": 71800000.0,
        "Basic Average Shares": 71800000.0,
        "Diluted EPS": -0.61,
        "Basic EPS": -0.61,
        "Diluted NI Availto Com Stockholders": -43800000.0,
        "Net Income Common Stockholders": -43800000.0,
        "Net Income": -43800000.0,
        "Net Income Including Noncontrolling Interests": -43800000.0,
        "Net Income Continuous Operations": -43800000.0,
        "Tax Provision": -13700000.0,
        "Pretax Income": -57500000.0,
        "Other Income Expense": -107100000.0,
        "Other Non Operating Income Expenses": 700000.0,
        "Special Income Charges": -108100000.0,
        "Gain On Sale Of Ppe": 3700000.0,
        "Other Special Charges": 1200000.0,
        "Impairment Of Capital Assets": 110600000.0,
        "Restructuring And Mergern Acquisition": NaN,
        "Gain On Sale Of Security": 300000.0,
        "Net Non Operating Interest Income Expense": -37100000.0,
        "Interest Expense Non Operating": 38500000.0,
        "Interest Income Non Operating": 1400000.0,
        "Operating Income": 86700000.0,
        "Operating Expense": 190500000.0,
        "Depreciation Amortization Depletion Income Statement": 14500000.0,
        "Depreciation And Amortization In Income Statement": 14500000.0,
        "Amortization": 14500000.0,
        "Amortization Of Intangibles Income Statement": 14500000.0,
        "Research And Development": 7400000.0,
        "Selling General And Administration": 168600000.0,
        "Selling And Marketing Expense": 37900000.0,
        "General And Administrative Expense": 130700000.0,
        "Other Gand A": 129600000.0,
        "Salaries And Wages": 1100000.0,
        "Gross Profit": 277200000.0,
        "Cost Of Revenue": 424200000.0,
        "Total Revenue": 701400000.0,
        "Operating Revenue": 701400000.0
    }
}