{
    "2023-03-31": {
        "Tax Effect Of Unusual Items": NaN,
        "Tax Rate For Calcs": NaN,
        "Normalized EBITDA": NaN,
        "Total Unusual Items": NaN,
        "Total Unusual Items Excluding Goodwill": NaN,
        "Net Income From Continuing Operation Net Minority Interest": NaN,
        "Reconciled Depreciation": NaN,
        "Reconciled Cost Of Revenue": NaN,
        "EBITDA": NaN,
        "EBIT": NaN,
        "Net Interest Income": NaN,
        "Interest Expense": NaN,
        "Normalized Income": NaN,
        "Net Income From Continuing And Discontinued Operation": NaN,
        "Total Expenses": NaN,
        "Total Operating Income As Reported": NaN,
        "Diluted Average Shares": 41505060.0,
        "Basic Average Shares": 40873977.0,
        "Diluted EPS": 1.59,
        "Basic EPS": 1.61,
        "Diluted NI Availto Com Stockholders": NaN,
        "Net Income Common Stockholders": NaN,
        "Net Income": NaN,
        "Net Income Including Noncontrolling Interests": NaN,
        "Net Income Continuous Operations": NaN,
        "Tax Provision": NaN,
        "Pretax Income": NaN,
        "Other Income Expense": NaN,
        "Other Non Operating Income Expenses": NaN,
        "Special Income Charges": NaN,
        "Impairment Of Capital Assets": NaN,
        "Restructuring And Mergern Acquisition": NaN,
        "Net Non Operating Interest Income Expense": NaN,
        "Interest Expense Non Operating": NaN,
        "Operating Income": NaN,
        "Operating Expense": NaN,
        "Other Operating Expenses": NaN,
        "Gross Profit": NaN,
        "Cost Of Revenue": NaN,
        "Total Revenue": NaN,
        "Operating Revenue": NaN
    },
    "2022-12-31": {
        "Tax Effect Of Unusual Items": NaN,
        "Tax Rate For Calcs": NaN,
        "Normalized EBITDA": NaN,
        "Total Unusual Items": NaN,
        "Total Unusual Items Excluding Goodwill": NaN,
        "Net Income From Continuing Operation Net Minority Interest": NaN,
        "Reconciled Depreciation": NaN,
        "Reconciled Cost Of Revenue": NaN,
        "EBITDA": NaN,
        "EBIT": NaN,
        "Net Interest Income": NaN,
        "Interest Expense": NaN,
        "Normalized Income": NaN,
        "Net Income From Continuing And Discontinued Operation": NaN,
        "Total Expenses": NaN,
        "Total Operating Income As Reported": NaN,
        "Diluted Average Shares": NaN,
        "Basic Average Shares": NaN,
        "Diluted EPS": NaN,
        "Basic EPS": NaN,
        "Diluted NI Availto Com Stockholders": NaN,
        "Net Income Common Stockholders": NaN,
        "Net Income": NaN,
        "Net Income Including Noncontrolling Interests": NaN,
        "Net Income Continuous Operations": NaN,
        "Tax Provision": NaN,
        "Pretax Income": NaN,
        "Other Income Expense": NaN,
        "Other Non Operating Income Expenses": NaN,
        "Special Income Charges": NaN,
        "Impairment Of Capital Assets": 0.0,
        "Restructuring And Mergern Acquisition": NaN,
        "Net Non Operating Interest Income Expense": NaN,
        "Interest Expense Non Operating": NaN,
        "Operating Income": NaN,
        "Operating Expense": NaN,
        "Other Operating Expenses": NaN,
        "Gross Profit": NaN,
        "Cost Of Revenue": NaN,
        "Total Revenue": NaN,
        "Operating Revenue": NaN
    },
    "2022-09-30": {
        "Tax Effect Of Unusual Items": -474.937965,
        "Tax Rate For Calcs": 0.143921,
        "Normalized EBITDA": 60900.0,
        "Total Unusual Items": -3300.0,
        "Total Unusual Items Excluding Goodwill": -3300.0,
        "Net Income From Continuing Operation Net Minority Interest": 34500.0,
        "Reconciled Depreciation": 22781000.0,
        "Reconciled Cost Of Revenue": 704500.0,
        "EBITDA": 57600.0,
        "EBIT": 57600.0,
        "Net Interest Income": -15461000.0,
        "Interest Expense": 15461000.0,
        "Normalized Income": 37325.062035,
        "Net Income From Continuing And Discontinued Operation": 34500.0,
        "Total Expenses": 841800.0,
        "Total Operating Income As Reported": 54300.0,
        "Diluted Average Shares": 41167622.0,
        "Basic Average Shares": 40740989.0,
        "Diluted EPS": 0.84,
        "Basic EPS": 0.85,
        "Diluted NI Availto Com Stockholders": 34500.0,
        "Net Income Common Stockholders": 34500.0,
        "Net Income": 34500.0,
        "Net Income Including Noncontrolling Interests": 34500.0,
        "Net Income Continuous Operations": 34500.0,
        "Tax Provision": 5800.0,
        "Pretax Income": 40300.0,
        "Other Income Expense": -3300.0,
        "Other Non Operating Income Expenses": 1446000.0,
        "Special Income Charges": -3300.0,
        "Gain On Sale Of Ppe": NaN,
        "Impairment Of Capital Assets": NaN,
        "Restructuring And Mergern Acquisition": 3300.0,
        "Net Non Operating Interest Income Expense": -15461000.0,
        "Interest Expense Non Operating": 15461000.0,
        "Operating Income": 57600.0,
        "Operating Expense": 137300.0,
        "Other Operating Expenses": 137300.0,
        "Gross Profit": 194900.0,
        "Cost Of Revenue": 704500.0,
        "Total Revenue": 899400.0,
        "Operating Revenue": 899400.0
    },
    "2022-06-30": {
        "Tax Effect Of Unusual Items": -1307496.0,
        "Tax Rate For Calcs": 0.157,
        "Normalized EBITDA": 80308000.0,
        "Total Unusual Items": -8328000.0,
        "Total Unusual Items Excluding Goodwill": -8328000.0,
        "Net Income From Continuing Operation Net Minority Interest": 30978000.0,
        "Reconciled Depreciation": 23624000.0,
        "Reconciled Cost Of Revenue": 713436000.0,
        "EBITDA": 71980000.0,
        "EBIT": 48356000.0,
        "Net Interest Income": -11597000.0,
        "Interest Expense": 11597000.0,
        "Normalized Income": 37998504.0,
        "Net Income From Continuing And Discontinued Operation": 30978000.0,
        "Total Expenses": 840514000.0,
        "Total Operating Income As Reported": 50129000.0,
        "Diluted Average Shares": 41352646.0,
        "Basic Average Shares": 40786336.0,
        "Diluted EPS": 0.75,
        "Basic EPS": 0.76,
        "Diluted NI Availto Com Stockholders": 30978000.0,
        "Net Income Common Stockholders": 30978000.0,
        "Net Income": 30978000.0,
        "Net Income Including Noncontrolling Interests": 30978000.0,
        "Net Income Continuous Operations": 30978000.0,
        "Tax Provision": 5781000.0,
        "Pretax Income": 36759000.0,
        "Other Income Expense": -10101000.0,
        "Other Non Operating Income Expenses": -1773000.0,
        "Special Income Charges": -8328000.0,
        "Gain On Sale Of Ppe": NaN,
        "Impairment Of Capital Assets": NaN,
        "Restructuring And Mergern Acquisition": 8328000.0,
        "Net Non Operating Interest Income Expense": -11597000.0,
        "Interest Expense Non Operating": 11597000.0,
        "Operating Income": 58457000.0,
        "Operating Expense": 127078000.0,
        "Other Operating Expenses": 127078000.0,
        "Gross Profit": 185535000.0,
        "Cost Of Revenue": 713436000.0,
        "Total Revenue": 898971000.0,
        "Operating Revenue": 898971000.0
    },
    "2022-03-31": {
        "Diluted EPS": 0.68,
        "Total Revenue": 907,
        "Gross Profit": 195,
        "Operating Income": 44,
        "EBIT": 68,
        "Net Income": 28
    },
    "2021-12-31": {
        "Diluted EPS": 0.85,
        "Total Revenue": 844,
        "Gross Profit": 184,
        "Operating Income": 51,
        "EBIT": 75,
        "Net Income": 36
    },
    "2021-09-30": {
        "Diluted EPS": 0.82,
        "Total Revenue": 791,
        "Gross Profit": 178,
        "Operating Income": 50,
        "EBIT": 74,
        "Net Income": 36
    },
    "2021-06-30": {
        "Diluted EPS": 1.01,
        "Total Revenue": 815,
        "Gross Profit": 193,
        "Operating Income": 61,
        "EBIT": 85,
        "Net Income": 44
    },
    "2021-03-31": {
        "Diluted EPS": 0.78,
        "Total Revenue": 814,
        "Gross Profit": 197,
        "Operating Income": 52,
        "EBIT": 76,
        "Net Income": 34
    },
    "2020-12-31": {
        "Diluted EPS": 0.89,
        "Total Revenue": 751,
        "Gross Profit": 189,
        "Operating Income": 56,
        "EBIT": 79,
        "Net Income": 39
    },
    "2020-09-30": {
        "Diluted EPS": 0.83,
        "Total Revenue": 708,
        "Gross Profit": 178,
        "Operating Income": 55,
        "EBIT": 79,
        "Net Income": 36
    },
    "2020-06-30": {
        "Diluted EPS": 0.82,
        "Total Revenue": 705,
        "Gross Profit": 175,
        "Operating Income": 53,
        "EBIT": 77,
        "Net Income": 35
    },
    "2020-03-31": {
        "Diluted EPS": -0.04,
        "Total Revenue": 782,
        "Gross Profit": 201,
        "Operating Income": 20,
        "EBIT": 81,
        "Net Income": -2
    },
    "2019-12-31": {
        "Diluted EPS": 0.64,
        "Total Revenue": 764,
        "Gross Profit": 185,
        "Operating Income": 43,
        "EBIT": 68,
        "Net Income": 27
    },
    "2019-09-30": {
        "Diluted EPS": 1.47,
        "Total Revenue": 762,
        "Gross Profit": 197,
        "Operating Income": 59,
        "EBIT": 79,
        "Net Income": 63
    },
    "2019-06-30": {
        "Diluted EPS": 1.13,
        "Total Revenue": 780,
        "Gross Profit": 202,
        "Operating Income": 68,
        "EBIT": 89,
        "Net Income": 49
    },
    "2019-03-31": {
        "Diluted EPS": 0.42,
        "Total Revenue": 797,
        "Gross Profit": 202,
        "Operating Income": 35,
        "EBIT": 56,
        "Net Income": 19
    },
    "2018-12-31": {
        "Diluted EPS": 1.12,
        "Total Revenue": 680,
        "Gross Profit": 165,
        "Operating Income": 50,
        "EBIT": 65,
        "Net Income": 48
    },
    "2018-09-30": {
        "Diluted EPS": 1.11,
        "Total Revenue": 660,
        "Gross Profit": 161,
        "Operating Income": 63,
        "EBIT": 77,
        "Net Income": 47
    },
    "2018-06-30": {
        "Diluted EPS": 1.08,
        "Total Revenue": 671,
        "Gross Profit": 165,
        "Operating Income": 64,
        "EBIT": 78,
        "Net Income": 46
    },
    "2018-03-31": {
        "Diluted EPS": 1.29,
        "Total Revenue": 683,
        "Gross Profit": 167,
        "Operating Income": 68,
        "EBIT": 82,
        "Net Income": 54
    },
    "2017-12-31": {
        "Diluted EPS": -0.61,
        "Total Revenue": 659,
        "Gross Profit": 167,
        "Operating Income": 69,
        "EBIT": 82,
        "Net Income": -26
    },
    "2017-09-30": {
        "Diluted EPS": 1.0,
        "Total Revenue": 617,
        "Gross Profit": 160,
        "Operating Income": 64,
        "EBIT": 78,
        "Net Income": 43
    },
    "2017-06-30": {
        "Diluted EPS": 1.09,
        "Total Revenue": 623,
        "Gross Profit": 163,
        "Operating Income": 70,
        "EBIT": 83,
        "Net Income": 48
    },
    "2017-03-31": {
        "Diluted EPS": 0.76,
        "Total Revenue": 627,
        "Gross Profit": 168,
        "Operating Income": 53,
        "EBIT": 79,
        "Net Income": 34
    },
    "2016-12-31": {
        "Diluted EPS": 0.82,
        "Total Revenue": 564,
        "Gross Profit": 156,
        "Operating Income": 55,
        "EBIT": 68,
        "Net Income": 36
    },
    "2016-09-30": {
        "Diluted EPS": 1.04,
        "Total Revenue": 576,
        "Gross Profit": 161,
        "Operating Income": 63,
        "EBIT": 76,
        "Net Income": 46
    },
    "2016-06-30": {
        "Diluted EPS": 1.02,
        "Total Revenue": 601,
        "Gross Profit": 166,
        "Operating Income": 66,
        "EBIT": 80,
        "Net Income": 45
    },
    "2016-03-31": {
        "Diluted EPS": 0.23,
        "Total Revenue": 611,
        "Gross Profit": 161,
        "Operating Income": 26,
        "EBIT": 71,
        "Net Income": 9
    },
    "2015-12-31": {
        "Diluted EPS": 0.86,
        "Total Revenue": 574,
        "Gross Profit": 146,
        "Operating Income": 55,
        "EBIT": 70,
        "Net Income": 38
    },
    "2015-09-30": {
        "Diluted EPS": 0.87,
        "Total Revenue": 569,
        "Gross Profit": 155,
        "Operating Income": 60,
        "EBIT": 74,
        "Net Income": 40
    },
    "2015-06-30": {
        "Diluted EPS": 1.03,
        "Total Revenue": 562,
        "Gross Profit": 150,
        "Operating Income": 69,
        "EBIT": 83,
        "Net Income": 48
    },
    "2015-03-31": {
        "Diluted EPS": 0.58,
        "Total Revenue": 630,
        "Gross Profit": 159,
        "Operating Income": 43,
        "EBIT": 82,
        "Net Income": 26
    },
    "2014-12-31": {
        "Diluted EPS": 1.04,
        "Total Revenue": 612,
        "Gross Profit": 157,
        "Operating Income": 69,
        "EBIT": 82,
        "Net Income": 49
    },
    "2014-09-30": {
        "Diluted EPS": 1.16,
        "Total Revenue": 630,
        "Gross Profit": 163,
        "Operating Income": 80,
        "EBIT": 94,
        "Net Income": 56
    },
    "2014-06-30": {
        "Diluted EPS": 0.99,
        "Total Revenue": 634,
        "Gross Profit": 163,
        "Operating Income": 72,
        "EBIT": 86,
        "Net Income": 49
    },
    "2014-03-31": {
        "Diluted EPS": 0.25,
        "Total Revenue": 665,
        "Gross Profit": 178,
        "Operating Income": 12,
        "EBIT": 27,
        "Net Income": 13
    },
    "2013-12-31": {
        "Diluted EPS": 1.1,
        "Total Revenue": 643,
        "Gross Profit": 167,
        "Operating Income": 59,
        "EBIT": 78,
        "Net Income": 55
    },
    "2013-09-30": {
        "Diluted EPS": 0.84,
        "Total Revenue": 569,
        "Gross Profit": 144,
        "Operating Income": 61,
        "EBIT": 74,
        "Net Income": 41
    },
    "2013-06-30": {
        "Diluted EPS": 0.83,
        "Total Revenue": 597,
        "Gross Profit": 140,
        "Operating Income": 63,
        "EBIT": 75,
        "Net Income": 41
    },
    "2013-03-31": {
        "Diluted EPS": 0.77,
        "Total Revenue": 572,
        "Gross Profit": 139,
        "Operating Income": 57,
        "EBIT": 70,
        "Net Income": 38
    },
    "2012-12-31": {
        "Diluted EPS": 0.8,
        "Total Revenue": 557,
        "Gross Profit": 144,
        "Operating Income": 60,
        "EBIT": 72,
        "Net Income": 39
    },
    "2012-09-30": {
        "Diluted EPS": 0.9,
        "Total Revenue": 554,
        "Gross Profit": 138,
        "Operating Income": 63,
        "EBIT": 76,
        "Net Income": 44
    },
    "2012-06-30": {
        "Diluted EPS": 0.95,
        "Total Revenue": 594,
        "Gross Profit": 148,
        "Operating Income": 70,
        "EBIT": 83,
        "Net Income": 46
    },
    "2012-03-31": {
        "Diluted EPS": 0.93,
        "Total Revenue": 593,
        "Gross Profit": 145,
        "Operating Income": 66,
        "EBIT": 79,
        "Net Income": 45
    },
    "2011-12-31": {
        "Diluted EPS": 0.77,
        "Total Revenue": 574,
        "Gross Profit": 131,
        "Operating Income": 54,
        "EBIT": 67,
        "Net Income": 37
    },
    "2011-09-30": {
        "Diluted EPS": 0.57,
        "Total Revenue": 547,
        "Gross Profit": 114,
        "Operating Income": 42,
        "EBIT": 55,
        "Net Income": 28
    },
    "2011-06-30": {
        "Diluted EPS": 0.66,
        "Total Revenue": 569,
        "Gross Profit": 122,
        "Operating Income": 49,
        "EBIT": 61,
        "Net Income": 33
    },
    "2011-03-31": {
        "Diluted EPS": 0.6,
        "Total Revenue": 548,
        "Gross Profit": 125,
        "Operating Income": 54,
        "EBIT": 65,
        "Net Income": 30
    },
    "2010-12-31": {
        "Diluted EPS": 0.67,
        "Total Revenue": 509,
        "Gross Profit": 118,
        "Operating Income": 48,
        "EBIT": 59,
        "Net Income": 34
    },
    "2010-09-30": {
        "Diluted EPS": 0.53,
        "Total Revenue": 473,
        "Gross Profit": 111,
        "Operating Income": 44,
        "EBIT": 56,
        "Net Income": 27
    },
    "2010-06-30": {
        "Diluted EPS": 0.47,
        "Total Revenue": 435,
        "Gross Profit": 97,
        "Operating Income": 37,
        "EBIT": 49,
        "Net Income": 23
    },
    "2010-03-31": {
        "Diluted EPS": 0.38,
        "Total Revenue": 451,
        "Gross Profit": 96,
        "Operating Income": 31,
        "EBIT": 43,
        "Net Income": 18
    },
    "2009-12-31": {
        "Diluted EPS": 0.47,
        "Total Revenue": 421,
        "Gross Profit": 98,
        "Operating Income": 39,
        "EBIT": 50,
        "Net Income": 23
    },
    "2009-09-30": {
        "Diluted EPS": 0.26,
        "Total Revenue": 367,
        "Gross Profit": 89,
        "Operating Income": 25,
        "EBIT": 36,
        "Net Income": 13
    },
    "2009-06-30": {
        "Diluted EPS": 0.17,
        "Total Revenue": 340,
        "Gross Profit": 77,
        "Operating Income": 20,
        "EBIT": 30,
        "Net Income": 8
    },
    "2009-03-31": {
        "Diluted EPS": 0.07,
        "Total Revenue": 393,
        "Gross Profit": 90,
        "Operating Income": 12,
        "EBIT": 21,
        "Net Income": 3
    },
    "2023-06-30": {
        "Tax Effect Of Unusual Items": NaN,
        "Tax Rate For Calcs": NaN,
        "Normalized EBITDA": NaN,
        "Total Unusual Items": NaN,
        "Total Unusual Items Excluding Goodwill": NaN,
        "Net Income From Continuing Operation Net Minority Interest": NaN,
        "Reconciled Depreciation": NaN,
        "Reconciled Cost Of Revenue": NaN,
        "EBITDA": NaN,
        "EBIT": NaN,
        "Net Interest Income": NaN,
        "Interest Expense": NaN,
        "Normalized Income": NaN,
        "Net Income From Continuing And Discontinued Operation": NaN,
        "Total Expenses": NaN,
        "Total Operating Income As Reported": NaN,
        "Diluted Average Shares": 41698324.0,
        "Basic Average Shares": 40937334.0,
        "Diluted EPS": 1.6,
        "Basic EPS": 1.63,
        "Diluted NI Availto Com Stockholders": NaN,
        "Net Income Common Stockholders": NaN,
        "Net Income": NaN,
        "Minority Interests": NaN,
        "Net Income Including Noncontrolling Interests": NaN,
        "Net Income Continuous Operations": NaN,
        "Tax Provision": NaN,
        "Pretax Income": NaN,
        "Other Income Expense": NaN,
        "Other Non Operating Income Expenses": NaN,
        "Special Income Charges": NaN,
        "Impairment Of Capital Assets": NaN,
        "Restructuring And Mergern Acquisition": NaN,
        "Net Non Operating Interest Income Expense": NaN,
        "Interest Expense Non Operating": NaN,
        "Operating Income": NaN,
        "Operating Expense": NaN,
        "Other Operating Expenses": NaN,
        "Gross Profit": NaN,
        "Cost Of Revenue": NaN,
        "Total Revenue": NaN,
        "Operating Revenue": NaN
    },
    "2023-09-30": {
        "Tax Effect Of Unusual Items": -810208.0,
        "Tax Rate For Calcs": 0.112,
        "Normalized EBITDA": 115390000.0,
        "Total Unusual Items": -7234000.0,
        "Total Unusual Items Excluding Goodwill": -7234000.0,
        "Net Income From Continuing Operation Net Minority Interest": 65229000.0,
        "Reconciled Depreciation": 22521000.0,
        "Reconciled Cost Of Revenue": 661414000.0,
        "EBITDA": 108156000.0,
        "EBIT": 85635000.0,
        "Net Interest Income": -12217000.0,
        "Interest Expense": 12217000.0,
        "Normalized Income": 71652792.0,
        "Net Income From Continuing And Discontinued Operation": 65229000.0,
        "Total Expenses": 805185000.0,
        "Total Operating Income As Reported": 88614000.0,
        "Diluted Average Shares": 41684634.0,
        "Basic Average Shares": 40922959.0,
        "Diluted EPS": 1.56,
        "Basic EPS": 1.59,
        "Diluted NI Availto Com Stockholders": 65229000.0,
        "Net Income Common Stockholders": 65229000.0,
        "Net Income": 65229000.0,
        "Minority Interests": 0.0,
        "Net Income Including Noncontrolling Interests": 65229000.0,
        "Net Income Continuous Operations": 65229000.0,
        "Tax Provision": 8189000.0,
        "Pretax Income": 73418000.0,
        "Other Income Expense": -10213000.0,
        "Other Non Operating Income Expenses": -2979000.0,
        "Special Income Charges": -7234000.0,
        "Impairment Of Capital Assets": NaN,
        "Restructuring And Mergern Acquisition": 7234000.0,
        "Net Non Operating Interest Income Expense": -12217000.0,
        "Interest Expense Non Operating": 12217000.0,
        "Operating Income": 95848000.0,
        "Operating Expense": 143771000.0,
        "Other Operating Expenses": 143771000.0,
        "Gross Profit": 239619000.0,
        "Cost Of Revenue": 661414000.0,
        "Total Revenue": 901033000.0,
        "Operating Revenue": 901033000.0
    },
    "2023-12-31": {
        "Tax Effect Of Unusual Items": -386880.0,
        "Tax Rate For Calcs": 0.032,
        "Normalized EBITDA": 125556000.0,
        "Total Unusual Items": -12090000.0,
        "Total Unusual Items Excluding Goodwill": -12090000.0,
        "Net Income From Continuing Operation Net Minority Interest": 76158000.0,
        "Reconciled Depreciation": 23090000.0,
        "Reconciled Cost Of Revenue": 612900000.0,
        "EBITDA": 113466000.0,
        "EBIT": 90376000.0,
        "Net Interest Income": -11718000.0,
        "Interest Expense": 11718000.0,
        "Normalized Income": 87861120.0,
        "Net Income From Continuing And Discontinued Operation": 76158000.0,
        "Total Expenses": 756861000.0,
        "Total Operating Income As Reported": 92597000.0,
        "Diluted Average Shares": 41047893.0,
        "Basic Average Shares": 40451279.0,
        "Diluted EPS": 1.86,
        "Basic EPS": 1.88,
        "Diluted NI Availto Com Stockholders": 76158000.0,
        "Net Income Common Stockholders": 76158000.0,
        "Net Income": 76158000.0,
        "Minority Interests": NaN,
        "Net Income Including Noncontrolling Interests": 76158000.0,
        "Net Income Continuous Operations": 76158000.0,
        "Tax Provision": 2500000.0,
        "Pretax Income": 78658000.0,
        "Other Income Expense": -14311000.0,
        "Other Non Operating Income Expenses": -2221000.0,
        "Special Income Charges": -12090000.0,
        "Impairment Of Capital Assets": 6020000.0,
        "Restructuring And Mergern Acquisition": 6070000.0,
        "Net Non Operating Interest Income Expense": -11718000.0,
        "Interest Expense Non Operating": 11718000.0,
        "Operating Income": 104687000.0,
        "Operating Expense": 143961000.0,
        "Other Operating Expenses": 143961000.0,
        "Gross Profit": 248648000.0,
        "Cost Of Revenue": 612900000.0,
        "Total Revenue": 861548000.0,
        "Operating Revenue": 861548000.0
    },
    "2024-03-31": {
        "Tax Effect Of Unusual Items": -1600444.124009,
        "Tax Rate For Calcs": 0.085076,
        "Normalized EBITDA": 119880000.0,
        "Total Unusual Items": -18812000.0,
        "Total Unusual Items Excluding Goodwill": -18812000.0,
        "Net Income From Continuing Operation Net Minority Interest": 60912000.0,
        "Reconciled Depreciation": 23717000.0,
        "Reconciled Cost Of Revenue": 656403000.0,
        "EBITDA": 101068000.0,
        "EBIT": 77351000.0,
        "Net Interest Income": -10775000.0,
        "Interest Expense": 10775000.0,
        "Normalized Income": 78123555.875991,
        "Net Income From Continuing And Discontinued Operation": 60912000.0,
        "Total Expenses": 813718000.0,
        "Total Operating Income As Reported": 80914000.0,
        "Diluted Average Shares": NaN,
        "Basic Average Shares": NaN,
        "Diluted EPS": NaN,
        "Basic EPS": NaN,
        "Diluted NI Availto Com Stockholders": 60912000.0,
        "Net Income Common Stockholders": 60912000.0,
        "Net Income": 60912000.0,
        "Minority Interests": NaN,
        "Net Income Including Noncontrolling Interests": 60912000.0,
        "Net Income Continuous Operations": 60912000.0,
        "Tax Provision": 5664000.0,
        "Pretax Income": 66576000.0,
        "Other Income Expense": -19652000.0,
        "Other Non Operating Income Expenses": -840000.0,
        "Special Income Charges": -24865000.0,
        "Impairment Of Capital Assets": 7599000.0,
        "Restructuring And Mergern Acquisition": 8490000.0,
        "Net Non Operating Interest Income Expense": -10775000.0,
        "Interest Expense Non Operating": 10775000.0,
        "Operating Income": 97003000.0,
        "Operating Expense": 157315000.0,
        "Other Operating Expenses": 157315000.0,
        "Gross Profit": 254318000.0,
        "Cost Of Revenue": 656403000.0,
        "Total Revenue": 910721000.0,
        "Operating Revenue": 910721000.0
    },
    "2024-06-30": {
        "Tax Effect Of Unusual Items": -688808.0,
        "Tax Rate For Calcs": 0.116,
        "Normalized EBITDA": 119804000.0,
        "Total Unusual Items": -5938000.0,
        "Total Unusual Items Excluding Goodwill": -5938000.0,
        "Net Income From Continuing Operation Net Minority Interest": 70111000.0,
        "Reconciled Depreciation": 23550000.0,
        "Reconciled Cost Of Revenue": 614545000.0,
        "EBITDA": 113866000.0,
        "EBIT": 90316000.0,
        "Net Interest Income": -10987000.0,
        "Interest Expense": 10987000.0,
        "Normalized Income": 75360192.0,
        "Net Income From Continuing And Discontinued Operation": 70111000.0,
        "Total Expenses": 755647000.0,
        "Total Operating Income As Reported": 91331000.0,
        "Diluted Average Shares": 40986116.0,
        "Basic Average Shares": 40204013.0,
        "Diluted EPS": 1.71,
        "Basic EPS": 1.74,
        "Diluted NI Availto Com Stockholders": 70111000.0,
        "Net Income Common Stockholders": 70111000.0,
        "Net Income": 70111000.0,
        "Minority Interests": NaN,
        "Net Income Including Noncontrolling Interests": 70111000.0,
        "Net Income Continuous Operations": 70111000.0,
        "Tax Provision": 9218000.0,
        "Pretax Income": 79329000.0,
        "Other Income Expense": -6953000.0,
        "Other Non Operating Income Expenses": -1015000.0,
        "Special Income Charges": -5938000.0,
        "Impairment Of Capital Assets": NaN,
        "Restructuring And Mergern Acquisition": 5938000.0,
        "Net Non Operating Interest Income Expense": -10987000.0,
        "Interest Expense Non Operating": 10987000.0,
        "Operating Income": 97269000.0,
        "Operating Expense": 141102000.0,
        "Other Operating Expenses": 141102000.0,
        "Gross Profit": 238371000.0,
        "Cost Of Revenue": 614545000.0,
        "Total Revenue": 852916000.0,
        "Operating Revenue": 852916000.0
    },
    "2024-09-30": {
        "Tax Effect Of Unusual Items": -51152.0,
        "Tax Rate For Calcs": 0.023,
        "Normalized EBITDA": 124112000.0,
        "Total Unusual Items": -2224000.0,
        "Total Unusual Items Excluding Goodwill": -2224000.0,
        "Net Income From Continuing Operation Net Minority Interest": 82266000.0,
        "Reconciled Depreciation": 25207000.0,
        "Reconciled Cost Of Revenue": 631523000.0,
        "EBITDA": 121888000.0,
        "EBIT": 96681000.0,
        "Net Interest Income": -12491000.0,
        "Interest Expense": 12491000.0,
        "Normalized Income": 84438848.0,
        "Net Income From Continuing And Discontinued Operation": 82266000.0,
        "Total Expenses": 782058000.0,
        "Total Operating Income As Reported": 99387000.0,
        "Diluted Average Shares": 40863205.0,
        "Basic Average Shares": 40165080.0,
        "Diluted EPS": 2.01,
        "Basic EPS": 2.05,
        "Diluted NI Availto Com Stockholders": 82266000.0,
        "Net Income Common Stockholders": 82266000.0,
        "Net Income": 82266000.0,
        "Minority Interests": 0.0,
        "Net Income Including Noncontrolling Interests": 82266000.0,
        "Net Income Continuous Operations": 82266000.0,
        "Tax Provision": 1924000.0,
        "Pretax Income": 84190000.0,
        "Other Income Expense": -4930000.0,
        "Other Non Operating Income Expenses": -2706000.0,
        "Special Income Charges": -2224000.0,
        "Impairment Of Capital Assets": NaN,
        "Restructuring And Mergern Acquisition": 2224000.0,
        "Net Non Operating Interest Income Expense": -12491000.0,
        "Interest Expense Non Operating": 12491000.0,
        "Operating Income": 101611000.0,
        "Operating Expense": 150535000.0,
        "Other Operating Expenses": 150535000.0,
        "Gross Profit": 252146000.0,
        "Cost Of Revenue": 631523000.0,
        "Total Revenue": 883669000.0,
        "Operating Revenue": 883669000.0
    }
}