{
    "2023-06-30": {
        "Tax Effect Of Unusual Items": 0.0,
        "Tax Rate For Calcs": 0.209,
        "Normalized EBITDA": 100672000.0,
        "Net Income From Continuing Operation Net Minority Interest": 63993000.0,
        "Reconciled Depreciation": 17596000.0,
        "Reconciled Cost Of Revenue": 772445000.0,
        "EBITDA": 100672000.0,
        "EBIT": 83076000.0,
        "Net Interest Income": -2023000.0,
        "Interest Expense": 2023000.0,
        "Normalized Income": 63993000.0,
        "Net Income From Continuing And Discontinued Operation": 63993000.0,
        "Total Expenses": 843471000.0,
        "Rent Expense Supplemental": 49760000.0,
        "Total Operating Income As Reported": 77874000.0,
        "Diluted Average Shares": 57260000.0,
        "Basic Average Shares": 55611000.0,
        "Diluted EPS": 1.12,
        "Basic EPS": 1.15,
        "Diluted NI Availto Com Stockholders": 63993000.0,
        "Net Income Common Stockholders": 63993000.0,
        "Net Income": 63993000.0,
        "Minority Interests": -97000.0,
        "Net Income Including Noncontrolling Interests": 64090000.0,
        "Net Income Continuous Operations": 64090000.0,
        "Tax Provision": 16963000.0,
        "Pretax Income": 81053000.0,
        "Other Income Expense": 5202000.0,
        "Other Non Operating Income Expenses": 5202000.0,
        "Net Non Operating Interest Income Expense": -2023000.0,
        "Interest Expense Non Operating": 2023000.0,
        "Operating Income": 77874000.0,
        "Operating Expense": 71026000.0,
        "Depreciation Amortization Depletion Income Statement": 17596000.0,
        "Depreciation And Amortization In Income Statement": 17596000.0,
        "Selling General And Administration": 53430000.0,
        "General And Administrative Expense": 53430000.0,
        "Other Gand A": 53430000.0,
        "Gross Profit": 148900000.0,
        "Cost Of Revenue": 772445000.0,
        "Total Revenue": 921345000.0,
        "Operating Revenue": 921345000.0
    },
    "2023-03-31": {
        "Tax Effect Of Unusual Items": 0.0,
        "Tax Rate For Calcs": 0.235,
        "Normalized EBITDA": 97530000.0,
        "Net Income From Continuing Operation Net Minority Interest": 59852000.0,
        "Reconciled Depreciation": 17112000.0,
        "Reconciled Cost Of Revenue": 742963000.0,
        "EBITDA": 97530000.0,
        "EBIT": 80418000.0,
        "Net Interest Income": -2036000.0,
        "Interest Expense": 2036000.0,
        "Normalized Income": 59852000.0,
        "Net Income From Continuing And Discontinued Operation": 59852000.0,
        "Total Expenses": 811966000.0,
        "Rent Expense Supplemental": 46637000.0,
        "Total Operating Income As Reported": 74875000.0,
        "Diluted Average Shares": 57098000.0,
        "Basic Average Shares": 55300000.0,
        "Diluted EPS": 1.05,
        "Basic EPS": 1.08,
        "Diluted NI Availto Com Stockholders": 59852000.0,
        "Net Income Common Stockholders": 59852000.0,
        "Net Income": 59852000.0,
        "Minority Interests": -117000.0,
        "Net Income Including Noncontrolling Interests": 59969000.0,
        "Net Income Continuous Operations": 59969000.0,
        "Tax Provision": 18413000.0,
        "Pretax Income": 78382000.0,
        "Other Income Expense": 5543000.0,
        "Other Non Operating Income Expenses": 5543000.0,
        "Net Non Operating Interest Income Expense": -2036000.0,
        "Interest Expense Non Operating": 2036000.0,
        "Operating Income": 74875000.0,
        "Operating Expense": 69003000.0,
        "Depreciation Amortization Depletion Income Statement": 17112000.0,
        "Depreciation And Amortization In Income Statement": 17112000.0,
        "Selling General And Administration": 51891000.0,
        "General And Administrative Expense": 51891000.0,
        "Other Gand A": 51891000.0,
        "Gross Profit": 143878000.0,
        "Cost Of Revenue": 742963000.0,
        "Total Revenue": 886841000.0,
        "Operating Revenue": 886841000.0
    },
    "2022-12-31": {
        "Tax Effect Of Unusual Items": 0.0,
        "Tax Rate For Calcs": 0.218616,
        "Normalized EBITDA": 96398000.0,
        "Net Income From Continuing Operation Net Minority Interest": 60471000.0,
        "Reconciled Depreciation": 16880000.0,
        "Reconciled Cost Of Revenue": 674681000.0,
        "EBITDA": 96398000.0,
        "EBIT": 79518000.0,
        "Net Interest Income": -2067000.0,
        "Interest Expense": 2067000.0,
        "Normalized Income": 60471000.0,
        "Net Income From Continuing And Discontinued Operation": 60471000.0,
        "Total Expenses": 734336000.0,
        "Rent Expense Supplemental": 41152000.0,
        "Total Operating Income As Reported": 75196000.0,
        "Diluted Average Shares": 56973000.0,
        "Basic Average Shares": 55087000.0,
        "Diluted EPS": 1.06,
        "Basic EPS": 1.1,
        "Diluted NI Availto Com Stockholders": 60471000.0,
        "Net Income Common Stockholders": 60471000.0,
        "Net Income": 60471000.0,
        "Minority Interests": -48000.0,
        "Net Income Including Noncontrolling Interests": 60519000.0,
        "Net Income Continuous Operations": 60519000.0,
        "Tax Provision": 16932000.0,
        "Pretax Income": 77451000.0,
        "Other Income Expense": 4322000.0,
        "Other Non Operating Income Expenses": 4322000.0,
        "Net Non Operating Interest Income Expense": -2067000.0,
        "Interest Expense Non Operating": 2067000.0,
        "Operating Income": 75196000.0,
        "Operating Expense": 59655000.0,
        "Depreciation Amortization Depletion Income Statement": 16880000.0,
        "Depreciation And Amortization In Income Statement": 16880000.0,
        "Selling General And Administration": 42775000.0,
        "General And Administrative Expense": 42775000.0,
        "Other Gand A": 42775000.0,
        "Gross Profit": 134851000.0,
        "Cost Of Revenue": 674681000.0,
        "Total Revenue": 809532000.0,
        "Operating Revenue": 809532000.0
    },
    "2022-09-30": {
        "Tax Effect Of Unusual Items": 0.0,
        "Tax Rate For Calcs": 0.224,
        "Normalized EBITDA": 90504000.0,
        "Net Income From Continuing Operation Net Minority Interest": 56179000.0,
        "Reconciled Depreciation": 15941000.0,
        "Reconciled Cost Of Revenue": 640530000.0,
        "EBITDA": 90504000.0,
        "EBIT": 74563000.0,
        "Net Interest Income": -2108000.0,
        "Interest Expense": 2108000.0,
        "Normalized Income": 56179000.0,
        "Net Income From Continuing And Discontinued Operation": 56179000.0,
        "Total Expenses": 695718000.0,
        "Rent Expense Supplemental": 38907000.0,
        "Total Operating Income As Reported": 74287000.0,
        "Diluted Average Shares": 56761000.0,
        "Basic Average Shares": 54882000.0,
        "Diluted EPS": 0.99,
        "Basic EPS": 1.02,
        "Diluted NI Availto Com Stockholders": 56179000.0,
        "Net Income Common Stockholders": 56179000.0,
        "Net Income": 56179000.0,
        "Minority Interests": -63000.0,
        "Net Income Including Noncontrolling Interests": 56242000.0,
        "Net Income Continuous Operations": 56242000.0,
        "Tax Provision": 16213000.0,
        "Pretax Income": 72455000.0,
        "Other Income Expense": 276000.0,
        "Other Non Operating Income Expenses": 276000.0,
        "Net Non Operating Interest Income Expense": -2108000.0,
        "Interest Expense Non Operating": 2108000.0,
        "Operating Income": 74287000.0,
        "Operating Expense": 55188000.0,
        "Depreciation Amortization Depletion Income Statement": 15941000.0,
        "Depreciation And Amortization In Income Statement": 15941000.0,
        "Selling General And Administration": 39247000.0,
        "General And Administrative Expense": 39247000.0,
        "Other Gand A": 39247000.0,
        "Gross Profit": 129475000.0,
        "Cost Of Revenue": 640530000.0,
        "Total Revenue": 770005000.0,
        "Operating Revenue": 770005000.0
    },
    "2022-06-30": {
        "Tax Effect Of Unusual Items": 0.0,
        "Tax Rate For Calcs": 0.208,
        "Normalized EBITDA": 90503000.0,
        "Net Income From Continuing Operation Net Minority Interest": 57691000.0,
        "Reconciled Depreciation": 14858000.0,
        "Reconciled Cost Of Revenue": 600869000.0,
        "EBITDA": 90503000.0,
        "EBIT": 75645000.0,
        "Net Interest Income": -2688000.0,
        "Interest Expense": 2688000.0,
        "Normalized Income": 57691000.0,
        "Net Income From Continuing And Discontinued Operation": 57691000.0,
        "Total Expenses": 654254000.0,
        "Rent Expense Supplemental": 37228000.0,
        "Total Operating Income As Reported": 78232000.0,
        "Diluted Average Shares": 56853000.0,
        "Basic Average Shares": 54906000.0,
        "Diluted EPS": 1.01,
        "Basic EPS": 1.05,
        "Diluted NI Availto Com Stockholders": 57691000.0,
        "Net Income Common Stockholders": 57691000.0,
        "Net Income": 57691000.0,
        "Minority Interests": -112000.0,
        "Net Income Including Noncontrolling Interests": 57803000.0,
        "Net Income Continuous Operations": 57803000.0,
        "Tax Provision": 15154000.0,
        "Pretax Income": 72957000.0,
        "Other Income Expense": -2587000.0,
        "Other Non Operating Income Expenses": -2587000.0,
        "Net Non Operating Interest Income Expense": -2688000.0,
        "Interest Expense Non Operating": 2688000.0,
        "Operating Income": 78232000.0,
        "Operating Expense": 53385000.0,
        "Depreciation Amortization Depletion Income Statement": 14858000.0,
        "Depreciation And Amortization In Income Statement": 14858000.0,
        "Selling General And Administration": 38527000.0,
        "General And Administrative Expense": 38527000.0,
        "Other Gand A": 38527000.0,
        "Gross Profit": 131617000.0,
        "Cost Of Revenue": 600869000.0,
        "Total Revenue": 732486000.0,
        "Operating Revenue": 732486000.0
    },
    "2022-03-31": {
        "Diluted EPS": 0.89,
        "Total Revenue": 713,
        "Gross Profit": 122,
        "Operating Income": 69,
        "EBIT": 84,
        "Net Income": 50
    },
    "2021-12-31": {
        "Diluted EPS": 0.86,
        "Total Revenue": 693,
        "Gross Profit": 122,
        "Operating Income": 66,
        "EBIT": 80,
        "Net Income": 49
    },
    "2021-09-30": {
        "Diluted EPS": 0.83,
        "Total Revenue": 669,
        "Gross Profit": 119,
        "Operating Income": 66,
        "EBIT": 80,
        "Net Income": 47
    },
    "2021-06-30": {
        "Diluted EPS": 0.87,
        "Total Revenue": 639,
        "Gross Profit": 116,
        "Operating Income": 65,
        "EBIT": 79,
        "Net Income": 49
    },
    "2021-03-31": {
        "Diluted EPS": 0.86,
        "Total Revenue": 627,
        "Gross Profit": 112,
        "Operating Income": 64,
        "EBIT": 78,
        "Net Income": 49
    },
    "2020-12-31": {
        "Diluted EPS": 0.83,
        "Total Revenue": 629,
        "Gross Profit": 103,
        "Operating Income": 56,
        "EBIT": 70,
        "Net Income": 46
    },
    "2020-09-30": {
        "Diluted EPS": 0.77,
        "Total Revenue": 599,
        "Gross Profit": 102,
        "Operating Income": 55,
        "EBIT": 69,
        "Net Income": 43
    },
    "2020-06-30": {
        "Diluted EPS": 0.73,
        "Total Revenue": 585,
        "Gross Profit": 100,
        "Operating Income": 55,
        "EBIT": 69,
        "Net Income": 40
    },
    "2020-03-31": {
        "Diluted EPS": 0.73,
        "Total Revenue": 590,
        "Gross Profit": 103,
        "Operating Income": 57,
        "EBIT": 71,
        "Net Income": 41
    },
    "2019-12-31": {
        "Diluted EPS": 0.49,
        "Total Revenue": 560,
        "Gross Profit": 85,
        "Operating Income": 40,
        "EBIT": 53,
        "Net Income": 27
    },
    "2019-09-30": {
        "Diluted EPS": 0.48,
        "Total Revenue": 512,
        "Gross Profit": 70,
        "Operating Income": 31,
        "EBIT": 44,
        "Net Income": 27
    },
    "2019-06-30": {
        "Diluted EPS": 0.51,
        "Total Revenue": 493,
        "Gross Profit": 67,
        "Operating Income": 29,
        "EBIT": 41,
        "Net Income": 29
    },
    "2019-03-31": {
        "Diluted EPS": 0.49,
        "Total Revenue": 471,
        "Gross Profit": 69,
        "Operating Income": 30,
        "EBIT": 42,
        "Net Income": 27
    },
    "2018-12-31": {
        "Diluted EPS": 0.48,
        "Total Revenue": 252,
        "Gross Profit": 19,
        "Operating Income": -9,
        "EBIT": 1,
        "Net Income": 26
    },
    "2018-09-30": {
        "Diluted EPS": 0.38,
        "Total Revenue": 514,
        "Gross Profit": 66,
        "Operating Income": 29,
        "EBIT": 41,
        "Net Income": 21
    },
    "2018-06-30": {
        "Diluted EPS": 0.41,
        "Total Revenue": 496,
        "Gross Profit": 66,
        "Operating Income": 32,
        "EBIT": 44,
        "Net Income": 22
    },
    "2018-03-31": {
        "Diluted EPS": 0.43,
        "Total Revenue": 492,
        "Gross Profit": 68,
        "Operating Income": 33,
        "EBIT": 45,
        "Net Income": 23
    },
    "2017-12-31": {
        "Diluted EPS": 0.22,
        "Total Revenue": 237,
        "Gross Profit": 14,
        "Operating Income": -12,
        "EBIT": -2,
        "Net Income": 11
    },
    "2017-09-30": {
        "Diluted EPS": 0.27,
        "Total Revenue": 472,
        "Gross Profit": 56,
        "Operating Income": 26,
        "EBIT": 37,
        "Net Income": 14
    },
    "2017-06-30": {
        "Diluted EPS": 0.23,
        "Total Revenue": 448,
        "Gross Profit": 49,
        "Operating Income": 22,
        "EBIT": 33,
        "Net Income": 12
    },
    "2017-03-31": {
        "Diluted EPS": 0.05,
        "Total Revenue": 442,
        "Gross Profit": 54,
        "Operating Income": 8,
        "EBIT": 18,
        "Net Income": 3
    },
    "2016-12-31": {
        "Diluted EPS": 0.35,
        "Total Revenue": 433,
        "Gross Profit": 44,
        "Operating Income": 36,
        "EBIT": 46,
        "Net Income": 18
    },
    "2016-09-30": {
        "Diluted EPS": 0.21,
        "Total Revenue": 428,
        "Gross Profit": 46,
        "Operating Income": 20,
        "EBIT": 31,
        "Net Income": 11
    },
    "2016-06-30": {
        "Diluted EPS": 0.22,
        "Total Revenue": 411,
        "Gross Profit": 49,
        "Operating Income": 20,
        "EBIT": 30,
        "Net Income": 11
    },
    "2016-03-31": {
        "Diluted EPS": 0.18,
        "Total Revenue": 383,
        "Gross Profit": 50,
        "Operating Income": 16,
        "EBIT": 25,
        "Net Income": 9
    },
    "2015-12-31": {
        "Diluted EPS": 0.25,
        "Total Revenue": 373,
        "Gross Profit": 50,
        "Operating Income": 24,
        "EBIT": 32,
        "Net Income": 14
    },
    "2015-09-30": {
        "Diluted EPS": 0.25,
        "Total Revenue": 351,
        "Gross Profit": 46,
        "Operating Income": 22,
        "EBIT": 29,
        "Net Income": 13
    },
    "2015-06-30": {
        "Diluted EPS": 0.25,
        "Total Revenue": 311,
        "Gross Profit": 44,
        "Operating Income": 22,
        "EBIT": 29,
        "Net Income": 13
    },
    "2015-03-31": {
        "Diluted EPS": 0.31,
        "Total Revenue": 307,
        "Gross Profit": 46,
        "Operating Income": 25,
        "EBIT": 32,
        "Net Income": 15
    },
    "2014-12-31": {
        "Diluted EPS": 0.25,
        "Total Revenue": 277,
        "Gross Profit": 37,
        "Operating Income": 20,
        "EBIT": 25,
        "Net Income": 12
    },
    "2014-09-30": {
        "Diluted EPS": 0.19,
        "Total Revenue": 261,
        "Gross Profit": 33,
        "Operating Income": 15,
        "EBIT": 20,
        "Net Income": 9
    },
    "2014-06-30": {
        "Diluted EPS": 0.05,
        "Total Revenue": 250,
        "Gross Profit": 40,
        "Operating Income": 14,
        "EBIT": 22,
        "Net Income": 2
    },
    "2014-03-31": {
        "Diluted EPS": 0.3,
        "Total Revenue": 240,
        "Gross Profit": 46,
        "Operating Income": 24,
        "EBIT": 33,
        "Net Income": 14
    },
    "2013-12-31": {
        "Diluted EPS": 0.31,
        "Total Revenue": 237,
        "Gross Profit": 46,
        "Operating Income": 25,
        "EBIT": 35,
        "Net Income": 13
    },
    "2013-09-30": {
        "Diluted EPS": 0.24,
        "Total Revenue": 229,
        "Gross Profit": 40,
        "Operating Income": 20,
        "EBIT": 29,
        "Net Income": 10
    },
    "2013-06-30": {
        "Diluted EPS": 0.28,
        "Total Revenue": 220,
        "Gross Profit": 41,
        "Operating Income": 23,
        "EBIT": 32,
        "Net Income": 12
    },
    "2013-03-31": {
        "Diluted EPS": -0.28,
        "Total Revenue": 218,
        "Gross Profit": 39,
        "Operating Income": -11,
        "EBIT": -3,
        "Net Income": -12
    },
    "2012-12-31": {
        "Diluted EPS": 0.05,
        "Total Revenue": 211,
        "Gross Profit": 38,
        "Operating Income": 8,
        "EBIT": 18,
        "Net Income": 2
    },
    "2012-09-30": {
        "Diluted EPS": 0.3,
        "Total Revenue": 207,
        "Gross Profit": 39,
        "Operating Income": 24,
        "EBIT": 31,
        "Net Income": 13
    },
    "2012-06-30": {
        "Diluted EPS": 0.29,
        "Total Revenue": 204,
        "Gross Profit": 38,
        "Operating Income": 23,
        "EBIT": 31,
        "Net Income": 12
    },
    "2012-03-31": {
        "Diluted EPS": 0.3,
        "Total Revenue": 202,
        "Gross Profit": 38,
        "Operating Income": 23,
        "EBIT": 31,
        "Net Income": 13
    },
    "2011-12-31": {
        "Diluted EPS": 0.24,
        "Total Revenue": 193,
        "Gross Profit": 33,
        "Operating Income": 19,
        "EBIT": 26,
        "Net Income": 10
    },
    "2011-09-30": {
        "Diluted EPS": 0.27,
        "Total Revenue": 196,
        "Gross Profit": 37,
        "Operating Income": 24,
        "EBIT": 30,
        "Net Income": 12
    },
    "2011-06-30": {
        "Diluted EPS": 0.3,
        "Total Revenue": 186,
        "Gross Profit": 37,
        "Operating Income": 24,
        "EBIT": 30,
        "Net Income": 13
    },
    "2011-03-31": {
        "Diluted EPS": 0.3,
        "Total Revenue": 183,
        "Gross Profit": 36,
        "Operating Income": 24,
        "EBIT": 29,
        "Net Income": 13
    },
    "2010-12-31": {
        "Diluted EPS": 0.28,
        "Total Revenue": 173,
        "Gross Profit": 33,
        "Operating Income": 21,
        "EBIT": 26,
        "Net Income": 12
    },
    "2010-09-30": {
        "Diluted EPS": 0.24,
        "Total Revenue": 165,
        "Gross Profit": 30,
        "Operating Income": 19,
        "EBIT": 23,
        "Net Income": 10
    },
    "2010-06-30": {
        "Diluted EPS": 0.23,
        "Total Revenue": 158,
        "Gross Profit": 29,
        "Operating Income": 18,
        "EBIT": 22,
        "Net Income": 10
    },
    "2010-03-31": {
        "Diluted EPS": 0.22,
        "Total Revenue": 154,
        "Gross Profit": 27,
        "Operating Income": 18,
        "EBIT": 22,
        "Net Income": 9
    },
    "2009-12-31": {
        "Diluted EPS": 0.21,
        "Total Revenue": 147,
        "Gross Profit": 25,
        "Operating Income": 16,
        "EBIT": 20,
        "Net Income": 9
    },
    "2009-09-30": {
        "Diluted EPS": 0.19,
        "Total Revenue": 133,
        "Gross Profit": 22,
        "Operating Income": 14,
        "EBIT": 17,
        "Net Income": 8
    },
    "2009-06-30": {
        "Diluted EPS": 0.2,
        "Total Revenue": 132,
        "Gross Profit": 23,
        "Operating Income": 15,
        "EBIT": 18,
        "Net Income": 8
    },
    "2009-03-31": {
        "Diluted EPS": 0.19,
        "Total Revenue": 130,
        "Gross Profit": 22,
        "Operating Income": 14,
        "EBIT": 17,
        "Net Income": 8
    },
    "2023-09-30": {
        "Tax Effect Of Unusual Items": 0.0,
        "Tax Rate For Calcs": 0.22,
        "Normalized EBITDA": 102515000.0,
        "Net Income From Continuing Operation Net Minority Interest": 63863000.0,
        "Reconciled Depreciation": 18446000.0,
        "Reconciled Cost Of Revenue": 791426000.0,
        "EBITDA": 102515000.0,
        "EBIT": 84069000.0,
        "Net Interest Income": -2024000.0,
        "Interest Expense": 2024000.0,
        "Normalized Income": 63863000.0,
        "Net Income From Continuing And Discontinued Operation": 63863000.0,
        "Total Expenses": 860999000.0,
        "Rent Expense Supplemental": 50357000.0,
        "Total Operating Income As Reported": 79792000.0,
        "Diluted Average Shares": 57337000.0,
        "Basic Average Shares": 55829000.0,
        "Diluted EPS": 1.11,
        "Basic EPS": 1.14,
        "Diluted NI Availto Com Stockholders": 63863000.0,
        "Net Income Common Stockholders": 63863000.0,
        "Net Income": 63863000.0,
        "Minority Interests": -105000.0,
        "Net Income Including Noncontrolling Interests": 63968000.0,
        "Net Income Continuous Operations": 63968000.0,
        "Tax Provision": 18077000.0,
        "Pretax Income": 82045000.0,
        "Other Income Expense": 4277000.0,
        "Other Non Operating Income Expenses": 4277000.0,
        "Net Non Operating Interest Income Expense": -2024000.0,
        "Interest Expense Non Operating": 2024000.0,
        "Operating Income": 79792000.0,
        "Operating Expense": 69573000.0,
        "Depreciation Amortization Depletion Income Statement": 18446000.0,
        "Depreciation And Amortization In Income Statement": 18446000.0,
        "Selling General And Administration": 51127000.0,
        "General And Administrative Expense": 51127000.0,
        "Other Gand A": 51127000.0,
        "Gross Profit": 149365000.0,
        "Cost Of Revenue": 791426000.0,
        "Total Revenue": 940791000.0,
        "Operating Revenue": 940791000.0
    },
    "2023-12-31": {
        "Tax Effect Of Unusual Items": 0.0,
        "Tax Rate For Calcs": 0.302378,
        "Normalized EBITDA": 52519000.0,
        "Net Income From Continuing Operation Net Minority Interest": 21691000.0,
        "Reconciled Depreciation": 19233000.0,
        "Reconciled Cost Of Revenue": 831762000.0,
        "EBITDA": 52519000.0,
        "EBIT": 33286000.0,
        "Net Interest Income": -2004000.0,
        "Interest Expense": 2004000.0,
        "Normalized Income": 21691000.0,
        "Net Income From Continuing And Discontinued Operation": 21691000.0,
        "Total Expenses": 957552000.0,
        "Rent Expense Supplemental": 50604000.0,
        "Total Operating Income As Reported": 22826000.0,
        "Diluted Average Shares": NaN,
        "Basic Average Shares": NaN,
        "Diluted EPS": NaN,
        "Basic EPS": NaN,
        "Diluted NI Availto Com Stockholders": 21691000.0,
        "Net Income Common Stockholders": 21691000.0,
        "Net Income": 21691000.0,
        "Minority Interests": -132000.0,
        "Net Income Including Noncontrolling Interests": 21823000.0,
        "Net Income Continuous Operations": 21823000.0,
        "Tax Provision": 9459000.0,
        "Pretax Income": 31282000.0,
        "Other Income Expense": 10460000.0,
        "Other Non Operating Income Expenses": 10460000.0,
        "Net Non Operating Interest Income Expense": -2004000.0,
        "Interest Expense Non Operating": 2004000.0,
        "Operating Income": 22826000.0,
        "Operating Expense": 125790000.0,
        "Depreciation Amortization Depletion Income Statement": 19233000.0,
        "Depreciation And Amortization In Income Statement": 19233000.0,
        "Selling General And Administration": 106557000.0,
        "General And Administrative Expense": 106557000.0,
        "Other Gand A": 106557000.0,
        "Gross Profit": 148616000.0,
        "Cost Of Revenue": 831762000.0,
        "Total Revenue": 980378000.0,
        "Operating Revenue": 980378000.0
    },
    "2024-03-31": {
        "Tax Effect Of Unusual Items": 0.0,
        "Tax Rate For Calcs": 0.23,
        "Normalized EBITDA": 111219000.0,
        "Net Income From Continuing Operation Net Minority Interest": 68835000.0,
        "Reconciled Depreciation": 19657000.0,
        "Reconciled Cost Of Revenue": 851139000.0,
        "EBITDA": 111219000.0,
        "EBIT": 91562000.0,
        "Net Interest Income": -1964000.0,
        "Interest Expense": 1964000.0,
        "Normalized Income": 68835000.0,
        "Net Income From Continuing And Discontinued Operation": 68835000.0,
        "Total Expenses": 927954000.0,
        "Rent Expense Supplemental": 51876000.0,
        "Total Operating Income As Reported": 82218000.0,
        "Diluted Average Shares": 57921000.0,
        "Basic Average Shares": 56337000.0,
        "Diluted EPS": 1.19,
        "Basic EPS": 1.22,
        "Diluted NI Availto Com Stockholders": 68835000.0,
        "Net Income Common Stockholders": 68835000.0,
        "Net Income": 68835000.0,
        "Minority Interests": -125000.0,
        "Net Income Including Noncontrolling Interests": 68960000.0,
        "Net Income Continuous Operations": 68960000.0,
        "Tax Provision": 20638000.0,
        "Pretax Income": 89598000.0,
        "Other Income Expense": 9344000.0,
        "Other Non Operating Income Expenses": 9344000.0,
        "Net Non Operating Interest Income Expense": -1964000.0,
        "Interest Expense Non Operating": 1964000.0,
        "Operating Income": 82218000.0,
        "Operating Expense": 76815000.0,
        "Depreciation Amortization Depletion Income Statement": 19657000.0,
        "Depreciation And Amortization In Income Statement": 19657000.0,
        "Selling General And Administration": 57158000.0,
        "General And Administrative Expense": 57158000.0,
        "Other Gand A": 57158000.0,
        "Gross Profit": 159033000.0,
        "Cost Of Revenue": 851139000.0,
        "Total Revenue": 1010172000.0,
        "Operating Revenue": 1010172000.0
    }
}