{
    "2023-03-31": {
        "Tax Effect Of Unusual Items": 0.0,
        "Tax Rate For Calcs": 0.4,
        "Normalized EBITDA": -39451000.0,
        "Net Income From Continuing Operation Net Minority Interest": -37658000.0,
        "Reconciled Depreciation": 540000.0,
        "EBIT": -39451000.0,
        "Net Interest Income": 1837000.0,
        "Interest Income": 1837000.0,
        "Normalized Income": -37658000.0,
        "Net Income From Continuing And Discontinued Operation": -37658000.0,
        "Total Expenses": 57246000.0,
        "Total Operating Income As Reported": -39451000.0,
        "Diluted Average Shares": 21035000.0,
        "Basic Average Shares": 21035000.0,
        "Diluted EPS": -1.79,
        "Basic EPS": -1.79,
        "Diluted NI Availto Com Stockholders": -37658000.0,
        "Net Income Common Stockholders": -37658000.0,
        "Net Income": -37658000.0,
        "Net Income Including Noncontrolling Interests": -37658000.0,
        "Net Income Continuous Operations": -37658000.0,
        "Tax Provision": 44000.0,
        "Pretax Income": -37614000.0,
        "Other Income Expense": 1837000.0,
        "Other Non Operating Income Expenses": 1837000.0,
        "Net Non Operating Interest Income Expense": 1837000.0,
        "Interest Income Non Operating": 1837000.0,
        "Operating Income": -39451000.0,
        "Operating Expense": 57246000.0,
        "Research And Development": 43468000.0,
        "Selling General And Administration": 13778000.0,
        "General And Administrative Expense": 13778000.0,
        "Other Gand A": 13778000.0,
        "Total Revenue": 17795000.0,
        "Operating Revenue": 17795000.0,
        "Gross Profit": 18
    },
    "2022-12-31": {
        "Tax Effect Of Unusual Items": 0.0,
        "Tax Rate For Calcs": 0.001172,
        "Normalized EBITDA": -30013000.0,
        "Net Income From Continuing Operation Net Minority Interest": -28986000.0,
        "Reconciled Depreciation": 511000.0,
        "EBIT": -30013000.0,
        "Net Interest Income": NaN,
        "Interest Income": NaN,
        "Normalized Income": -28986000.0,
        "Net Income From Continuing And Discontinued Operation": -28986000.0,
        "Total Expenses": 53598000.0,
        "Total Operating Income As Reported": -30013000.0,
        "Diluted Average Shares": 20816000.0,
        "Basic Average Shares": 20816000.0,
        "Diluted EPS": -1.392487,
        "Basic EPS": -1.39,
        "Diluted NI Availto Com Stockholders": -28986000.0,
        "Net Income Common Stockholders": -28986000.0,
        "Net Income": -28986000.0,
        "Net Income Including Noncontrolling Interests": -28986000.0,
        "Net Income Continuous Operations": -28986000.0,
        "Tax Provision": -34000.0,
        "Pretax Income": -29020000.0,
        "Other Income Expense": 993000.0,
        "Other Non Operating Income Expenses": 993000.0,
        "Net Non Operating Interest Income Expense": NaN,
        "Interest Income Non Operating": NaN,
        "Operating Income": -30013000.0,
        "Operating Expense": 53598000.0,
        "Research And Development": 40902000.0,
        "Selling General And Administration": 12696000.0,
        "General And Administrative Expense": 12696000.0,
        "Other Gand A": 12696000.0,
        "Total Revenue": 23585000.0,
        "Operating Revenue": 23585000.0,
        "Gross Profit": 24
    },
    "2022-09-30": {
        "Tax Effect Of Unusual Items": 0.0,
        "Tax Rate For Calcs": 0.4,
        "Normalized EBITDA": -26393000.0,
        "Net Income From Continuing Operation Net Minority Interest": -26348000.0,
        "Reconciled Depreciation": 655000.0,
        "EBIT": -27048000.0,
        "Net Interest Income": NaN,
        "Interest Income": NaN,
        "Normalized Income": -26348000.0,
        "Net Income From Continuing And Discontinued Operation": -26348000.0,
        "Total Expenses": 47365000.0,
        "Total Operating Income As Reported": -27048000.0,
        "Diluted Average Shares": NaN,
        "Basic Average Shares": NaN,
        "Diluted EPS": NaN,
        "Basic EPS": NaN,
        "Diluted NI Availto Com Stockholders": -26348000.0,
        "Net Income Common Stockholders": -26348000.0,
        "Net Income": -26348000.0,
        "Net Income Including Noncontrolling Interests": -26348000.0,
        "Net Income Continuous Operations": -26348000.0,
        "Tax Provision": 14000.0,
        "Pretax Income": -26334000.0,
        "Other Income Expense": -859000.0,
        "Other Non Operating Income Expenses": NaN,
        "Net Non Operating Interest Income Expense": NaN,
        "Interest Income Non Operating": NaN,
        "Operating Income": -27048000.0,
        "Operating Expense": 47365000.0,
        "Research And Development": 34796000.0,
        "Selling General And Administration": 12569000.0,
        "General And Administrative Expense": 12569000.0,
        "Other Gand A": 12569000.0,
        "Total Revenue": 20317000.0,
        "Operating Revenue": 20317000.0,
        "Gross Profit": 20
    },
    "2022-06-30": {
        "Tax Effect Of Unusual Items": 0.0,
        "Tax Rate For Calcs": 0.013905,
        "Normalized EBITDA": -31824000.0,
        "Net Income From Continuing Operation Net Minority Interest": -31700000.0,
        "Reconciled Depreciation": 716000.0,
        "EBIT": -32540000.0,
        "Net Interest Income": NaN,
        "Interest Income": NaN,
        "Normalized Income": -31700000.0,
        "Net Income From Continuing And Discontinued Operation": -31700000.0,
        "Total Expenses": 52019000.0,
        "Total Operating Income As Reported": -32540000.0,
        "Diluted Average Shares": 20710000.0,
        "Basic Average Shares": 20710000.0,
        "Diluted EPS": -1.53,
        "Basic EPS": -1.53,
        "Diluted NI Availto Com Stockholders": -31700000.0,
        "Net Income Common Stockholders": -31700000.0,
        "Net Income": -31700000.0,
        "Net Income Including Noncontrolling Interests": -31700000.0,
        "Net Income Continuous Operations": -31700000.0,
        "Tax Provision": -447000.0,
        "Pretax Income": -32147000.0,
        "Other Income Expense": 393000.0,
        "Other Non Operating Income Expenses": 393000.0,
        "Net Non Operating Interest Income Expense": NaN,
        "Interest Income Non Operating": NaN,
        "Operating Income": -32540000.0,
        "Operating Expense": 52019000.0,
        "Research And Development": 39090000.0,
        "Selling General And Administration": 12929000.0,
        "General And Administrative Expense": 12929000.0,
        "Other Gand A": 12929000.0,
        "Total Revenue": 19479000.0,
        "Operating Revenue": 19479000.0,
        "Gross Profit": 19
    },
    "2022-03-31": {
        "Diluted EPS": -1.63,
        "Total Revenue": 19,
        "Gross Profit": 19,
        "Operating Income": -34,
        "EBIT": -33,
        "Net Income": -34
    },
    "2021-12-31": {
        "Diluted EPS": -1.48,
        "Total Revenue": 28,
        "Gross Profit": 28,
        "Operating Income": -30,
        "EBIT": -29,
        "Net Income": -30
    },
    "2021-09-30": {
        "Diluted EPS": -1.23,
        "Total Revenue": 24,
        "Gross Profit": 24,
        "Operating Income": -34,
        "EBIT": -32,
        "Net Income": -25
    },
    "2021-06-30": {
        "Diluted EPS": -1.19,
        "Total Revenue": 22,
        "Gross Profit": 22,
        "Operating Income": -34,
        "EBIT": -32,
        "Net Income": -24
    },
    "2021-03-31": {
        "Diluted EPS": -1.09,
        "Total Revenue": 20,
        "Gross Profit": 20,
        "Operating Income": -30,
        "EBIT": -28,
        "Net Income": -22
    },
    "2020-12-31": {
        "Diluted EPS": -0.41,
        "Total Revenue": 32,
        "Gross Profit": 32,
        "Operating Income": -12,
        "EBIT": -11,
        "Net Income": -8
    },
    "2020-09-30": {
        "Diluted EPS": -1.45,
        "Total Revenue": 24,
        "Gross Profit": 24,
        "Operating Income": -20,
        "EBIT": -18,
        "Net Income": -29
    },
    "2020-06-30": {
        "Diluted EPS": -0.71,
        "Total Revenue": 19,
        "Gross Profit": 19,
        "Operating Income": -23,
        "EBIT": -22,
        "Net Income": -14
    },
    "2020-03-31": {
        "Diluted EPS": -0.3,
        "Total Revenue": 28,
        "Gross Profit": 28,
        "Operating Income": -12,
        "EBIT": -11,
        "Net Income": -6
    },
    "2019-12-31": {
        "Diluted EPS": 0.65,
        "Total Revenue": 53,
        "Gross Profit": 53,
        "Operating Income": 13,
        "EBIT": 13,
        "Net Income": 13
    },
    "2019-09-30": {
        "Diluted EPS": 0.43,
        "Total Revenue": 51,
        "Gross Profit": 51,
        "Operating Income": 6,
        "EBIT": 6,
        "Net Income": 9
    },
    "2019-06-30": {
        "Diluted EPS": 0.33,
        "Total Revenue": 44,
        "Gross Profit": 44,
        "Operating Income": 4,
        "EBIT": 3,
        "Net Income": 7
    },
    "2019-03-31": {
        "Diluted EPS": 0.2,
        "Total Revenue": 40,
        "Gross Profit": 40,
        "Operating Income": -1,
        "EBIT": -2,
        "Net Income": 4
    },
    "2018-12-31": {
        "Diluted EPS": 1.25,
        "Total Revenue": 70,
        "Gross Profit": 70,
        "Operating Income": 28,
        "EBIT": 28,
        "Net Income": 26
    },
    "2018-09-30": {
        "Diluted EPS": 1.31,
        "Total Revenue": 67,
        "Gross Profit": 67,
        "Operating Income": 34,
        "EBIT": 35,
        "Net Income": 27
    },
    "2018-06-30": {
        "Diluted EPS": 0.97,
        "Total Revenue": 57,
        "Gross Profit": 57,
        "Operating Income": 23,
        "EBIT": 23,
        "Net Income": 20
    },
    "2018-03-31": {
        "Diluted EPS": 0.61,
        "Total Revenue": 44,
        "Gross Profit": 44,
        "Operating Income": 17,
        "EBIT": 17,
        "Net Income": 13
    },
    "2017-12-31": {
        "Diluted EPS": 0.59,
        "Total Revenue": 38,
        "Gross Profit": 38,
        "Operating Income": 14,
        "EBIT": 15,
        "Net Income": 12
    },
    "2017-09-30": {
        "Diluted EPS": 1.89,
        "Total Revenue": 76,
        "Gross Profit": 76,
        "Operating Income": 54,
        "EBIT": 55,
        "Net Income": 37
    },
    "2017-06-30": {
        "Diluted EPS": -0.44,
        "Total Revenue": 8,
        "Gross Profit": 8,
        "Operating Income": -13,
        "EBIT": -12,
        "Net Income": -8
    },
    "2017-03-31": {
        "Diluted EPS": -0.28,
        "Total Revenue": 9,
        "Gross Profit": 9,
        "Operating Income": -10,
        "EBIT": -9,
        "Net Income": -5
    },
    "2016-12-31": {
        "Diluted EPS": -0.26,
        "Total Revenue": 10,
        "Gross Profit": 10,
        "Operating Income": -7,
        "EBIT": -6,
        "Net Income": -5
    },
    "2016-09-30": {
        "Diluted EPS": -0.08,
        "Total Revenue": 13,
        "Gross Profit": 13,
        "Operating Income": -3,
        "EBIT": -2,
        "Net Income": -2
    },
    "2016-06-30": {
        "Diluted EPS": -0.06,
        "Total Revenue": 14,
        "Gross Profit": 14,
        "Operating Income": -1,
        "EBIT": 0,
        "Net Income": -1
    },
    "2016-03-31": {
        "Diluted EPS": -0.09,
        "Total Revenue": 13,
        "Gross Profit": 13,
        "Operating Income": -1,
        "EBIT": 0,
        "Net Income": -2
    },
    "2015-12-31": {
        "Diluted EPS": 1.36,
        "Total Revenue": 48,
        "Gross Profit": 48,
        "Operating Income": 36,
        "EBIT": 36,
        "Net Income": 26
    },
    "2015-09-30": {
        "Diluted EPS": 0.29,
        "Total Revenue": 14,
        "Gross Profit": 14,
        "Operating Income": 4,
        "EBIT": 4,
        "Net Income": 6
    },
    "2015-06-30": {
        "Diluted EPS": 0.13,
        "Total Revenue": 12,
        "Gross Profit": 12,
        "Operating Income": 2,
        "EBIT": 2,
        "Net Income": 2
    },
    "2015-03-31": {
        "Diluted EPS": 1.49,
        "Total Revenue": 57,
        "Gross Profit": 57,
        "Operating Income": 49,
        "EBIT": 49,
        "Net Income": 29
    },
    "2014-12-31": {
        "Diluted EPS": 2.18,
        "Total Revenue": 77,
        "Gross Profit": 77,
        "Operating Income": 70,
        "EBIT": 71,
        "Net Income": 42
    },
    "2014-09-30": {
        "Diluted EPS": -0.27,
        "Total Revenue": 3,
        "Gross Profit": 3,
        "Operating Income": -5,
        "EBIT": -5,
        "Net Income": -5
    },
    "2014-06-30": {
        "Diluted EPS": 2.61,
        "Total Revenue": 42,
        "Gross Profit": 42,
        "Operating Income": 35,
        "EBIT": 35,
        "Net Income": 50
    },
    "2014-03-31": {
        "Diluted EPS": -0.28,
        "Total Revenue": 2,
        "Gross Profit": 2,
        "Operating Income": -5,
        "EBIT": -4,
        "Net Income": -5
    },
    "2013-12-31": {
        "Diluted EPS": -0.3,
        "Total Revenue": 1,
        "Gross Profit": 1,
        "Operating Income": -5,
        "EBIT": -5,
        "Net Income": -5
    },
    "2013-09-30": {
        "Diluted EPS": -0.25,
        "Total Revenue": 1,
        "Gross Profit": 1,
        "Operating Income": -5,
        "EBIT": -4,
        "Net Income": -4
    },
    "2013-06-30": {
        "Diluted EPS": -0.23,
        "Total Revenue": 2,
        "Gross Profit": 2,
        "Operating Income": -4,
        "EBIT": -4,
        "Net Income": -4
    },
    "2013-03-31": {
        "Diluted EPS": -2.28,
        "Total Revenue": 1,
        "Gross Profit": 1,
        "Operating Income": -4,
        "EBIT": -4,
        "Net Income": -5
    },
    "2012-12-31": {
        "Diluted EPS": 1.45,
        "Total Revenue": 28,
        "Gross Profit": 28,
        "Operating Income": 22,
        "EBIT": 22,
        "Net Income": 2
    },
    "2012-09-30": {
        "Diluted EPS": -4.78,
        "Total Revenue": 2,
        "Gross Profit": 2,
        "Operating Income": 2,
        "EBIT": 2,
        "Net Income": -5
    },
    "2012-06-30": {
        "Diluted EPS": -4.31,
        "Total Revenue": 3,
        "Gross Profit": 3,
        "Operating Income": -4,
        "EBIT": -3,
        "Net Income": -5
    },
    "2012-03-31": {
        "Diluted EPS": 2.17,
        "Total Revenue": 37,
        "Gross Profit": 37,
        "Operating Income": 32,
        "EBIT": 32,
        "Net Income": 3
    },
    "2011-09-30": {
        "Diluted EPS": 0.0,
        "Total Revenue": NaN,
        "Gross Profit": NaN,
        "Operating Income": NaN,
        "EBIT": NaN,
        "Net Income": NaN
    },
    "2010-09-30": {
        "Diluted EPS": 0.0,
        "Total Revenue": NaN,
        "Gross Profit": NaN,
        "Operating Income": NaN,
        "EBIT": NaN,
        "Net Income": NaN
    }
}