{
    "2023-03-31": {
        "Tax Effect Of Unusual Items": NaN,
        "Tax Rate For Calcs": NaN,
        "Normalized EBITDA": NaN,
        "Total Unusual Items": NaN,
        "Total Unusual Items Excluding Goodwill": NaN,
        "Net Income From Continuing Operation Net Minority Interest": NaN,
        "Reconciled Depreciation": NaN,
        "Reconciled Cost Of Revenue": NaN,
        "EBITDA": NaN,
        "EBIT": NaN,
        "Net Interest Income": NaN,
        "Interest Expense": NaN,
        "Interest Income": NaN,
        "Normalized Income": NaN,
        "Net Income From Continuing And Discontinued Operation": NaN,
        "Total Expenses": NaN,
        "Total Operating Income As Reported": NaN,
        "Diluted Average Shares": 149426000.0,
        "Basic Average Shares": 149426000.0,
        "Diluted EPS": -0.59,
        "Basic EPS": -0.59,
        "Diluted NI Availto Com Stockholders": NaN,
        "Net Income Common Stockholders": NaN,
        "Net Income": NaN,
        "Net Income Including Noncontrolling Interests": NaN,
        "Net Income Continuous Operations": NaN,
        "Earnings From Equity Interest Net Of Tax": NaN,
        "Tax Provision": NaN,
        "Pretax Income": NaN,
        "Other Income Expense": NaN,
        "Other Non Operating Income Expenses": NaN,
        "Special Income Charges": NaN,
        "Gain On Sale Of Business": NaN,
        "Other Special Charges": NaN,
        "Impairment Of Capital Assets": NaN,
        "Restructuring And Mergern Acquisition": NaN,
        "Gain On Sale Of Security": NaN,
        "Net Non Operating Interest Income Expense": NaN,
        "Interest Expense Non Operating": NaN,
        "Interest Income Non Operating": NaN,
        "Operating Income": NaN,
        "Operating Expense": NaN,
        "Depreciation Amortization Depletion Income Statement": NaN,
        "Depreciation And Amortization In Income Statement": NaN,
        "Amortization": NaN,
        "Amortization Of Intangibles Income Statement": NaN,
        "Depreciation Income Statement": NaN,
        "Research And Development": NaN,
        "Selling General And Administration": NaN,
        "General And Administrative Expense": 169867000.0,
        "Other Gand A": 169867000.0,
        "Salaries And Wages": NaN,
        "Gross Profit": NaN,
        "Cost Of Revenue": NaN,
        "Total Revenue": NaN,
        "Operating Revenue": NaN
    },
    "2022-12-31": {
        "Tax Effect Of Unusual Items": NaN,
        "Tax Rate For Calcs": NaN,
        "Normalized EBITDA": NaN,
        "Total Unusual Items": NaN,
        "Total Unusual Items Excluding Goodwill": NaN,
        "Net Income From Continuing Operation Net Minority Interest": NaN,
        "Reconciled Depreciation": NaN,
        "Reconciled Cost Of Revenue": NaN,
        "EBITDA": NaN,
        "EBIT": NaN,
        "Net Interest Income": NaN,
        "Interest Expense": NaN,
        "Interest Income": NaN,
        "Normalized Income": NaN,
        "Net Income From Continuing And Discontinued Operation": NaN,
        "Total Expenses": NaN,
        "Total Operating Income As Reported": NaN,
        "Diluted Average Shares": NaN,
        "Basic Average Shares": NaN,
        "Diluted EPS": NaN,
        "Basic EPS": NaN,
        "Diluted NI Availto Com Stockholders": NaN,
        "Net Income Common Stockholders": NaN,
        "Net Income": NaN,
        "Net Income Including Noncontrolling Interests": NaN,
        "Net Income Continuous Operations": NaN,
        "Earnings From Equity Interest Net Of Tax": NaN,
        "Tax Provision": NaN,
        "Pretax Income": NaN,
        "Other Income Expense": NaN,
        "Other Non Operating Income Expenses": NaN,
        "Special Income Charges": NaN,
        "Other Special Charges": NaN,
        "Impairment Of Capital Assets": NaN,
        "Restructuring And Mergern Acquisition": NaN,
        "Gain On Sale Of Security": NaN,
        "Net Non Operating Interest Income Expense": NaN,
        "Interest Expense Non Operating": NaN,
        "Interest Income Non Operating": NaN,
        "Operating Income": NaN,
        "Operating Expense": NaN,
        "Depreciation Amortization Depletion Income Statement": NaN,
        "Depreciation And Amortization In Income Statement": NaN,
        "Amortization": NaN,
        "Amortization Of Intangibles Income Statement": NaN,
        "Research And Development": NaN,
        "Selling General And Administration": NaN,
        "General And Administrative Expense": 139246000.0,
        "Other Gand A": 139246000.0,
        "Gross Profit": NaN,
        "Cost Of Revenue": NaN,
        "Total Revenue": NaN,
        "Operating Revenue": NaN
    },
    "2022-09-30": {
        "Tax Effect Of Unusual Items": NaN,
        "Tax Rate For Calcs": NaN,
        "Normalized EBITDA": NaN,
        "Total Unusual Items": NaN,
        "Total Unusual Items Excluding Goodwill": NaN,
        "Net Income From Continuing Operation Net Minority Interest": NaN,
        "Reconciled Depreciation": NaN,
        "Reconciled Cost Of Revenue": NaN,
        "EBITDA": NaN,
        "EBIT": NaN,
        "Net Interest Income": NaN,
        "Interest Expense": NaN,
        "Interest Income": NaN,
        "Normalized Income": NaN,
        "Net Income From Continuing And Discontinued Operation": NaN,
        "Total Expenses": NaN,
        "Total Operating Income As Reported": NaN,
        "Diluted Average Shares": NaN,
        "Basic Average Shares": NaN,
        "Diluted EPS": NaN,
        "Basic EPS": NaN,
        "Diluted NI Availto Com Stockholders": NaN,
        "Net Income Common Stockholders": NaN,
        "Net Income": NaN,
        "Net Income Including Noncontrolling Interests": NaN,
        "Net Income Continuous Operations": NaN,
        "Earnings From Equity Interest Net Of Tax": NaN,
        "Tax Provision": NaN,
        "Pretax Income": NaN,
        "Other Income Expense": NaN,
        "Other Non Operating Income Expenses": NaN,
        "Special Income Charges": NaN,
        "Other Special Charges": NaN,
        "Impairment Of Capital Assets": NaN,
        "Restructuring And Mergern Acquisition": 0.0,
        "Gain On Sale Of Security": NaN,
        "Net Non Operating Interest Income Expense": NaN,
        "Interest Expense Non Operating": NaN,
        "Interest Income Non Operating": NaN,
        "Operating Income": NaN,
        "Operating Expense": NaN,
        "Depreciation Amortization Depletion Income Statement": NaN,
        "Depreciation And Amortization In Income Statement": NaN,
        "Amortization": NaN,
        "Amortization Of Intangibles Income Statement": NaN,
        "Research And Development": NaN,
        "Selling General And Administration": NaN,
        "General And Administrative Expense": NaN,
        "Other Gand A": NaN,
        "Gross Profit": NaN,
        "Cost Of Revenue": NaN,
        "Total Revenue": NaN,
        "Operating Revenue": NaN
    },
    "2022-06-30": {
        "Tax Effect Of Unusual Items": 0.0,
        "Tax Rate For Calcs": 0.149708,
        "Normalized EBITDA": 185226000.0,
        "Total Unusual Items": -10046000.0,
        "Total Unusual Items Excluding Goodwill": -10046000.0,
        "Net Income From Continuing Operation Net Minority Interest": 99491000.0,
        "Reconciled Depreciation": 36875000.0,
        "Reconciled Cost Of Revenue": 357711000.0,
        "EBITDA": 185226000.0,
        "EBIT": 148351000.0,
        "Net Interest Income": -31343000.0,
        "Interest Expense": 31343000.0,
        "Interest Income": 658000.0,
        "Normalized Income": 99491000.0,
        "Net Income From Continuing And Discontinued Operation": 99491000.0,
        "Total Expenses": 534519000.0,
        "Total Operating Income As Reported": 157970000.0,
        "Diluted Average Shares": 136454000.0,
        "Basic Average Shares": 135895000.0,
        "Diluted EPS": 0.73,
        "Basic EPS": 0.73,
        "Diluted NI Availto Com Stockholders": 99491000.0,
        "Net Income Common Stockholders": 99491000.0,
        "Net Income": 99491000.0,
        "Net Income Including Noncontrolling Interests": 99491000.0,
        "Net Income Continuous Operations": 99491000.0,
        "Earnings From Equity Interest Net Of Tax": NaN,
        "Tax Provision": 17517000.0,
        "Pretax Income": 117008000.0,
        "Other Income Expense": -9619000.0,
        "Other Non Operating Income Expenses": -9619000.0,
        "Special Income Charges": 0.0,
        "Other Special Charges": NaN,
        "Impairment Of Capital Assets": NaN,
        "Restructuring And Mergern Acquisition": NaN,
        "Gain On Sale Of Security": -10046000.0,
        "Net Non Operating Interest Income Expense": -31343000.0,
        "Interest Expense Non Operating": 31343000.0,
        "Interest Income Non Operating": 658000.0,
        "Operating Income": 157970000.0,
        "Operating Expense": 152427000.0,
        "Depreciation Amortization Depletion Income Statement": 12494000.0,
        "Depreciation And Amortization In Income Statement": 12494000.0,
        "Amortization": 12494000.0,
        "Amortization Of Intangibles Income Statement": 12494000.0,
        "Research And Development": 49248000.0,
        "Selling General And Administration": 90685000.0,
        "Gross Profit": 310397000.0,
        "Cost Of Revenue": 382092000.0,
        "Total Revenue": 692489000.0,
        "Operating Revenue": 692489000.0
    },
    "2023-06-30": {
        "Tax Effect Of Unusual Items": NaN,
        "Tax Rate For Calcs": NaN,
        "Normalized EBITDA": NaN,
        "Total Unusual Items": NaN,
        "Total Unusual Items Excluding Goodwill": NaN,
        "Net Income From Continuing Operation Net Minority Interest": NaN,
        "Reconciled Depreciation": NaN,
        "Reconciled Cost Of Revenue": NaN,
        "EBITDA": NaN,
        "EBIT": NaN,
        "Net Interest Income": NaN,
        "Interest Expense": NaN,
        "Interest Income": NaN,
        "Normalized Income": NaN,
        "Net Income From Continuing And Discontinued Operation": NaN,
        "Total Expenses": NaN,
        "Total Operating Income As Reported": NaN,
        "Diluted Average Shares": NaN,
        "Basic Average Shares": NaN,
        "Diluted EPS": NaN,
        "Basic EPS": NaN,
        "Diluted NI Availto Com Stockholders": NaN,
        "Net Income Common Stockholders": NaN,
        "Net Income": NaN,
        "Net Income Including Noncontrolling Interests": NaN,
        "Net Income Continuous Operations": NaN,
        "Earnings From Equity Interest Net Of Tax": NaN,
        "Tax Provision": NaN,
        "Pretax Income": NaN,
        "Other Income Expense": NaN,
        "Other Non Operating Income Expenses": NaN,
        "Special Income Charges": NaN,
        "Gain On Sale Of Business": NaN,
        "Other Special Charges": 4481000.0,
        "Impairment Of Capital Assets": NaN,
        "Restructuring And Mergern Acquisition": -154754000.0,
        "Gain On Sale Of Security": NaN,
        "Net Non Operating Interest Income Expense": NaN,
        "Interest Expense Non Operating": NaN,
        "Interest Income Non Operating": NaN,
        "Operating Income": NaN,
        "Operating Expense": NaN,
        "Depreciation Amortization Depletion Income Statement": NaN,
        "Depreciation And Amortization In Income Statement": NaN,
        "Amortization": NaN,
        "Amortization Of Intangibles Income Statement": NaN,
        "Depreciation Income Statement": NaN,
        "Research And Development": NaN,
        "Selling General And Administration": NaN,
        "General And Administrative Expense": 145596000.0,
        "Other Gand A": 145596000.0,
        "Salaries And Wages": NaN,
        "Gross Profit": NaN,
        "Cost Of Revenue": NaN,
        "Total Revenue": NaN,
        "Operating Revenue": NaN
    },
    "2022-03-31": {
        "Diluted EPS": 0.92,
        "Total Revenue": 650,
        "Gross Profit": 310,
        "Operating Income": 163,
        "EBIT": 200,
        "Net Income": 126
    },
    "2021-12-31": {
        "Diluted EPS": 0.87,
        "Total Revenue": 635,
        "Gross Profit": 295,
        "Operating Income": 160,
        "EBIT": 195,
        "Net Income": 118
    },
    "2021-09-30": {
        "Diluted EPS": 0.86,
        "Total Revenue": 579,
        "Gross Profit": 264,
        "Operating Income": 139,
        "EBIT": 174,
        "Net Income": 117
    },
    "2021-06-30": {
        "Diluted EPS": 0.65,
        "Total Revenue": 571,
        "Gross Profit": 265,
        "Operating Income": 139,
        "EBIT": 173,
        "Net Income": 89
    },
    "2021-03-31": {
        "Diluted EPS": 0.62,
        "Total Revenue": 513,
        "Gross Profit": 235,
        "Operating Income": 114,
        "EBIT": 148,
        "Net Income": 85
    },
    "2020-12-31": {
        "Diluted EPS": 0.63,
        "Total Revenue": 518,
        "Gross Profit": 231,
        "Operating Income": 113,
        "EBIT": 147,
        "Net Income": 87
    },
    "2020-09-30": {
        "Diluted EPS": 0.58,
        "Total Revenue": 481,
        "Gross Profit": 226,
        "Operating Income": 107,
        "EBIT": 139,
        "Net Income": 79
    },
    "2020-06-30": {
        "Diluted EPS": 0.5,
        "Total Revenue": 448,
        "Gross Profit": 207,
        "Operating Income": 95,
        "EBIT": 129,
        "Net Income": 68
    },
    "2020-03-31": {
        "Diluted EPS": 0.45,
        "Total Revenue": 412,
        "Gross Profit": 185,
        "Operating Income": 81,
        "EBIT": 118,
        "Net Income": 61
    },
    "2019-12-31": {
        "Diluted EPS": 0.42,
        "Total Revenue": 427,
        "Gross Profit": 198,
        "Operating Income": 84,
        "EBIT": 120,
        "Net Income": 57
    },
    "2019-09-30": {
        "Diluted EPS": 0.3,
        "Total Revenue": 394,
        "Gross Profit": 170,
        "Operating Income": 53,
        "EBIT": 87,
        "Net Income": 41
    },
    "2019-06-30": {
        "Diluted EPS": 0.91,
        "Total Revenue": 379,
        "Gross Profit": 166,
        "Operating Income": 55,
        "EBIT": 90,
        "Net Income": 124
    },
    "2019-03-31": {
        "Diluted EPS": 0.24,
        "Total Revenue": 391,
        "Gross Profit": 177,
        "Operating Income": 47,
        "EBIT": 83,
        "Net Income": 33
    },
    "2018-12-31": {
        "Diluted EPS": 0.57,
        "Total Revenue": 402,
        "Gross Profit": 180,
        "Operating Income": 71,
        "EBIT": 107,
        "Net Income": 81
    },
    "2018-09-30": {
        "Diluted EPS": 0.34,
        "Total Revenue": 399,
        "Gross Profit": 182,
        "Operating Income": 68,
        "EBIT": 106,
        "Net Income": 48
    },
    "2018-06-30": {
        "Diluted EPS": 0.38,
        "Total Revenue": 383,
        "Gross Profit": 182,
        "Operating Income": 75,
        "EBIT": 103,
        "Net Income": 54
    },
    "2018-03-31": {
        "Diluted EPS": 0.4,
        "Total Revenue": 367,
        "Gross Profit": 176,
        "Operating Income": 78,
        "EBIT": 106,
        "Net Income": 58
    },
    "2017-12-31": {
        "Diluted EPS": -0.2,
        "Total Revenue": 351,
        "Gross Profit": 164,
        "Operating Income": 71,
        "EBIT": 100,
        "Net Income": -28
    },
    "2017-09-30": {
        "Diluted EPS": 0.28,
        "Total Revenue": 346,
        "Gross Profit": 155,
        "Operating Income": 61,
        "EBIT": 86,
        "Net Income": 41
    },
    "2017-06-30": {
        "Diluted EPS": 0.28,
        "Total Revenue": 329,
        "Gross Profit": 150,
        "Operating Income": 59,
        "EBIT": 85,
        "Net Income": 40
    },
    "2017-03-31": {
        "Diluted EPS": 0.23,
        "Total Revenue": 317,
        "Gross Profit": 140,
        "Operating Income": 51,
        "EBIT": 76,
        "Net Income": 33
    },
    "2016-12-31": {
        "Diluted EPS": 0.19,
        "Total Revenue": 309,
        "Gross Profit": 132,
        "Operating Income": 45,
        "EBIT": 74,
        "Net Income": 26
    },
    "2016-09-30": {
        "Diluted EPS": 0.15,
        "Total Revenue": 297,
        "Gross Profit": 123,
        "Operating Income": 35,
        "EBIT": 59,
        "Net Income": 22
    },
    "2016-06-30": {
        "Diluted EPS": 0.23,
        "Total Revenue": 303,
        "Gross Profit": 139,
        "Operating Income": 46,
        "EBIT": 71,
        "Net Income": 33
    },
    "2016-03-31": {
        "Diluted EPS": 0.11,
        "Total Revenue": 267,
        "Gross Profit": 115,
        "Operating Income": 30,
        "EBIT": 55,
        "Net Income": 16
    },
    "2015-12-31": {
        "Diluted EPS": 0.12,
        "Total Revenue": 267,
        "Gross Profit": 109,
        "Operating Income": 20,
        "EBIT": 49,
        "Net Income": 18
    },
    "2015-09-30": {
        "Diluted EPS": 0.17,
        "Total Revenue": 270,
        "Gross Profit": 116,
        "Operating Income": 31,
        "EBIT": 56,
        "Net Income": 23
    },
    "2015-06-30": {
        "Diluted EPS": 0.17,
        "Total Revenue": 281,
        "Gross Profit": 128,
        "Operating Income": 39,
        "EBIT": 65,
        "Net Income": 24
    },
    "2015-03-31": {
        "Diluted EPS": 0.11,
        "Total Revenue": 263,
        "Gross Profit": 117,
        "Operating Income": 28,
        "EBIT": 53,
        "Net Income": 15
    },
    "2014-12-31": {
        "Diluted EPS": 0.08,
        "Total Revenue": 272,
        "Gross Profit": 118,
        "Operating Income": 21,
        "EBIT": 53,
        "Net Income": 9
    },
    "2014-09-30": {
        "Diluted EPS": -0.01,
        "Total Revenue": 273,
        "Gross Profit": 99,
        "Operating Income": 5,
        "EBIT": 33,
        "Net Income": -1
    },
    "2014-06-30": {
        "Diluted EPS": -0.11,
        "Total Revenue": 252,
        "Gross Profit": 89,
        "Operating Income": -23,
        "EBIT": -3,
        "Net Income": -15
    },
    "2014-03-31": {
        "Diluted EPS": 0.1,
        "Total Revenue": 166,
        "Gross Profit": 71,
        "Operating Income": 19,
        "EBIT": 29,
        "Net Income": 14
    },
    "2013-12-31": {
        "Diluted EPS": 0.14,
        "Total Revenue": 186,
        "Gross Profit": 79,
        "Operating Income": 24,
        "EBIT": 34,
        "Net Income": 21
    },
    "2013-09-30": {
        "Diluted EPS": 0.13,
        "Total Revenue": 165,
        "Gross Profit": 70,
        "Operating Income": 24,
        "EBIT": 33,
        "Net Income": 18
    },
    "2013-06-30": {
        "Diluted EPS": 0.14,
        "Total Revenue": 178,
        "Gross Profit": 78,
        "Operating Income": 26,
        "EBIT": 36,
        "Net Income": 20
    },
    "2013-03-31": {
        "Diluted EPS": 0.12,
        "Total Revenue": 165,
        "Gross Profit": 67,
        "Operating Income": 20,
        "EBIT": 30,
        "Net Income": 16
    },
    "2012-12-31": {
        "Diluted EPS": 0.08,
        "Total Revenue": 168,
        "Gross Profit": 66,
        "Operating Income": 14,
        "EBIT": 23,
        "Net Income": 11
    },
    "2012-09-30": {
        "Diluted EPS": 0.13,
        "Total Revenue": 184,
        "Gross Profit": 82,
        "Operating Income": 27,
        "EBIT": 37,
        "Net Income": 18
    },
    "2012-06-30": {
        "Diluted EPS": 0.16,
        "Total Revenue": 188,
        "Gross Profit": 83,
        "Operating Income": 32,
        "EBIT": 41,
        "Net Income": 22
    },
    "2012-03-31": {
        "Diluted EPS": 0.13,
        "Total Revenue": 175,
        "Gross Profit": 76,
        "Operating Income": 27,
        "EBIT": 36,
        "Net Income": 18
    },
    "2011-12-31": {
        "Diluted EPS": 0.29,
        "Total Revenue": 164,
        "Gross Profit": 68,
        "Operating Income": 22,
        "EBIT": 31,
        "Net Income": 40
    },
    "2011-09-30": {
        "Diluted EPS": 0.16,
        "Total Revenue": 173,
        "Gross Profit": 75,
        "Operating Income": 27,
        "EBIT": 36,
        "Net Income": 22
    },
    "2011-06-30": {
        "Diluted EPS": 0.24,
        "Total Revenue": 209,
        "Gross Profit": 95,
        "Operating Income": 41,
        "EBIT": 50,
        "Net Income": 33
    },
    "2011-03-31": {
        "Diluted EPS": 0.22,
        "Total Revenue": 203,
        "Gross Profit": 88,
        "Operating Income": 37,
        "EBIT": 47,
        "Net Income": 29
    },
    "2010-12-31": {
        "Diluted EPS": 0.2,
        "Total Revenue": 182,
        "Gross Profit": 81,
        "Operating Income": 29,
        "EBIT": 40,
        "Net Income": 27
    },
    "2010-09-30": {
        "Diluted EPS": 0.17,
        "Total Revenue": 178,
        "Gross Profit": 80,
        "Operating Income": 29,
        "EBIT": 39,
        "Net Income": 22
    },
    "2010-06-30": {
        "Diluted EPS": 0.14,
        "Total Revenue": 168,
        "Gross Profit": 77,
        "Operating Income": 26,
        "EBIT": 37,
        "Net Income": 18
    },
    "2010-03-31": {
        "Diluted EPS": 0.12,
        "Total Revenue": 161,
        "Gross Profit": 73,
        "Operating Income": 22,
        "EBIT": 33,
        "Net Income": 17
    },
    "2009-12-31": {
        "Diluted EPS": 0.12,
        "Total Revenue": 146,
        "Gross Profit": 64,
        "Operating Income": 15,
        "EBIT": 27,
        "Net Income": 10
    },
    "2009-09-30": {
        "Diluted EPS": -0.07,
        "Total Revenue": 111,
        "Gross Profit": 45,
        "Operating Income": 0,
        "EBIT": 13,
        "Net Income": -8
    },
    "2009-06-30": {
        "Diluted EPS": -0.2,
        "Total Revenue": 83,
        "Gross Profit": 24,
        "Operating Income": -20,
        "EBIT": -7,
        "Net Income": -22
    },
    "2009-03-31": {
        "Diluted EPS": -0.34,
        "Total Revenue": 59,
        "Gross Profit": 5,
        "Operating Income": -43,
        "EBIT": -30,
        "Net Income": -38
    },
    "2023-09-30": {
        "Tax Effect Of Unusual Items": -5328330.0,
        "Tax Rate For Calcs": 0.21,
        "Normalized EBITDA": 225287000.0,
        "Total Unusual Items": -25373000.0,
        "Total Unusual Items Excluding Goodwill": -25373000.0,
        "Net Income From Continuing Operation Net Minority Interest": 33212000.0,
        "Reconciled Depreciation": 90870000.0,
        "Reconciled Cost Of Revenue": 481534000.0,
        "EBITDA": 199914000.0,
        "EBIT": 109044000.0,
        "Net Interest Income": -75594000.0,
        "Interest Expense": 77820000.0,
        "Interest Income": 2226000.0,
        "Normalized Income": 53256670.0,
        "Net Income From Continuing And Discontinued Operation": 33212000.0,
        "Total Expenses": 755265000.0,
        "Total Operating Income As Reported": 117061000.0,
        "Diluted Average Shares": 151229000.0,
        "Basic Average Shares": 150127000.0,
        "Diluted EPS": 0.22,
        "Basic EPS": 0.22,
        "Diluted NI Availto Com Stockholders": 33212000.0,
        "Net Income Common Stockholders": 33212000.0,
        "Net Income": 33212000.0,
        "Net Income Including Noncontrolling Interests": 33212000.0,
        "Net Income Continuous Operations": 33212000.0,
        "Earnings From Equity Interest Net Of Tax": -139000.0,
        "Tax Provision": -2127000.0,
        "Pretax Income": 31224000.0,
        "Other Income Expense": -26156000.0,
        "Other Non Operating Income Expenses": -783000.0,
        "Special Income Charges": -20445000.0,
        "Gain On Sale Of Business": 0.0,
        "Other Special Charges": 4532000.0,
        "Impairment Of Capital Assets": 15913000.0,
        "Restructuring And Mergern Acquisition": 0.0,
        "Gain On Sale Of Security": -4928000.0,
        "Net Non Operating Interest Income Expense": -75594000.0,
        "Interest Expense Non Operating": 77820000.0,
        "Interest Income Non Operating": 2226000.0,
        "Operating Income": 132974000.0,
        "Operating Expense": 234100000.0,
        "Depreciation Amortization Depletion Income Statement": 51239000.0,
        "Depreciation And Amortization In Income Statement": 51239000.0,
        "Amortization": 51239000.0,
        "Amortization Of Intangibles Income Statement": 51239000.0,
        "Depreciation Income Statement": NaN,
        "Research And Development": 66810000.0,
        "Selling General And Administration": 116051000.0,
        "General And Administrative Expense": 116051000.0,
        "Other Gand A": 116051000.0,
        "Salaries And Wages": NaN,
        "Gross Profit": 367074000.0,
        "Cost Of Revenue": 521165000.0,
        "Total Revenue": 888239000.0,
        "Operating Revenue": 888239000.0
    },
    "2023-12-31": {
        "Tax Effect Of Unusual Items": -29806770.0,
        "Tax Rate For Calcs": 0.21,
        "Normalized EBITDA": 329841000.0,
        "Total Unusual Items": -141937000.0,
        "Total Unusual Items Excluding Goodwill": -141937000.0,
        "Net Income From Continuing Operation Net Minority Interest": 37977000.0,
        "Reconciled Depreciation": 93542000.0,
        "Reconciled Cost Of Revenue": 425053000.0,
        "EBITDA": 187904000.0,
        "EBIT": 94362000.0,
        "Net Interest Income": -62101000.0,
        "Interest Expense": 67504000.0,
        "Interest Income": 5403000.0,
        "Normalized Income": 150107230.0,
        "Net Income From Continuing And Discontinued Operation": 37977000.0,
        "Total Expenses": 580844000.0,
        "Total Operating Income As Reported": 101017000.0,
        "Diluted Average Shares": 151331000.0,
        "Basic Average Shares": 150223000.0,
        "Diluted EPS": 0.25,
        "Basic EPS": 0.25,
        "Diluted NI Availto Com Stockholders": 37977000.0,
        "Net Income Common Stockholders": 37977000.0,
        "Net Income": 37977000.0,
        "Net Income Including Noncontrolling Interests": 37977000.0,
        "Net Income Continuous Operations": 37977000.0,
        "Earnings From Equity Interest Net Of Tax": -145000.0,
        "Tax Provision": -11264000.0,
        "Pretax Income": 26858000.0,
        "Other Income Expense": -142488000.0,
        "Other Non Operating Income Expenses": -551000.0,
        "Special Income Charges": -147433000.0,
        "Gain On Sale Of Business": NaN,
        "Other Special Charges": 17003000.0,
        "Impairment Of Capital Assets": 40896000.0,
        "Restructuring And Mergern Acquisition": 250466000.0,
        "Gain On Sale Of Security": 5496000.0,
        "Net Non Operating Interest Income Expense": -62101000.0,
        "Interest Expense Non Operating": 67504000.0,
        "Interest Income Non Operating": 5403000.0,
        "Operating Income": 231447000.0,
        "Operating Expense": 113233000.0,
        "Depreciation Amortization Depletion Income Statement": 50984000.0,
        "Depreciation And Amortization In Income Statement": 50984000.0,
        "Amortization": 50984000.0,
        "Amortization Of Intangibles Income Statement": 50984000.0,
        "Depreciation Income Statement": NaN,
        "Research And Development": 67567000.0,
        "Selling General And Administration": -5318000.0,
        "General And Administrative Expense": 90394000.0,
        "Other Gand A": 54723000.0,
        "Salaries And Wages": NaN,
        "Gross Profit": 344680000.0,
        "Cost Of Revenue": 467611000.0,
        "Total Revenue": 812291000.0,
        "Operating Revenue": 812291000.0
    },
    "2024-03-31": {
        "Tax Effect Of Unusual Items": -936703.0,
        "Tax Rate For Calcs": 0.071,
        "Normalized EBITDA": 214996000.0,
        "Total Unusual Items": -13193000.0,
        "Total Unusual Items Excluding Goodwill": -13193000.0,
        "Net Income From Continuing Operation Net Minority Interest": 45266000.0,
        "Reconciled Depreciation": 95502000.0,
        "Reconciled Cost Of Revenue": 373862000.0,
        "EBITDA": 201803000.0,
        "EBIT": 106301000.0,
        "Net Interest Income": -54379000.0,
        "Interest Expense": 57373000.0,
        "Interest Income": 2994000.0,
        "Normalized Income": 57522297.0,
        "Net Income From Continuing And Discontinued Operation": 45266000.0,
        "Total Expenses": 653433000.0,
        "Total Operating Income As Reported": 117592000.0,
        "Diluted Average Shares": 151718000.0,
        "Basic Average Shares": 150549000.0,
        "Diluted EPS": 0.3,
        "Basic EPS": 0.3,
        "Diluted NI Availto Com Stockholders": 45266000.0,
        "Net Income Common Stockholders": 45266000.0,
        "Net Income": 45266000.0,
        "Net Income Including Noncontrolling Interests": 45266000.0,
        "Net Income Continuous Operations": 45266000.0,
        "Earnings From Equity Interest Net Of Tax": -206000.0,
        "Tax Provision": 3456000.0,
        "Pretax Income": 48928000.0,
        "Other Income Expense": -14285000.0,
        "Other Non Operating Income Expenses": -1092000.0,
        "Special Income Charges": -11551000.0,
        "Gain On Sale Of Business": NaN,
        "Other Special Charges": 11551000.0,
        "Impairment Of Capital Assets": 0.0,
        "Restructuring And Mergern Acquisition": NaN,
        "Gain On Sale Of Security": -1642000.0,
        "Net Non Operating Interest Income Expense": -54379000.0,
        "Interest Expense Non Operating": 57373000.0,
        "Interest Income Non Operating": 2994000.0,
        "Operating Income": 117592000.0,
        "Operating Expense": 234228000.0,
        "Depreciation Amortization Depletion Income Statement": 50159000.0,
        "Depreciation And Amortization In Income Statement": 50159000.0,
        "Amortization": 50159000.0,
        "Amortization Of Intangibles Income Statement": 50159000.0,
        "Depreciation Income Statement": NaN,
        "Research And Development": 71876000.0,
        "Selling General And Administration": 112193000.0,
        "General And Administrative Expense": NaN,
        "Other Gand A": NaN,
        "Salaries And Wages": NaN,
        "Gross Profit": 351820000.0,
        "Cost Of Revenue": 419205000.0,
        "Total Revenue": 771025000.0,
        "Operating Revenue": 771025000.0
    },
    "2024-06-30": {
        "Tax Effect Of Unusual Items": 2628360.0,
        "Tax Rate For Calcs": 0.09,
        "Normalized EBITDA": 194005000.0,
        "Total Unusual Items": 29204000.0,
        "Total Unusual Items Excluding Goodwill": 29204000.0,
        "Net Income From Continuing Operation Net Minority Interest": 67696000.0,
        "Reconciled Depreciation": 94920000.0,
        "Reconciled Cost Of Revenue": 385961000.0,
        "EBITDA": 223209000.0,
        "EBIT": 128289000.0,
        "Net Interest Income": -52527000.0,
        "Interest Expense": 53687000.0,
        "Interest Income": 1160000.0,
        "Normalized Income": 41120360.0,
        "Net Income From Continuing And Discontinued Operation": 67696000.0,
        "Total Expenses": 715199000.0,
        "Total Operating Income As Reported": 130106000.0,
        "Diluted Average Shares": 151819000.0,
        "Basic Average Shares": 150801000.0,
        "Diluted EPS": 0.45,
        "Basic EPS": 0.45,
        "Diluted NI Availto Com Stockholders": 67696000.0,
        "Net Income Common Stockholders": 67696000.0,
        "Net Income": 67696000.0,
        "Net Income Including Noncontrolling Interests": 67696000.0,
        "Net Income Continuous Operations": 67696000.0,
        "Earnings From Equity Interest Net Of Tax": -217000.0,
        "Tax Provision": 6689000.0,
        "Pretax Income": 74602000.0,
        "Other Income Expense": 29676000.0,
        "Other Non Operating Income Expenses": 472000.0,
        "Special Income Charges": 31857000.0,
        "Gain On Sale Of Business": 14937000.0,
        "Other Special Charges": 796000.0,
        "Impairment Of Capital Assets": 0.0,
        "Restructuring And Mergern Acquisition": -17716000.0,
        "Gain On Sale Of Security": -2653000.0,
        "Net Non Operating Interest Income Expense": -52527000.0,
        "Interest Expense Non Operating": 53687000.0,
        "Interest Income Non Operating": 1160000.0,
        "Operating Income": 97453000.0,
        "Operating Expense": 278366000.0,
        "Depreciation Amortization Depletion Income Statement": 44048000.0,
        "Depreciation And Amortization In Income Statement": 44048000.0,
        "Amortization": 47513000.0,
        "Amortization Of Intangibles Income Statement": 47513000.0,
        "Depreciation Income Statement": -3465000.0,
        "Research And Development": 81885000.0,
        "Selling General And Administration": 152433000.0,
        "General And Administrative Expense": 152433000.0,
        "Other Gand A": 146205000.0,
        "Salaries And Wages": 6228000.0,
        "Gross Profit": 375819000.0,
        "Cost Of Revenue": 436833000.0,
        "Total Revenue": 812652000.0,
        "Operating Revenue": 812652000.0
    },
    "2024-09-30": {
        "Tax Effect Of Unusual Items": 1138575.0,
        "Tax Rate For Calcs": 0.095,
        "Normalized EBITDA": 219039000.0,
        "Total Unusual Items": 11985000.0,
        "Total Unusual Items Excluding Goodwill": 11985000.0,
        "Net Income From Continuing Operation Net Minority Interest": 77582000.0,
        "Reconciled Depreciation": 93324000.0,
        "Reconciled Cost Of Revenue": 388771000.0,
        "EBITDA": 231024000.0,
        "EBIT": 137700000.0,
        "Net Interest Income": -50419000.0,
        "Interest Expense": 51666000.0,
        "Interest Income": 1247000.0,
        "Normalized Income": 66735575.0,
        "Net Income From Continuing And Discontinued Operation": 77582000.0,
        "Total Expenses": 681327000.0,
        "Total Operating Income As Reported": 136241000.0,
        "Diluted Average Shares": 151924000.0,
        "Basic Average Shares": 151196000.0,
        "Diluted EPS": 0.51,
        "Basic EPS": 0.51,
        "Diluted NI Availto Com Stockholders": 77582000.0,
        "Net Income Common Stockholders": 77582000.0,
        "Net Income": 77582000.0,
        "Net Income Including Noncontrolling Interests": 77582000.0,
        "Net Income Continuous Operations": 77582000.0,
        "Earnings From Equity Interest Net Of Tax": -262000.0,
        "Tax Provision": 8190000.0,
        "Pretax Income": 86034000.0,
        "Other Income Expense": 10086000.0,
        "Other Non Operating Income Expenses": -1899000.0,
        "Special Income Charges": 9874000.0,
        "Gain On Sale Of Business": 0.0,
        "Other Special Charges": NaN,
        "Impairment Of Capital Assets": 0.0,
        "Restructuring And Mergern Acquisition": -9874000.0,
        "Gain On Sale Of Security": 2111000.0,
        "Net Non Operating Interest Income Expense": -50419000.0,
        "Interest Expense Non Operating": 51666000.0,
        "Interest Income Non Operating": 1247000.0,
        "Operating Income": 126367000.0,
        "Operating Expense": 245458000.0,
        "Depreciation Amortization Depletion Income Statement": 46226000.0,
        "Depreciation And Amortization In Income Statement": 46226000.0,
        "Amortization": 46226000.0,
        "Amortization Of Intangibles Income Statement": 46226000.0,
        "Depreciation Income Statement": NaN,
        "Research And Development": 80903000.0,
        "Selling General And Administration": 118329000.0,
        "General And Administrative Expense": 118329000.0,
        "Other Gand A": 118329000.0,
        "Salaries And Wages": NaN,
        "Gross Profit": 371825000.0,
        "Cost Of Revenue": 435869000.0,
        "Total Revenue": 807694000.0,
        "Operating Revenue": 807694000.0
    }
}