{
    "2023-03-31": {
        "Tax Effect Of Unusual Items": 0.0,
        "Tax Rate For Calcs": 0.21,
        "Normalized EBITDA": 20463000.0,
        "Net Income From Continuing Operation Net Minority Interest": -41228000.0,
        "Reconciled Depreciation": 31520000.0,
        "Reconciled Cost Of Revenue": 223894000.0,
        "EBITDA": 20463000.0,
        "EBIT": -11057000.0,
        "Normalized Income": -41228000.0,
        "Net Income From Continuing And Discontinued Operation": -41228000.0,
        "Total Expenses": 309764000.0,
        "Total Operating Income As Reported": -11057000.0,
        "Diluted Average Shares": 54143259.0,
        "Basic Average Shares": 54143259.0,
        "Diluted EPS": -0.76,
        "Basic EPS": -0.76,
        "Diluted NI Availto Com Stockholders": -41228000.0,
        "Average Dilution Earnings": 0.0,
        "Net Income Common Stockholders": -41228000.0,
        "Net Income": -41228000.0,
        "Minority Interests": 1533000.0,
        "Net Income Including Noncontrolling Interests": -42761000.0,
        "Net Income Continuous Operations": -42761000.0,
        "Tax Provision": 23769000.0,
        "Pretax Income": -18992000.0,
        "Other Income Expense": -7935000.0,
        "Other Non Operating Income Expenses": -7935000.0,
        "Operating Income": -11057000.0,
        "Operating Expense": 85870000.0,
        "Depreciation Amortization Depletion Income Statement": 31520000.0,
        "Depreciation And Amortization In Income Statement": 31520000.0,
        "Amortization": 16940000.0,
        "Amortization Of Intangibles Income Statement": 16940000.0,
        "Depreciation Income Statement": 14580000.0,
        "Selling General And Administration": 54350000.0,
        "General And Administrative Expense": 54350000.0,
        "Other Gand A": 54350000.0,
        "Salaries And Wages": 114215000.0,
        "Gross Profit": 74813000.0,
        "Cost Of Revenue": 223894000.0,
        "Total Revenue": 298707000.0,
        "Operating Revenue": 298707000.0
    },
    "2022-12-31": {
        "Tax Effect Of Unusual Items": NaN,
        "Tax Rate For Calcs": NaN,
        "Normalized EBITDA": NaN,
        "Net Income From Continuing Operation Net Minority Interest": NaN,
        "Reconciled Depreciation": NaN,
        "Reconciled Cost Of Revenue": NaN,
        "EBITDA": NaN,
        "EBIT": NaN,
        "Normalized Income": NaN,
        "Net Income From Continuing And Discontinued Operation": NaN,
        "Total Expenses": NaN,
        "Total Operating Income As Reported": NaN,
        "Diluted Average Shares": NaN,
        "Basic Average Shares": NaN,
        "Diluted EPS": NaN,
        "Basic EPS": NaN,
        "Diluted NI Availto Com Stockholders": NaN,
        "Average Dilution Earnings": NaN,
        "Net Income Common Stockholders": NaN,
        "Net Income": NaN,
        "Minority Interests": NaN,
        "Net Income Including Noncontrolling Interests": NaN,
        "Net Income Continuous Operations": NaN,
        "Tax Provision": NaN,
        "Pretax Income": NaN,
        "Other Income Expense": NaN,
        "Other Non Operating Income Expenses": NaN,
        "Operating Income": NaN,
        "Operating Expense": NaN,
        "Depreciation Amortization Depletion Income Statement": NaN,
        "Depreciation And Amortization In Income Statement": NaN,
        "Amortization": NaN,
        "Amortization Of Intangibles Income Statement": NaN,
        "Depreciation Income Statement": NaN,
        "Selling General And Administration": NaN,
        "General And Administrative Expense": NaN,
        "Other Gand A": NaN,
        "Salaries And Wages": 121272000.0,
        "Gross Profit": NaN,
        "Cost Of Revenue": NaN,
        "Total Revenue": NaN,
        "Operating Revenue": NaN
    },
    "2022-09-30": {
        "Tax Effect Of Unusual Items": NaN,
        "Tax Rate For Calcs": NaN,
        "Normalized EBITDA": NaN,
        "Net Income From Continuing Operation Net Minority Interest": NaN,
        "Reconciled Depreciation": NaN,
        "Reconciled Cost Of Revenue": NaN,
        "EBITDA": NaN,
        "EBIT": NaN,
        "Normalized Income": NaN,
        "Net Income From Continuing And Discontinued Operation": NaN,
        "Total Expenses": NaN,
        "Total Operating Income As Reported": NaN,
        "Diluted Average Shares": NaN,
        "Basic Average Shares": NaN,
        "Diluted EPS": NaN,
        "Basic EPS": NaN,
        "Diluted NI Availto Com Stockholders": NaN,
        "Average Dilution Earnings": NaN,
        "Net Income Common Stockholders": NaN,
        "Net Income": NaN,
        "Minority Interests": NaN,
        "Net Income Including Noncontrolling Interests": NaN,
        "Net Income Continuous Operations": NaN,
        "Tax Provision": NaN,
        "Pretax Income": NaN,
        "Other Income Expense": NaN,
        "Other Non Operating Income Expenses": NaN,
        "Operating Income": NaN,
        "Operating Expense": NaN,
        "Depreciation Amortization Depletion Income Statement": NaN,
        "Depreciation And Amortization In Income Statement": NaN,
        "Amortization": 18649000.0,
        "Amortization Of Intangibles Income Statement": 18649000.0,
        "Depreciation Income Statement": 14759000.0,
        "Selling General And Administration": NaN,
        "General And Administrative Expense": NaN,
        "Other Gand A": NaN,
        "Salaries And Wages": NaN,
        "Gross Profit": NaN,
        "Cost Of Revenue": NaN,
        "Total Revenue": NaN,
        "Operating Revenue": NaN
    },
    "2022-06-30": {
        "Tax Effect Of Unusual Items": 0.0,
        "Tax Rate For Calcs": 0.194,
        "Normalized EBITDA": 459000.0,
        "Net Income From Continuing Operation Net Minority Interest": -23285000.0,
        "Reconciled Depreciation": 32182000.0,
        "Reconciled Cost Of Revenue": 126482000.0,
        "EBITDA": 459000.0,
        "EBIT": -31723000.0,
        "Normalized Income": -23285000.0,
        "Net Income From Continuing And Discontinued Operation": -23285000.0,
        "Total Expenses": 350575000.0,
        "Total Operating Income As Reported": -31723000.0,
        "Diluted Average Shares": 55203120.0,
        "Basic Average Shares": 55203120.0,
        "Diluted EPS": -0.42,
        "Basic EPS": -0.42,
        "Diluted NI Availto Com Stockholders": -23285000.0,
        "Average Dilution Earnings": NaN,
        "Net Income Common Stockholders": -23285000.0,
        "Net Income": -23285000.0,
        "Minority Interests": 983000.0,
        "Net Income Including Noncontrolling Interests": -24268000.0,
        "Net Income Continuous Operations": -24268000.0,
        "Tax Provision": -5833000.0,
        "Pretax Income": -30101000.0,
        "Other Income Expense": 1622000.0,
        "Other Non Operating Income Expenses": 1622000.0,
        "Operating Income": -31723000.0,
        "Operating Expense": 224093000.0,
        "Depreciation Amortization Depletion Income Statement": 32182000.0,
        "Depreciation And Amortization In Income Statement": 32182000.0,
        "Selling General And Administration": 191911000.0,
        "General And Administrative Expense": 191911000.0,
        "Other Gand A": 66144000.0,
        "Salaries And Wages": 125767000.0,
        "Gross Profit": 192370000.0,
        "Cost Of Revenue": 126482000.0,
        "Total Revenue": 318852000.0,
        "Operating Revenue": 318852000.0
    },
    "2022-03-31": {
        "Diluted EPS": -0.25,
        "Total Revenue": 321,
        "Gross Profit": 196,
        "Operating Income": -7,
        "EBIT": 25,
        "Net Income": -14
    },
    "2021-12-31": {
        "Diluted EPS": -0.09,
        "Total Revenue": 320,
        "Gross Profit": 199,
        "Operating Income": -1,
        "EBIT": 28,
        "Net Income": -5
    },
    "2021-09-30": {
        "Diluted EPS": 0.21,
        "Total Revenue": 303,
        "Gross Profit": 193,
        "Operating Income": 14,
        "EBIT": 44,
        "Net Income": 12
    },
    "2021-06-30": {
        "Diluted EPS": -0.15,
        "Total Revenue": 289,
        "Gross Profit": 188,
        "Operating Income": 11,
        "EBIT": 41,
        "Net Income": -8
    },
    "2021-03-31": {
        "Diluted EPS": 0.27,
        "Total Revenue": 275,
        "Gross Profit": 182,
        "Operating Income": 17,
        "EBIT": 45,
        "Net Income": 15
    },
    "2020-12-31": {
        "Diluted EPS": 0.14,
        "Total Revenue": 264,
        "Gross Profit": 180,
        "Operating Income": 11,
        "EBIT": 40,
        "Net Income": 7
    },
    "2020-09-30": {
        "Diluted EPS": 0.03,
        "Total Revenue": 253,
        "Gross Profit": 174,
        "Operating Income": 12,
        "EBIT": 41,
        "Net Income": 2
    },
    "2020-06-30": {
        "Diluted EPS": -0.09,
        "Total Revenue": 235,
        "Gross Profit": 166,
        "Operating Income": 4,
        "EBIT": 32,
        "Net Income": -5
    },
    "2020-03-31": {
        "Diluted EPS": -0.14,
        "Total Revenue": 247,
        "Gross Profit": 172,
        "Operating Income": -8,
        "EBIT": 20,
        "Net Income": -7
    },
    "2019-12-31": {
        "Diluted EPS": 0.09,
        "Total Revenue": 240,
        "Gross Profit": 167,
        "Operating Income": 13,
        "EBIT": 41,
        "Net Income": 4
    },
    "2019-09-30": {
        "Diluted EPS": -0.06,
        "Total Revenue": 236,
        "Gross Profit": 164,
        "Operating Income": 0,
        "EBIT": 27,
        "Net Income": -3
    },
    "2019-06-30": {
        "Diluted EPS": 0.02,
        "Total Revenue": 224,
        "Gross Profit": 152,
        "Operating Income": -20,
        "EBIT": 7,
        "Net Income": 1
    },
    "2019-03-31": {
        "Diluted EPS": -0.38,
        "Total Revenue": 200,
        "Gross Profit": 138,
        "Operating Income": -9,
        "EBIT": 11,
        "Net Income": -18
    },
    "2018-12-31": {
        "Diluted EPS": 0.01,
        "Total Revenue": 210,
        "Gross Profit": 142,
        "Operating Income": 12,
        "EBIT": 32,
        "Net Income": 0
    },
    "2018-09-30": {
        "Diluted EPS": 0.06,
        "Total Revenue": 203,
        "Gross Profit": 138,
        "Operating Income": 3,
        "EBIT": 23,
        "Net Income": 3
    },
    "2018-06-30": {
        "Diluted EPS": -0.12,
        "Total Revenue": 201,
        "Gross Profit": 133,
        "Operating Income": 0,
        "EBIT": 19,
        "Net Income": -6
    },
    "2018-03-31": {
        "Diluted EPS": 0.17,
        "Total Revenue": 198,
        "Gross Profit": 135,
        "Operating Income": -1,
        "EBIT": 19,
        "Net Income": 8
    },
    "2017-12-31": {
        "Diluted EPS": 0.4,
        "Total Revenue": 183,
        "Gross Profit": 125,
        "Operating Income": 13,
        "EBIT": 29,
        "Net Income": 18
    },
    "2017-09-30": {
        "Diluted EPS": -0.03,
        "Total Revenue": 176,
        "Gross Profit": 120,
        "Operating Income": 4,
        "EBIT": 20,
        "Net Income": -1
    },
    "2017-06-30": {
        "Diluted EPS": -0.15,
        "Total Revenue": 167,
        "Gross Profit": 112,
        "Operating Income": 3,
        "EBIT": 18,
        "Net Income": -6
    },
    "2017-03-31": {
        "Diluted EPS": -0.3,
        "Total Revenue": 158,
        "Gross Profit": 109,
        "Operating Income": -3,
        "EBIT": 12,
        "Net Income": -13
    },
    "2016-12-31": {
        "Diluted EPS": -0.76,
        "Total Revenue": 155,
        "Gross Profit": 107,
        "Operating Income": -3,
        "EBIT": 11,
        "Net Income": -33
    },
    "2016-09-30": {
        "Diluted EPS": -0.09,
        "Total Revenue": 149,
        "Gross Profit": 102,
        "Operating Income": -1,
        "EBIT": 15,
        "Net Income": -4
    },
    "2016-06-30": {
        "Diluted EPS": -0.19,
        "Total Revenue": 142,
        "Gross Profit": 97,
        "Operating Income": -6,
        "EBIT": 11,
        "Net Income": -8
    },
    "2016-03-31": {
        "Diluted EPS": -0.26,
        "Total Revenue": 132,
        "Gross Profit": 92,
        "Operating Income": -13,
        "EBIT": 3,
        "Net Income": -11
    },
    "2015-12-31": {
        "Diluted EPS": -0.11,
        "Total Revenue": 118,
        "Gross Profit": 79,
        "Operating Income": -2,
        "EBIT": 8,
        "Net Income": -4
    },
    "2015-09-30": {
        "Diluted EPS": 0.09,
        "Total Revenue": 103,
        "Gross Profit": 62,
        "Operating Income": 8,
        "EBIT": 14,
        "Net Income": 3
    },
    "2015-06-30": {
        "Diluted EPS": 0.07,
        "Total Revenue": 103,
        "Gross Profit": 60,
        "Operating Income": 6,
        "EBIT": 12,
        "Net Income": 3
    },
    "2015-03-31": {
        "Diluted EPS": 0.07,
        "Total Revenue": 96,
        "Gross Profit": 58,
        "Operating Income": 7,
        "EBIT": 12,
        "Net Income": 3
    },
    "2014-12-31": {
        "Diluted EPS": 0.1,
        "Total Revenue": 97,
        "Gross Profit": 58,
        "Operating Income": 7,
        "EBIT": 12,
        "Net Income": 4
    },
    "2014-09-30": {
        "Diluted EPS": 0.1,
        "Total Revenue": 89,
        "Gross Profit": 49,
        "Operating Income": 6,
        "EBIT": 10,
        "Net Income": 4
    },
    "2014-06-30": {
        "Diluted EPS": 0.1,
        "Total Revenue": 85,
        "Gross Profit": 47,
        "Operating Income": 4,
        "EBIT": 9,
        "Net Income": 4
    },
    "2014-03-31": {
        "Diluted EPS": 0.08,
        "Total Revenue": 79,
        "Gross Profit": 44,
        "Operating Income": 4,
        "EBIT": 8,
        "Net Income": 3
    },
    "2013-12-31": {
        "Diluted EPS": 0.01,
        "Total Revenue": 74,
        "Gross Profit": 42,
        "Operating Income": 1,
        "EBIT": 7,
        "Net Income": 1
    },
    "2013-09-30": {
        "Diluted EPS": 0.04,
        "Total Revenue": 70,
        "Gross Profit": 40,
        "Operating Income": 2,
        "EBIT": 5,
        "Net Income": 1
    },
    "2013-06-30": {
        "Diluted EPS": 0.03,
        "Total Revenue": 52,
        "Gross Profit": 32,
        "Operating Income": 2,
        "EBIT": 5,
        "Net Income": 1
    },
    "2013-03-31": {
        "Diluted EPS": 0.02,
        "Total Revenue": 47,
        "Gross Profit": 30,
        "Operating Income": 1,
        "EBIT": 4,
        "Net Income": 1
    },
    "2012-12-31": {
        "Diluted EPS": -0.01,
        "Total Revenue": 44,
        "Gross Profit": 28,
        "Operating Income": 2,
        "EBIT": 5,
        "Net Income": 0
    },
    "2012-09-30": {
        "Diluted EPS": 0.02,
        "Total Revenue": 42,
        "Gross Profit": 27,
        "Operating Income": 1,
        "EBIT": 4,
        "Net Income": 1
    },
    "2012-06-30": {
        "Diluted EPS": -0.02,
        "Total Revenue": 38,
        "Gross Profit": 24,
        "Operating Income": -1,
        "EBIT": 3,
        "Net Income": -1
    },
    "2012-03-31": {
        "Diluted EPS": 0.02,
        "Total Revenue": 33,
        "Gross Profit": 21,
        "Operating Income": 1,
        "EBIT": 4,
        "Net Income": 1
    },
    "2011-12-31": {
        "Diluted EPS": 0.06,
        "Total Revenue": 31,
        "Gross Profit": 20,
        "Operating Income": 2,
        "EBIT": 5,
        "Net Income": 2
    },
    "2011-09-30": {
        "Diluted EPS": 0.06,
        "Total Revenue": 32,
        "Gross Profit": 21,
        "Operating Income": 3,
        "EBIT": 6,
        "Net Income": 2
    },
    "2011-06-30": {
        "Diluted EPS": 0.07,
        "Total Revenue": 31,
        "Gross Profit": 20,
        "Operating Income": 3,
        "EBIT": 6,
        "Net Income": 2
    },
    "2011-03-31": {
        "Diluted EPS": 0.04,
        "Total Revenue": 29,
        "Gross Profit": 19,
        "Operating Income": 3,
        "EBIT": 5,
        "Net Income": 1
    },
    "2010-12-31": {
        "Diluted EPS": 0.13,
        "Total Revenue": 28,
        "Gross Profit": 18,
        "Operating Income": 2,
        "EBIT": 5,
        "Net Income": 1
    },
    "2010-09-30": {
        "Diluted EPS": 0.02,
        "Total Revenue": 25,
        "Gross Profit": 17,
        "Operating Income": 1,
        "EBIT": 4,
        "Net Income": 0
    },
    "2010-06-30": {
        "Diluted EPS": 0.01,
        "Total Revenue": 24,
        "Gross Profit": 17,
        "Operating Income": 1,
        "EBIT": 3,
        "Net Income": 0
    },
    "2010-03-31": {
        "Diluted EPS": -0.21,
        "Total Revenue": 22,
        "Gross Profit": 15,
        "Operating Income": -3,
        "EBIT": -1,
        "Net Income": -3
    },
    "2009-12-31": {
        "Diluted EPS": 0.0,
        "Total Revenue": NaN,
        "Gross Profit": NaN,
        "Operating Income": NaN,
        "EBIT": NaN,
        "Net Income": NaN
    },
    "2009-09-30": {
        "Diluted EPS": 0.02,
        "Total Revenue": 20,
        "Gross Profit": 13,
        "Operating Income": 1,
        "EBIT": 3,
        "Net Income": 0
    },
    "2009-06-30": {
        "Diluted EPS": 0.1,
        "Total Revenue": 18,
        "Gross Profit": 12,
        "Operating Income": 1,
        "EBIT": 1,
        "Net Income": 0
    },
    "2023-06-30": {
        "Tax Effect Of Unusual Items": 0.0,
        "Tax Rate For Calcs": 0.21,
        "Normalized EBITDA": 19915000.0,
        "Net Income From Continuing Operation Net Minority Interest": -21416000.0,
        "Reconciled Depreciation": 35227000.0,
        "Reconciled Cost Of Revenue": 239173000.0,
        "EBITDA": 19915000.0,
        "EBIT": -15312000.0,
        "Normalized Income": -21416000.0,
        "Net Income From Continuing And Discontinued Operation": -21416000.0,
        "Total Expenses": 327746000.0,
        "Total Operating Income As Reported": -15312000.0,
        "Diluted Average Shares": 54439733.0,
        "Basic Average Shares": 54439733.0,
        "Diluted EPS": -0.39,
        "Basic EPS": -0.39,
        "Diluted NI Availto Com Stockholders": -21416000.0,
        "Average Dilution Earnings": NaN,
        "Net Income Common Stockholders": -21416000.0,
        "Net Income": -21416000.0,
        "Minority Interests": 1716000.0,
        "Net Income Including Noncontrolling Interests": -23132000.0,
        "Net Income Continuous Operations": -23132000.0,
        "Tax Provision": 418000.0,
        "Pretax Income": -22714000.0,
        "Other Income Expense": -7402000.0,
        "Other Non Operating Income Expenses": -7402000.0,
        "Operating Income": -15312000.0,
        "Operating Expense": 87152000.0,
        "Depreciation Amortization Depletion Income Statement": 33806000.0,
        "Depreciation And Amortization In Income Statement": 33806000.0,
        "Amortization": NaN,
        "Amortization Of Intangibles Income Statement": NaN,
        "Depreciation Income Statement": NaN,
        "Selling General And Administration": 53346000.0,
        "General And Administrative Expense": 53346000.0,
        "Other Gand A": 53346000.0,
        "Salaries And Wages": 117097000.0,
        "Gross Profit": 71840000.0,
        "Cost Of Revenue": 240594000.0,
        "Total Revenue": 312434000.0,
        "Operating Revenue": 312434000.0
    },
    "2023-09-30": {
        "Tax Effect Of Unusual Items": 0.0,
        "Tax Rate For Calcs": 0.355,
        "Normalized EBITDA": 34912000.0,
        "Net Income From Continuing Operation Net Minority Interest": 7091000.0,
        "Reconciled Depreciation": 34311000.0,
        "Reconciled Cost Of Revenue": 232872000.0,
        "EBITDA": 34912000.0,
        "EBIT": 601000.0,
        "Normalized Income": 7091000.0,
        "Net Income From Continuing And Discontinued Operation": 7091000.0,
        "Total Expenses": 316246000.0,
        "Total Operating Income As Reported": 601000.0,
        "Diluted Average Shares": 54970616.0,
        "Basic Average Shares": 54562270.0,
        "Diluted EPS": 0.13,
        "Basic EPS": 0.13,
        "Diluted NI Availto Com Stockholders": 7091000.0,
        "Average Dilution Earnings": NaN,
        "Net Income Common Stockholders": 7091000.0,
        "Net Income": 7091000.0,
        "Minority Interests": 2035000.0,
        "Net Income Including Noncontrolling Interests": 5056000.0,
        "Net Income Continuous Operations": 5056000.0,
        "Tax Provision": -8824000.0,
        "Pretax Income": -3768000.0,
        "Other Income Expense": -4369000.0,
        "Other Non Operating Income Expenses": -4369000.0,
        "Operating Income": 601000.0,
        "Operating Expense": 83374000.0,
        "Depreciation Amortization Depletion Income Statement": 34311000.0,
        "Depreciation And Amortization In Income Statement": 34311000.0,
        "Amortization": 15124000.0,
        "Amortization Of Intangibles Income Statement": 15124000.0,
        "Depreciation Income Statement": 19187000.0,
        "Selling General And Administration": 49063000.0,
        "General And Administrative Expense": 49063000.0,
        "Other Gand A": 49063000.0,
        "Salaries And Wages": 113334000.0,
        "Gross Profit": 83975000.0,
        "Cost Of Revenue": 232872000.0,
        "Total Revenue": 316847000.0,
        "Operating Revenue": 316847000.0
    },
    "2023-12-31": {
        "Tax Effect Of Unusual Items": 0.0,
        "Tax Rate For Calcs": 0.01379,
        "Normalized EBITDA": -154100000.0,
        "Net Income From Continuing Operation Net Minority Interest": -183171000.0,
        "Reconciled Depreciation": 29246000.0,
        "Reconciled Cost Of Revenue": 221196000.0,
        "EBITDA": -154100000.0,
        "EBIT": -183346000.0,
        "Normalized Income": -183171000.0,
        "Net Income From Continuing And Discontinued Operation": -183171000.0,
        "Total Expenses": 304527000.0,
        "Total Operating Income As Reported": -178713000.0,
        "Diluted Average Shares": 54689559.0,
        "Basic Average Shares": 54689559.0,
        "Diluted EPS": -3.35,
        "Basic EPS": -3.35,
        "Diluted NI Availto Com Stockholders": -183171000.0,
        "Average Dilution Earnings": NaN,
        "Net Income Common Stockholders": -183171000.0,
        "Net Income": -183171000.0,
        "Minority Interests": 1766000.0,
        "Net Income Including Noncontrolling Interests": -184937000.0,
        "Net Income Continuous Operations": -184937000.0,
        "Tax Provision": -2586000.0,
        "Pretax Income": -187523000.0,
        "Other Income Expense": -181778000.0,
        "Other Non Operating Income Expenses": 10040000.0,
        "Operating Income": 13105000.0,
        "Operating Expense": 83331000.0,
        "Depreciation Amortization Depletion Income Statement": 29246000.0,
        "Depreciation And Amortization In Income Statement": 29246000.0,
        "Amortization": NaN,
        "Amortization Of Intangibles Income Statement": NaN,
        "Depreciation Income Statement": NaN,
        "Selling General And Administration": 54085000.0,
        "General And Administrative Expense": 54085000.0,
        "Other Gand A": 54085000.0,
        "Salaries And Wages": 100182000.0,
        "Gross Profit": 96436000.0,
        "Cost Of Revenue": 221196000.0,
        "Total Revenue": 317632000.0,
        "Operating Revenue": 317632000.0
    },
    "2024-03-31": {
        "Tax Effect Of Unusual Items": 0.0,
        "Tax Rate For Calcs": 0.4,
        "Normalized EBITDA": 42600000.0,
        "Net Income From Continuing Operation Net Minority Interest": 2513000.0,
        "Reconciled Depreciation": 33892000.0,
        "Reconciled Cost Of Revenue": 230285000.0,
        "EBITDA": 42600000.0,
        "EBIT": 8708000.0,
        "Normalized Income": 2513000.0,
        "Net Income From Continuing And Discontinued Operation": 2513000.0,
        "Total Expenses": 316242000.0,
        "Total Operating Income As Reported": 8708000.0,
        "Diluted Average Shares": 55385066.0,
        "Basic Average Shares": 54884074.0,
        "Diluted EPS": 0.05,
        "Basic EPS": 0.05,
        "Diluted NI Availto Com Stockholders": 2513000.0,
        "Average Dilution Earnings": NaN,
        "Net Income Common Stockholders": 2513000.0,
        "Net Income": 2513000.0,
        "Minority Interests": 1974000.0,
        "Net Income Including Noncontrolling Interests": 539000.0,
        "Net Income Continuous Operations": 539000.0,
        "Tax Provision": 1505000.0,
        "Pretax Income": 2044000.0,
        "Other Income Expense": -6664000.0,
        "Other Non Operating Income Expenses": -6664000.0,
        "Operating Income": 8708000.0,
        "Operating Expense": 85957000.0,
        "Depreciation Amortization Depletion Income Statement": 33892000.0,
        "Depreciation And Amortization In Income Statement": 33892000.0,
        "Amortization": 14742000.0,
        "Amortization Of Intangibles Income Statement": 14742000.0,
        "Depreciation Income Statement": 19150000.0,
        "Selling General And Administration": 52065000.0,
        "General And Administrative Expense": 52065000.0,
        "Other Gand A": 52065000.0,
        "Salaries And Wages": NaN,
        "Gross Profit": 94665000.0,
        "Cost Of Revenue": 230285000.0,
        "Total Revenue": 324950000.0,
        "Operating Revenue": 324950000.0
    }
}