{
    "2023-06-30": {
        "Tax Effect Of Unusual Items": -31060.751559,
        "Tax Rate For Calcs": 0.2567,
        "Normalized EBITDA": 74762000.0,
        "Total Unusual Items": -121000.0,
        "Total Unusual Items Excluding Goodwill": -121000.0,
        "Net Income From Continuing Operation Net Minority Interest": 48145000.0,
        "Reconciled Depreciation": 8629000.0,
        "Reconciled Cost Of Revenue": 245630000.0,
        "EBITDA": 74641000.0,
        "EBIT": 66012000.0,
        "Net Interest Income": NaN,
        "Interest Expense": NaN,
        "Normalized Income": 48234939.248441,
        "Net Income From Continuing And Discontinued Operation": 48145000.0,
        "Total Expenses": 433419000.0,
        "Total Operating Income As Reported": 111596000.0,
        "Diluted Average Shares": 32203000.0,
        "Basic Average Shares": 31084000.0,
        "Diluted EPS": 1.5,
        "Basic EPS": 1.55,
        "Diluted NI Availto Com Stockholders": 48145000.0,
        "Net Income Common Stockholders": 48145000.0,
        "Net Income": 48145000.0,
        "Net Income Including Noncontrolling Interests": 48145000.0,
        "Net Income Continuous Operations": 48145000.0,
        "Tax Provision": 16627000.0,
        "Pretax Income": 64772000.0,
        "Other Income Expense": -1240000.0,
        "Special Income Charges": -121000.0,
        "Other Special Charges": 121000.0,
        "Earnings From Equity Interest": -1119000.0,
        "Gain On Sale Of Security": NaN,
        "Net Non Operating Interest Income Expense": NaN,
        "Interest Expense Non Operating": NaN,
        "Operating Income": 66012000.0,
        "Operating Expense": 187789000.0,
        "Other Operating Expenses": 46961000.0,
        "Depreciation Amortization Depletion Income Statement": 8629000.0,
        "Depreciation And Amortization In Income Statement": 8629000.0,
        "Selling General And Administration": 132199000.0,
        "Selling And Marketing Expense": 95971000.0,
        "General And Administrative Expense": 36228000.0,
        "Other Gand A": 36228000.0,
        "Gross Profit": 253801000.0,
        "Cost Of Revenue": 245630000.0,
        "Total Revenue": 499431000.0,
        "Operating Revenue": 492723000.0
    },
    "2023-03-31": {
        "Tax Effect Of Unusual Items": NaN,
        "Tax Rate For Calcs": NaN,
        "Normalized EBITDA": NaN,
        "Total Unusual Items": NaN,
        "Total Unusual Items Excluding Goodwill": NaN,
        "Net Income From Continuing Operation Net Minority Interest": NaN,
        "Reconciled Depreciation": NaN,
        "Reconciled Cost Of Revenue": NaN,
        "EBITDA": NaN,
        "EBIT": NaN,
        "Net Interest Income": -43321000.0,
        "Interest Expense": 43321000.0,
        "Normalized Income": NaN,
        "Net Income From Continuing And Discontinued Operation": NaN,
        "Total Expenses": NaN,
        "Total Operating Income As Reported": NaN,
        "Diluted Average Shares": NaN,
        "Basic Average Shares": NaN,
        "Diluted EPS": NaN,
        "Basic EPS": NaN,
        "Diluted NI Availto Com Stockholders": NaN,
        "Net Income Common Stockholders": NaN,
        "Net Income": NaN,
        "Net Income Including Noncontrolling Interests": NaN,
        "Net Income Continuous Operations": NaN,
        "Tax Provision": NaN,
        "Pretax Income": NaN,
        "Other Income Expense": NaN,
        "Special Income Charges": NaN,
        "Other Special Charges": NaN,
        "Earnings From Equity Interest": NaN,
        "Gain On Sale Of Security": -171000.0,
        "Net Non Operating Interest Income Expense": -43321000.0,
        "Interest Expense Non Operating": 43321000.0,
        "Operating Income": NaN,
        "Operating Expense": NaN,
        "Other Operating Expenses": NaN,
        "Depreciation Amortization Depletion Income Statement": NaN,
        "Depreciation And Amortization In Income Statement": NaN,
        "Selling General And Administration": NaN,
        "Selling And Marketing Expense": NaN,
        "General And Administrative Expense": NaN,
        "Other Gand A": NaN,
        "Gross Profit": NaN,
        "Cost Of Revenue": NaN,
        "Total Revenue": NaN,
        "Operating Revenue": NaN
    },
    "2022-12-31": {
        "Tax Effect Of Unusual Items": NaN,
        "Tax Rate For Calcs": NaN,
        "Normalized EBITDA": NaN,
        "Total Unusual Items": NaN,
        "Total Unusual Items Excluding Goodwill": NaN,
        "Net Income From Continuing Operation Net Minority Interest": NaN,
        "Reconciled Depreciation": NaN,
        "Reconciled Cost Of Revenue": NaN,
        "EBITDA": NaN,
        "EBIT": NaN,
        "Net Interest Income": NaN,
        "Interest Expense": NaN,
        "Normalized Income": NaN,
        "Net Income From Continuing And Discontinued Operation": NaN,
        "Total Expenses": NaN,
        "Total Operating Income As Reported": NaN,
        "Diluted Average Shares": NaN,
        "Basic Average Shares": NaN,
        "Diluted EPS": NaN,
        "Basic EPS": NaN,
        "Diluted NI Availto Com Stockholders": NaN,
        "Net Income Common Stockholders": NaN,
        "Net Income": NaN,
        "Minority Interests": 0.0,
        "Net Income Including Noncontrolling Interests": NaN,
        "Net Income Continuous Operations": NaN,
        "Tax Provision": NaN,
        "Pretax Income": NaN,
        "Other Income Expense": NaN,
        "Special Income Charges": NaN,
        "Other Special Charges": NaN,
        "Earnings From Equity Interest": NaN,
        "Gain On Sale Of Security": NaN,
        "Net Non Operating Interest Income Expense": NaN,
        "Interest Expense Non Operating": NaN,
        "Operating Income": NaN,
        "Operating Expense": NaN,
        "Other Operating Expenses": NaN,
        "Depreciation Amortization Depletion Income Statement": NaN,
        "Depreciation And Amortization In Income Statement": NaN,
        "Selling General And Administration": NaN,
        "Selling And Marketing Expense": NaN,
        "General And Administrative Expense": NaN,
        "Other Gand A": NaN,
        "Gross Profit": NaN,
        "Cost Of Revenue": NaN,
        "Total Revenue": NaN,
        "Operating Revenue": NaN
    },
    "2022-09-30": {
        "Tax Effect Of Unusual Items": NaN,
        "Tax Rate For Calcs": NaN,
        "Normalized EBITDA": NaN,
        "Total Unusual Items": NaN,
        "Total Unusual Items Excluding Goodwill": NaN,
        "Net Income From Continuing Operation Net Minority Interest": NaN,
        "Reconciled Depreciation": NaN,
        "Reconciled Cost Of Revenue": NaN,
        "EBITDA": NaN,
        "EBIT": NaN,
        "Net Interest Income": NaN,
        "Interest Expense": NaN,
        "Normalized Income": NaN,
        "Net Income From Continuing And Discontinued Operation": NaN,
        "Total Expenses": NaN,
        "Total Operating Income As Reported": NaN,
        "Diluted Average Shares": NaN,
        "Basic Average Shares": NaN,
        "Diluted EPS": NaN,
        "Basic EPS": NaN,
        "Diluted NI Availto Com Stockholders": NaN,
        "Net Income Common Stockholders": NaN,
        "Net Income": NaN,
        "Minority Interests": 0.0,
        "Net Income Including Noncontrolling Interests": NaN,
        "Net Income Continuous Operations": NaN,
        "Tax Provision": NaN,
        "Pretax Income": NaN,
        "Other Income Expense": NaN,
        "Special Income Charges": NaN,
        "Other Special Charges": NaN,
        "Earnings From Equity Interest": NaN,
        "Gain On Sale Of Security": NaN,
        "Net Non Operating Interest Income Expense": NaN,
        "Interest Expense Non Operating": NaN,
        "Operating Income": NaN,
        "Operating Expense": NaN,
        "Other Operating Expenses": NaN,
        "Depreciation Amortization Depletion Income Statement": NaN,
        "Depreciation And Amortization In Income Statement": NaN,
        "Selling General And Administration": NaN,
        "Selling And Marketing Expense": NaN,
        "General And Administrative Expense": NaN,
        "Other Gand A": NaN,
        "Gross Profit": NaN,
        "Cost Of Revenue": NaN,
        "Total Revenue": NaN,
        "Operating Revenue": NaN
    },
    "2022-06-30": {
        "Tax Effect Of Unusual Items": -266580.071072,
        "Tax Rate For Calcs": 0.24914,
        "Normalized EBITDA": 73189000.0,
        "Total Unusual Items": -1070000.0,
        "Total Unusual Items Excluding Goodwill": -1070000.0,
        "Net Income From Continuing Operation Net Minority Interest": 52401000.0,
        "Reconciled Depreciation": 7584000.0,
        "Reconciled Cost Of Revenue": 168368000.0,
        "EBITDA": 72119000.0,
        "EBIT": 64535000.0,
        "Net Interest Income": -24950000.0,
        "Interest Expense": 24950000.0,
        "Normalized Income": 53204419.928928,
        "Net Income From Continuing And Discontinued Operation": 52401000.0,
        "Total Expenses": 343455000.0,
        "Total Operating Income As Reported": 89485000.0,
        "Diluted Average Shares": 33484000.0,
        "Basic Average Shares": 32497000.0,
        "Diluted EPS": 1.56,
        "Basic EPS": 1.61,
        "Diluted NI Availto Com Stockholders": 52401000.0,
        "Net Income Common Stockholders": 52401000.0,
        "Net Income": 52401000.0,
        "Minority Interests": 0.0,
        "Net Income Including Noncontrolling Interests": 52401000.0,
        "Net Income Continuous Operations": 52401000.0,
        "Tax Provision": 17387000.0,
        "Pretax Income": 69788000.0,
        "Other Income Expense": 5253000.0,
        "Special Income Charges": -1091000.0,
        "Other Special Charges": 1091000.0,
        "Earnings From Equity Interest": 6323000.0,
        "Gain On Sale Of Security": 21000.0,
        "Net Non Operating Interest Income Expense": -24950000.0,
        "Interest Expense Non Operating": 24950000.0,
        "Operating Income": 64535000.0,
        "Operating Expense": 175087000.0,
        "Other Operating Expenses": 42262000.0,
        "Depreciation Amortization Depletion Income Statement": 7584000.0,
        "Depreciation And Amortization In Income Statement": 7584000.0,
        "Selling General And Administration": 125241000.0,
        "Selling And Marketing Expense": 91551000.0,
        "General And Administrative Expense": 33690000.0,
        "Other Gand A": 33690000.0,
        "Gross Profit": 239622000.0,
        "Cost Of Revenue": 168368000.0,
        "Total Revenue": 407990000.0,
        "Operating Revenue": 407990000.0
    },
    "2022-03-31": {
        "Diluted EPS": 1.5,
        "Total Revenue": 386,
        "Gross Profit": 269,
        "Operating Income": 91,
        "EBIT": 101,
        "Net Income": 52
    },
    "2021-12-31": {
        "Diluted EPS": 1.3,
        "Total Revenue": 364,
        "Gross Profit": 280,
        "Operating Income": 81,
        "EBIT": 94,
        "Net Income": 49
    },
    "2021-09-30": {
        "Diluted EPS": 1.36,
        "Total Revenue": 320,
        "Gross Profit": 246,
        "Operating Income": 86,
        "EBIT": 97,
        "Net Income": 52
    },
    "2021-06-30": {
        "Diluted EPS": 2.1,
        "Total Revenue": 265,
        "Gross Profit": 259,
        "Operating Income": 123,
        "EBIT": 131,
        "Net Income": 80
    },
    "2021-03-31": {
        "Diluted EPS": 2.03,
        "Total Revenue": 259,
        "Gross Profit": 238,
        "Operating Income": 123,
        "EBIT": 132,
        "Net Income": 76
    },
    "2020-12-31": {
        "Diluted EPS": 6.86,
        "Total Revenue": 264,
        "Gross Profit": 244,
        "Operating Income": 120,
        "EBIT": 137,
        "Net Income": 231
    },
    "2020-09-30": {
        "Diluted EPS": 3.09,
        "Total Revenue": 205,
        "Gross Profit": 182,
        "Operating Income": 122,
        "EBIT": 127,
        "Net Income": 94
    },
    "2020-06-30": {
        "Diluted EPS": 1.58,
        "Total Revenue": 253,
        "Gross Profit": 132,
        "Operating Income": 87,
        "EBIT": 92,
        "Net Income": 48
    },
    "2020-03-31": {
        "Diluted EPS": 0.17,
        "Total Revenue": 362,
        "Gross Profit": 127,
        "Operating Income": 29,
        "EBIT": 34,
        "Net Income": 5
    },
    "2019-12-31": {
        "Diluted EPS": -1.47,
        "Total Revenue": 345,
        "Gross Profit": 147,
        "Operating Income": 60,
        "EBIT": 65,
        "Net Income": -51
    },
    "2019-09-30": {
        "Diluted EPS": 0.78,
        "Total Revenue": 306,
        "Gross Profit": 143,
        "Operating Income": 58,
        "EBIT": 62,
        "Net Income": 27
    },
    "2019-06-30": {
        "Diluted EPS": 0.73,
        "Total Revenue": 259,
        "Gross Profit": 136,
        "Operating Income": 58,
        "EBIT": 63,
        "Net Income": 25
    },
    "2019-03-31": {
        "Diluted EPS": 1.02,
        "Total Revenue": 264,
        "Gross Profit": 146,
        "Operating Income": 73,
        "EBIT": 79,
        "Net Income": 35
    },
    "2018-12-31": {
        "Diluted EPS": 0.23,
        "Total Revenue": 171,
        "Gross Profit": 62,
        "Operating Income": 33,
        "EBIT": 37,
        "Net Income": 9
    },
    "2018-09-30": {
        "Diluted EPS": 0.43,
        "Total Revenue": 294,
        "Gross Profit": 130,
        "Operating Income": 38,
        "EBIT": 43,
        "Net Income": 15
    },
    "2018-06-30": {
        "Diluted EPS": 0.52,
        "Total Revenue": 253,
        "Gross Profit": 132,
        "Operating Income": 43,
        "EBIT": 48,
        "Net Income": 18
    },
    "2018-03-31": {
        "Diluted EPS": 0.81,
        "Total Revenue": 254,
        "Gross Profit": 146,
        "Operating Income": 62,
        "EBIT": 67,
        "Net Income": 28
    },
    "2017-12-31": {
        "Diluted EPS": 0.2,
        "Total Revenue": 129,
        "Gross Profit": 44,
        "Operating Income": 15,
        "EBIT": 21,
        "Net Income": 7
    },
    "2017-09-30": {
        "Diluted EPS": -0.1,
        "Total Revenue": 218,
        "Gross Profit": 111,
        "Operating Income": 28,
        "EBIT": 33,
        "Net Income": -3
    },
    "2017-06-30": {
        "Diluted EPS": 0.35,
        "Total Revenue": 190,
        "Gross Profit": 110,
        "Operating Income": 35,
        "EBIT": 40,
        "Net Income": 12
    },
    "2017-03-31": {
        "Diluted EPS": 0.41,
        "Total Revenue": 192,
        "Gross Profit": 110,
        "Operating Income": 38,
        "EBIT": 43,
        "Net Income": 14
    },
    "2016-12-31": {
        "Diluted EPS": 0.25,
        "Total Revenue": 202,
        "Gross Profit": 105,
        "Operating Income": 33,
        "EBIT": 38,
        "Net Income": 9
    },
    "2016-09-30": {
        "Diluted EPS": 0.23,
        "Total Revenue": 196,
        "Gross Profit": 101,
        "Operating Income": 28,
        "EBIT": 34,
        "Net Income": 8
    },
    "2016-06-30": {
        "Diluted EPS": 0.25,
        "Total Revenue": 173,
        "Gross Profit": 107,
        "Operating Income": 29,
        "EBIT": 35,
        "Net Income": 8
    },
    "2016-03-31": {
        "Diluted EPS": 0.3,
        "Total Revenue": 175,
        "Gross Profit": 105,
        "Operating Income": 32,
        "EBIT": 38,
        "Net Income": 10
    },
    "2015-12-31": {
        "Diluted EPS": 0.13,
        "Total Revenue": 175,
        "Gross Profit": 104,
        "Operating Income": 21,
        "EBIT": 26,
        "Net Income": 4
    },
    "2015-09-30": {
        "Diluted EPS": 0.13,
        "Total Revenue": 165,
        "Gross Profit": 100,
        "Operating Income": 19,
        "EBIT": 24,
        "Net Income": 4
    },
    "2015-06-30": {
        "Diluted EPS": 0.33,
        "Total Revenue": 146,
        "Gross Profit": 105,
        "Operating Income": 30,
        "EBIT": 36,
        "Net Income": 11
    },
    "2015-03-31": {
        "Diluted EPS": 0.74,
        "Total Revenue": 166,
        "Gross Profit": 127,
        "Operating Income": 54,
        "EBIT": 60,
        "Net Income": 25
    },
    "2014-12-31": {
        "Diluted EPS": 0.68,
        "Total Revenue": 195,
        "Gross Profit": 134,
        "Operating Income": 49,
        "EBIT": 55,
        "Net Income": 23
    },
    "2014-09-30": {
        "Diluted EPS": 0.56,
        "Total Revenue": 205,
        "Gross Profit": 132,
        "Operating Income": 43,
        "EBIT": 49,
        "Net Income": 18
    },
    "2014-06-30": {
        "Diluted EPS": 0.93,
        "Total Revenue": 201,
        "Gross Profit": 135,
        "Operating Income": 55,
        "EBIT": 60,
        "Net Income": 31
    },
    "2014-03-31": {
        "Diluted EPS": 1.21,
        "Total Revenue": 208,
        "Gross Profit": 142,
        "Operating Income": 67,
        "EBIT": 71,
        "Net Income": 40
    },
    "2013-12-31": {
        "Diluted EPS": 0.0,
        "Total Revenue": NaN,
        "Gross Profit": NaN,
        "Operating Income": NaN,
        "EBIT": NaN,
        "Net Income": NaN
    },
    "2013-09-30": {
        "Diluted EPS": 0.52,
        "Total Revenue": 198,
        "Gross Profit": 108,
        "Operating Income": 31,
        "EBIT": 31,
        "Net Income": 17
    },
    "2012-12-31": {
        "Diluted EPS": 0.0,
        "Total Revenue": NaN,
        "Gross Profit": NaN,
        "Operating Income": NaN,
        "EBIT": NaN,
        "Net Income": NaN
    },
    "2011-12-31": {
        "Diluted EPS": 0.0,
        "Total Revenue": NaN,
        "Gross Profit": NaN,
        "Operating Income": NaN,
        "EBIT": NaN,
        "Net Income": NaN
    },
    "2023-09-30": {
        "Tax Effect Of Unusual Items": 38841.695345,
        "Tax Rate For Calcs": 0.252219,
        "Normalized EBITDA": 64866000.0,
        "Total Unusual Items": 154000.0,
        "Total Unusual Items Excluding Goodwill": 154000.0,
        "Net Income From Continuing Operation Net Minority Interest": 41285000.0,
        "Reconciled Depreciation": 9954000.0,
        "Reconciled Cost Of Revenue": 280415000.0,
        "EBITDA": 65020000.0,
        "EBIT": 55066000.0,
        "Net Interest Income": NaN,
        "Interest Expense": NaN,
        "Normalized Income": 41169841.695345,
        "Net Income From Continuing And Discontinued Operation": 41285000.0,
        "Total Expenses": 496294000.0,
        "Total Operating Income As Reported": 103732000.0,
        "Diluted Average Shares": 31902000.0,
        "Basic Average Shares": 30600000.0,
        "Diluted EPS": 1.29,
        "Basic EPS": 1.35,
        "Diluted NI Availto Com Stockholders": 41285000.0,
        "Net Income Common Stockholders": 41285000.0,
        "Net Income": 41285000.0,
        "Net Income Including Noncontrolling Interests": 41285000.0,
        "Net Income Continuous Operations": 41285000.0,
        "Tax Provision": 13925000.0,
        "Pretax Income": 55210000.0,
        "Other Income Expense": 144000.0,
        "Special Income Charges": -25000.0,
        "Other Special Charges": 25000.0,
        "Earnings From Equity Interest": -10000.0,
        "Gain On Sale Of Security": 179000.0,
        "Net Non Operating Interest Income Expense": NaN,
        "Interest Expense Non Operating": NaN,
        "Operating Income": 55066000.0,
        "Operating Expense": 215879000.0,
        "Other Operating Expenses": 51686000.0,
        "Depreciation Amortization Depletion Income Statement": 9954000.0,
        "Depreciation And Amortization In Income Statement": 9954000.0,
        "Selling General And Administration": 154239000.0,
        "Selling And Marketing Expense": 116508000.0,
        "General And Administrative Expense": 37731000.0,
        "Other Gand A": 37731000.0,
        "Gross Profit": 270945000.0,
        "Cost Of Revenue": 280415000.0,
        "Total Revenue": 551360000.0,
        "Operating Revenue": 543124000.0
    },
    "2023-12-31": {
        "Tax Effect Of Unusual Items": 7580.474681,
        "Tax Rate For Calcs": 0.164793,
        "Normalized EBITDA": 49319000.0,
        "Total Unusual Items": 46000.0,
        "Total Unusual Items Excluding Goodwill": 46000.0,
        "Net Income From Continuing Operation Net Minority Interest": 34768000.0,
        "Reconciled Depreciation": 9034000.0,
        "Reconciled Cost Of Revenue": 315764000.0,
        "EBITDA": 49365000.0,
        "EBIT": 40331000.0,
        "Net Interest Income": NaN,
        "Interest Expense": NaN,
        "Normalized Income": 34729580.474681,
        "Net Income From Continuing And Discontinued Operation": 34768000.0,
        "Total Expenses": 543261000.0,
        "Total Operating Income As Reported": 97539000.0,
        "Diluted Average Shares": 30887000.0,
        "Basic Average Shares": 29687000.0,
        "Diluted EPS": 1.13,
        "Basic EPS": 1.17,
        "Diluted NI Availto Com Stockholders": 34768000.0,
        "Net Income Common Stockholders": 34768000.0,
        "Net Income": 34768000.0,
        "Net Income Including Noncontrolling Interests": 34768000.0,
        "Net Income Continuous Operations": 34768000.0,
        "Tax Provision": 6860000.0,
        "Pretax Income": 41628000.0,
        "Other Income Expense": 1297000.0,
        "Special Income Charges": -3000.0,
        "Other Special Charges": 3000.0,
        "Earnings From Equity Interest": 1251000.0,
        "Gain On Sale Of Security": 49000.0,
        "Net Non Operating Interest Income Expense": NaN,
        "Interest Expense Non Operating": NaN,
        "Operating Income": 40331000.0,
        "Operating Expense": 227497000.0,
        "Other Operating Expenses": 47089000.0,
        "Depreciation Amortization Depletion Income Statement": 9034000.0,
        "Depreciation And Amortization In Income Statement": 9034000.0,
        "Selling General And Administration": 171374000.0,
        "Selling And Marketing Expense": 122226000.0,
        "General And Administrative Expense": 49148000.0,
        "Other Gand A": 49148000.0,
        "Gross Profit": 267828000.0,
        "Cost Of Revenue": 315764000.0,
        "Total Revenue": 583592000.0,
        "Operating Revenue": 574721000.0
    },
    "2024-03-31": {
        "Tax Effect Of Unusual Items": -135540.0,
        "Tax Rate For Calcs": 0.251,
        "Normalized EBITDA": 75998000.0,
        "Total Unusual Items": -540000.0,
        "Total Unusual Items Excluding Goodwill": -540000.0,
        "Net Income From Continuing Operation Net Minority Interest": 48428000.0,
        "Reconciled Depreciation": 10263000.0,
        "Reconciled Cost Of Revenue": 329620000.0,
        "EBITDA": 75458000.0,
        "EBIT": 65195000.0,
        "Net Interest Income": NaN,
        "Interest Expense": NaN,
        "Normalized Income": 48832460.0,
        "Net Income From Continuing And Discontinued Operation": 48428000.0,
        "Total Expenses": 544694000.0,
        "Total Operating Income As Reported": 130792000.0,
        "Diluted Average Shares": 29503000.0,
        "Basic Average Shares": 28196000.0,
        "Diluted EPS": 1.64,
        "Basic EPS": 1.72,
        "Diluted NI Availto Com Stockholders": 48428000.0,
        "Net Income Common Stockholders": 48428000.0,
        "Net Income": 48428000.0,
        "Net Income Including Noncontrolling Interests": 48428000.0,
        "Net Income Continuous Operations": 48428000.0,
        "Tax Provision": 16227000.0,
        "Pretax Income": 64655000.0,
        "Other Income Expense": -540000.0,
        "Special Income Charges": -492000.0,
        "Other Special Charges": 492000.0,
        "Earnings From Equity Interest": 0.0,
        "Gain On Sale Of Security": -48000.0,
        "Net Non Operating Interest Income Expense": NaN,
        "Interest Expense Non Operating": NaN,
        "Operating Income": 65195000.0,
        "Operating Expense": 215074000.0,
        "Other Operating Expenses": 54379000.0,
        "Depreciation Amortization Depletion Income Statement": 10263000.0,
        "Depreciation And Amortization In Income Statement": 10263000.0,
        "Selling General And Administration": 150432000.0,
        "Selling And Marketing Expense": 110567000.0,
        "General And Administrative Expense": 39865000.0,
        "Other Gand A": 39865000.0,
        "Gross Profit": 280269000.0,
        "Cost Of Revenue": 329620000.0,
        "Total Revenue": 609889000.0,
        "Operating Revenue": 601208000.0
    },
    "2024-06-30": {
        "Tax Effect Of Unusual Items": -144253.011065,
        "Tax Rate For Calcs": 0.267135,
        "Normalized EBITDA": 84351000.0,
        "Total Unusual Items": -540000.0,
        "Total Unusual Items Excluding Goodwill": -540000.0,
        "Net Income From Continuing Operation Net Minority Interest": 53911000.0,
        "Reconciled Depreciation": 9709000.0,
        "Reconciled Cost Of Revenue": 329199000.0,
        "EBITDA": 83811000.0,
        "EBIT": 74102000.0,
        "Net Interest Income": NaN,
        "Interest Expense": NaN,
        "Normalized Income": 54306746.988935,
        "Net Income From Continuing And Discontinued Operation": 53911000.0,
        "Total Expenses": 554334000.0,
        "Total Operating Income As Reported": 145056000.0,
        "Diluted Average Shares": 27941000.0,
        "Basic Average Shares": 26938000.0,
        "Diluted EPS": 1.93,
        "Basic EPS": 2.0,
        "Diluted NI Availto Com Stockholders": 53911000.0,
        "Net Income Common Stockholders": 53911000.0,
        "Net Income": 53911000.0,
        "Net Income Including Noncontrolling Interests": 53911000.0,
        "Net Income Continuous Operations": 53911000.0,
        "Tax Provision": 19651000.0,
        "Pretax Income": 73562000.0,
        "Other Income Expense": -540000.0,
        "Special Income Charges": -521000.0,
        "Other Special Charges": 521000.0,
        "Earnings From Equity Interest": 0.0,
        "Gain On Sale Of Security": -19000.0,
        "Net Non Operating Interest Income Expense": NaN,
        "Interest Expense Non Operating": NaN,
        "Operating Income": 74102000.0,
        "Operating Expense": 225135000.0,
        "Other Operating Expenses": 54953000.0,
        "Depreciation Amortization Depletion Income Statement": 9709000.0,
        "Depreciation And Amortization In Income Statement": 9709000.0,
        "Selling General And Administration": 160473000.0,
        "Selling And Marketing Expense": 120765000.0,
        "General And Administrative Expense": 39708000.0,
        "Other Gand A": 39708000.0,
        "Gross Profit": 299237000.0,
        "Cost Of Revenue": 329199000.0,
        "Total Revenue": 628436000.0,
        "Operating Revenue": 619340000.0
    }
}