{
    "2023-03-31": {
        "Tax Effect Of Unusual Items": 0.0,
        "Tax Rate For Calcs": 0.4,
        "Normalized EBITDA": -10568000.0,
        "Total Unusual Items": NaN,
        "Total Unusual Items Excluding Goodwill": NaN,
        "Net Income From Continuing Operation Net Minority Interest": -14791000.0,
        "Reconciled Depreciation": 1411000.0,
        "Reconciled Cost Of Revenue": 11937000.0,
        "EBITDA": -10568000.0,
        "EBIT": -11979000.0,
        "Net Interest Income": -2690000.0,
        "Interest Expense": 2789000.0,
        "Interest Income": 99000.0,
        "Normalized Income": -14791000.0,
        "Net Income From Continuing And Discontinued Operation": -14791000.0,
        "Total Expenses": 52113000.0,
        "Total Operating Income As Reported": -12040000.0,
        "Diluted Average Shares": 56475572.0,
        "Basic Average Shares": 56475572.0,
        "Diluted EPS": -0.26,
        "Basic EPS": -0.26,
        "Diluted NI Availto Com Stockholders": -14791000.0,
        "Net Income Common Stockholders": -14791000.0,
        "Net Income": -14791000.0,
        "Net Income Including Noncontrolling Interests": -14791000.0,
        "Net Income Continuous Operations": -14791000.0,
        "Tax Provision": 23000.0,
        "Pretax Income": -14768000.0,
        "Other Income Expense": -1686000.0,
        "Other Non Operating Income Expenses": -1686000.0,
        "Special Income Charges": NaN,
        "Other Special Charges": NaN,
        "Net Non Operating Interest Income Expense": -2690000.0,
        "Interest Expense Non Operating": 2789000.0,
        "Interest Income Non Operating": 99000.0,
        "Operating Income": -10392000.0,
        "Operating Expense": 39967000.0,
        "Depreciation Amortization Depletion Income Statement": 1202000.0,
        "Depreciation And Amortization In Income Statement": 1202000.0,
        "Research And Development": 1381000.0,
        "Selling General And Administration": 37384000.0,
        "Gross Profit": 29575000.0,
        "Cost Of Revenue": 12146000.0,
        "Total Revenue": 41721000.0,
        "Operating Revenue": 41721000.0
    },
    "2022-12-31": {
        "Tax Effect Of Unusual Items": 0.0,
        "Tax Rate For Calcs": 0.21,
        "Normalized EBITDA": -9449000.0,
        "Total Unusual Items": 0.0,
        "Total Unusual Items Excluding Goodwill": 0.0,
        "Net Income From Continuing Operation Net Minority Interest": -13164000.0,
        "Reconciled Depreciation": 1027000.0,
        "Reconciled Cost Of Revenue": 13370000.0,
        "EBITDA": -9449000.0,
        "EBIT": -10476000.0,
        "Net Interest Income": -2554000.0,
        "Interest Expense": 2631000.0,
        "Interest Income": 77000.0,
        "Normalized Income": -13164000.0,
        "Net Income From Continuing And Discontinued Operation": -13164000.0,
        "Total Expenses": 52474000.0,
        "Total Operating Income As Reported": -10637000.0,
        "Diluted Average Shares": 56266000.0,
        "Basic Average Shares": 56266000.0,
        "Diluted EPS": -0.23,
        "Basic EPS": -0.23,
        "Diluted NI Availto Com Stockholders": -13164000.0,
        "Net Income Common Stockholders": -13164000.0,
        "Net Income": -13164000.0,
        "Net Income Including Noncontrolling Interests": -13164000.0,
        "Net Income Continuous Operations": -13164000.0,
        "Tax Provision": 57000.0,
        "Pretax Income": -13107000.0,
        "Other Income Expense": -1725000.0,
        "Other Non Operating Income Expenses": -1725000.0,
        "Special Income Charges": 0.0,
        "Other Special Charges": 0.0,
        "Net Non Operating Interest Income Expense": -2554000.0,
        "Interest Expense Non Operating": 2631000.0,
        "Interest Income Non Operating": 77000.0,
        "Operating Income": -8828000.0,
        "Operating Expense": 39104000.0,
        "Depreciation Amortization Depletion Income Statement": 1027000.0,
        "Depreciation And Amortization In Income Statement": 1027000.0,
        "Research And Development": 1348000.0,
        "Selling General And Administration": 36729000.0,
        "Gross Profit": 30276000.0,
        "Cost Of Revenue": 13370000.0,
        "Total Revenue": 43646000.0,
        "Operating Revenue": 43646000.0
    },
    "2022-09-30": {
        "Tax Effect Of Unusual Items": 0.0,
        "Tax Rate For Calcs": 0.4,
        "Normalized EBITDA": -16804000.0,
        "Total Unusual Items": 0.0,
        "Total Unusual Items Excluding Goodwill": 0.0,
        "Net Income From Continuing Operation Net Minority Interest": -20276000.0,
        "Reconciled Depreciation": 1117000.0,
        "Reconciled Cost Of Revenue": 13293000.0,
        "EBITDA": -16804000.0,
        "EBIT": -17921000.0,
        "Net Interest Income": -2305000.0,
        "Interest Expense": 2343000.0,
        "Interest Income": 38000.0,
        "Normalized Income": -20276000.0,
        "Net Income From Continuing And Discontinued Operation": -20276000.0,
        "Total Expenses": 50580000.0,
        "Total Operating Income As Reported": -17897000.0,
        "Diluted Average Shares": 56176949.0,
        "Basic Average Shares": 56176949.0,
        "Diluted EPS": -0.36,
        "Basic EPS": -0.36,
        "Diluted NI Availto Com Stockholders": -20276000.0,
        "Net Income Common Stockholders": -20276000.0,
        "Net Income": -20276000.0,
        "Net Income Including Noncontrolling Interests": -20276000.0,
        "Net Income Continuous Operations": -20276000.0,
        "Tax Provision": 12000.0,
        "Pretax Income": -20264000.0,
        "Other Income Expense": -1278000.0,
        "Other Non Operating Income Expenses": -1278000.0,
        "Special Income Charges": 0.0,
        "Other Special Charges": NaN,
        "Net Non Operating Interest Income Expense": -2305000.0,
        "Interest Expense Non Operating": 2343000.0,
        "Interest Income Non Operating": 38000.0,
        "Operating Income": -16681000.0,
        "Operating Expense": 37090000.0,
        "Depreciation Amortization Depletion Income Statement": 920000.0,
        "Depreciation And Amortization In Income Statement": 920000.0,
        "Research And Development": 1376000.0,
        "Selling General And Administration": 34794000.0,
        "Gross Profit": 20409000.0,
        "Cost Of Revenue": 13490000.0,
        "Total Revenue": 33899000.0,
        "Operating Revenue": 33899000.0
    },
    "2022-06-30": {
        "Tax Effect Of Unusual Items": -800000.0,
        "Tax Rate For Calcs": 0.4,
        "Normalized EBITDA": -18515000.0,
        "Total Unusual Items": -2000000.0,
        "Total Unusual Items Excluding Goodwill": -2000000.0,
        "Net Income From Continuing Operation Net Minority Interest": -23471000.0,
        "Reconciled Depreciation": 853000.0,
        "Reconciled Cost Of Revenue": 15819000.0,
        "EBITDA": -20515000.0,
        "EBIT": -21368000.0,
        "Net Interest Income": -2071000.0,
        "Interest Expense": 2075000.0,
        "Interest Income": 4000.0,
        "Normalized Income": -22271000.0,
        "Net Income From Continuing And Discontinued Operation": -23471000.0,
        "Total Expenses": 55097000.0,
        "Total Operating Income As Reported": -21348000.0,
        "Diluted Average Shares": 56080000.0,
        "Basic Average Shares": 56080000.0,
        "Diluted EPS": -0.42,
        "Basic EPS": -0.42,
        "Diluted NI Availto Com Stockholders": -23471000.0,
        "Net Income Common Stockholders": -23471000.0,
        "Net Income": -23471000.0,
        "Net Income Including Noncontrolling Interests": -23471000.0,
        "Net Income Continuous Operations": -23471000.0,
        "Tax Provision": 28000.0,
        "Pretax Income": -23443000.0,
        "Other Income Expense": -3438000.0,
        "Other Non Operating Income Expenses": -1438000.0,
        "Special Income Charges": -2000000.0,
        "Other Special Charges": 2000000.0,
        "Net Non Operating Interest Income Expense": -2071000.0,
        "Interest Expense Non Operating": 2075000.0,
        "Interest Income Non Operating": 4000.0,
        "Operating Income": -17934000.0,
        "Operating Expense": 39278000.0,
        "Depreciation Amortization Depletion Income Statement": 853000.0,
        "Depreciation And Amortization In Income Statement": 853000.0,
        "Research And Development": 1550000.0,
        "Selling General And Administration": 36875000.0,
        "Gross Profit": 21344000.0,
        "Cost Of Revenue": 15819000.0,
        "Total Revenue": 37163000.0,
        "Operating Revenue": 37163000.0
    },
    "2023-06-30": {
        "Tax Effect Of Unusual Items": -1776400.0,
        "Tax Rate For Calcs": 0.4,
        "Normalized EBITDA": -9032000.0,
        "Total Unusual Items": -4441000.0,
        "Total Unusual Items Excluding Goodwill": -4441000.0,
        "Net Income From Continuing Operation Net Minority Interest": -18140000.0,
        "Reconciled Depreciation": 1462000.0,
        "Reconciled Cost Of Revenue": 14497000.0,
        "EBITDA": -13473000.0,
        "EBIT": -14935000.0,
        "Net Interest Income": -3018000.0,
        "Interest Expense": 3182000.0,
        "Interest Income": 164000.0,
        "Normalized Income": -15475400.0,
        "Net Income From Continuing And Discontinued Operation": -18140000.0,
        "Total Expenses": 58341000.0,
        "Total Operating Income As Reported": -15118000.0,
        "Diluted Average Shares": 56920260.0,
        "Basic Average Shares": 56920260.0,
        "Diluted EPS": -0.32,
        "Basic EPS": -0.32,
        "Diluted NI Availto Com Stockholders": -18140000.0,
        "Net Income Common Stockholders": -18140000.0,
        "Net Income": -18140000.0,
        "Net Income Including Noncontrolling Interests": -18140000.0,
        "Net Income Continuous Operations": -18140000.0,
        "Tax Provision": 23000.0,
        "Pretax Income": -18117000.0,
        "Other Income Expense": -6104000.0,
        "Other Non Operating Income Expenses": -1663000.0,
        "Special Income Charges": -4441000.0,
        "Other Special Charges": 4441000.0,
        "Net Non Operating Interest Income Expense": -3018000.0,
        "Interest Expense Non Operating": 3182000.0,
        "Interest Income Non Operating": 164000.0,
        "Operating Income": -8995000.0,
        "Operating Expense": 43629000.0,
        "Depreciation Amortization Depletion Income Statement": 1247000.0,
        "Depreciation And Amortization In Income Statement": 1247000.0,
        "Research And Development": 1208000.0,
        "Selling General And Administration": 41174000.0,
        "Gross Profit": 34634000.0,
        "Cost Of Revenue": 14712000.0,
        "Total Revenue": 49346000.0,
        "Operating Revenue": 49346000.0
    },
    "2022-03-31": {
        "Diluted EPS": -0.31,
        "Total Revenue": 34,
        "Gross Profit": 21,
        "Operating Income": -15,
        "EBIT": -14,
        "Net Income": -18
    },
    "2021-12-31": {
        "Diluted EPS": -0.44,
        "Total Revenue": 35,
        "Gross Profit": 19,
        "Operating Income": -18,
        "EBIT": -17,
        "Net Income": -18
    },
    "2021-09-30": {
        "Diluted EPS": -0.35,
        "Total Revenue": 27,
        "Gross Profit": 15,
        "Operating Income": -19,
        "EBIT": -18,
        "Net Income": -19
    },
    "2021-06-30": {
        "Diluted EPS": -0.31,
        "Total Revenue": 26,
        "Gross Profit": 15,
        "Operating Income": -15,
        "EBIT": -13,
        "Net Income": -16
    },
    "2021-03-31": {
        "Diluted EPS": 0.16,
        "Total Revenue": 12,
        "Gross Profit": 7,
        "Operating Income": 8,
        "EBIT": 11,
        "Net Income": 6
    },
    "2020-12-31": {
        "Diluted EPS": -3.27,
        "Total Revenue": 21,
        "Gross Profit": 13,
        "Operating Income": -108,
        "EBIT": -105,
        "Net Income": -111
    },
    "2020-09-30": {
        "Diluted EPS": -0.34,
        "Total Revenue": 18,
        "Gross Profit": 13,
        "Operating Income": -9,
        "EBIT": -6,
        "Net Income": -11
    },
    "2020-06-30": {
        "Diluted EPS": -0.63,
        "Total Revenue": 8,
        "Gross Profit": 6,
        "Operating Income": -19,
        "EBIT": -17,
        "Net Income": -21
    },
    "2020-03-31": {
        "Diluted EPS": -0.59,
        "Total Revenue": 10,
        "Gross Profit": 6,
        "Operating Income": -17,
        "EBIT": -15,
        "Net Income": -20
    },
    "2019-12-31": {
        "Diluted EPS": -0.44,
        "Total Revenue": 19,
        "Gross Profit": 16,
        "Operating Income": -13,
        "EBIT": -10,
        "Net Income": -15
    },
    "2019-09-30": {
        "Diluted EPS": -0.98,
        "Total Revenue": 13,
        "Gross Profit": 9,
        "Operating Income": -25,
        "EBIT": -23,
        "Net Income": -27
    },
    "2019-06-30": {
        "Diluted EPS": -1.37,
        "Total Revenue": 2,
        "Gross Profit": 2,
        "Operating Income": -36,
        "EBIT": -35,
        "Net Income": -38
    },
    "2019-03-31": {
        "Diluted EPS": -0.4,
        "Total Revenue": NaN,
        "Gross Profit": NaN,
        "Operating Income": -25,
        "EBIT": -24,
        "Net Income": -11
    },
    "2018-12-31": {
        "Diluted EPS": -0.45,
        "Total Revenue": NaN,
        "Gross Profit": NaN,
        "Operating Income": -13,
        "EBIT": -12,
        "Net Income": -12
    },
    "2018-09-30": {
        "Diluted EPS": -0.48,
        "Total Revenue": NaN,
        "Gross Profit": NaN,
        "Operating Income": -11,
        "EBIT": -11,
        "Net Income": -12
    },
    "2018-06-30": {
        "Diluted EPS": -0.69,
        "Total Revenue": NaN,
        "Gross Profit": NaN,
        "Operating Income": -16,
        "EBIT": -16,
        "Net Income": -16
    },
    "2018-03-31": {
        "Diluted EPS": -0.3,
        "Total Revenue": NaN,
        "Gross Profit": NaN,
        "Operating Income": -6,
        "EBIT": -6,
        "Net Income": -6
    },
    "2017-12-31": {
        "Diluted EPS": 0.24,
        "Total Revenue": NaN,
        "Gross Profit": NaN,
        "Operating Income": -3,
        "EBIT": -3,
        "Net Income": 4
    },
    "2017-09-30": {
        "Diluted EPS": -0.16,
        "Total Revenue": NaN,
        "Gross Profit": NaN,
        "Operating Income": -3,
        "EBIT": -3,
        "Net Income": -3
    },
    "2017-06-30": {
        "Diluted EPS": -0.14,
        "Total Revenue": NaN,
        "Gross Profit": NaN,
        "Operating Income": -2,
        "EBIT": -2,
        "Net Income": -2
    },
    "2017-03-31": {
        "Diluted EPS": -0.24,
        "Total Revenue": NaN,
        "Gross Profit": NaN,
        "Operating Income": -4,
        "EBIT": -4,
        "Net Income": -4
    },
    "2016-12-31": {
        "Diluted EPS": 0.0,
        "Total Revenue": NaN,
        "Gross Profit": NaN,
        "Operating Income": NaN,
        "EBIT": NaN,
        "Net Income": NaN
    },
    "2015-12-31": {
        "Diluted EPS": 0.0,
        "Total Revenue": NaN,
        "Gross Profit": NaN,
        "Operating Income": NaN,
        "EBIT": NaN,
        "Net Income": NaN
    },
    "2023-09-30": {
        "Tax Effect Of Unusual Items": 0.0,
        "Tax Rate For Calcs": 0.21,
        "Normalized EBITDA": -11802000.0,
        "Total Unusual Items": NaN,
        "Total Unusual Items Excluding Goodwill": NaN,
        "Net Income From Continuing Operation Net Minority Interest": -16923000.0,
        "Reconciled Depreciation": 1311000.0,
        "Reconciled Cost Of Revenue": 15431000.0,
        "EBITDA": -11802000.0,
        "EBIT": -13113000.0,
        "Net Interest Income": -3480000.0,
        "Interest Expense": 3786000.0,
        "Interest Income": 306000.0,
        "Normalized Income": -16923000.0,
        "Net Income From Continuing And Discontinued Operation": -16923000.0,
        "Total Expenses": 61657000.0,
        "Total Operating Income As Reported": -13440000.0,
        "Diluted Average Shares": 57023000.0,
        "Basic Average Shares": 57023000.0,
        "Diluted EPS": -0.3,
        "Basic EPS": -0.3,
        "Diluted NI Availto Com Stockholders": -16923000.0,
        "Net Income Common Stockholders": -16923000.0,
        "Net Income": -16923000.0,
        "Net Income Including Noncontrolling Interests": -16923000.0,
        "Net Income Continuous Operations": -16923000.0,
        "Tax Provision": 24000.0,
        "Pretax Income": -16899000.0,
        "Other Income Expense": -1781000.0,
        "Other Non Operating Income Expenses": -1781000.0,
        "Special Income Charges": NaN,
        "Other Special Charges": NaN,
        "Net Non Operating Interest Income Expense": -3480000.0,
        "Interest Expense Non Operating": 3786000.0,
        "Interest Income Non Operating": 306000.0,
        "Operating Income": -11638000.0,
        "Operating Expense": 46226000.0,
        "Depreciation Amortization Depletion Income Statement": 1311000.0,
        "Depreciation And Amortization In Income Statement": 1311000.0,
        "Research And Development": 1587000.0,
        "Selling General And Administration": 43328000.0,
        "Gross Profit": 34588000.0,
        "Cost Of Revenue": 15431000.0,
        "Total Revenue": 50019000.0,
        "Operating Revenue": 50019000.0
    }
}