{
    "2023-05-31": {
        "Tax Effect Of Unusual Items": -486432.0,
        "Tax Rate For Calcs": 0.216,
        "Normalized EBITDA": 31250000.0,
        "Total Unusual Items": -2252000.0,
        "Total Unusual Items Excluding Goodwill": -2252000.0,
        "Net Income From Continuing Operation Net Minority Interest": 16976000.0,
        "Reconciled Depreciation": 4084000.0,
        "Reconciled Cost Of Revenue": 75668000.0,
        "EBITDA": 28998000.0,
        "EBIT": 24914000.0,
        "Net Interest Income": -3250000.0,
        "Interest Expense": 3250000.0,
        "Normalized Income": 18741568.0,
        "Net Income From Continuing And Discontinued Operation": 12380000.0,
        "Total Expenses": 128562000.0,
        "Total Operating Income As Reported": 25439000.0,
        "Diluted Average Shares": 57432000.0,
        "Basic Average Shares": 57052000.0,
        "Diluted EPS": 0.22,
        "Basic EPS": 0.22,
        "Diluted NI Availto Com Stockholders": 12380000.0,
        "Net Income Common Stockholders": 12380000.0,
        "Net Income": 12380000.0,
        "Net Income Including Noncontrolling Interests": 12380000.0,
        "Net Income Discontinuous Operations": -4596000.0,
        "Net Income Continuous Operations": 16976000.0,
        "Tax Provision": 4688000.0,
        "Pretax Income": 21664000.0,
        "Other Income Expense": -2777000.0,
        "Other Non Operating Income Expenses": -525000.0,
        "Special Income Charges": -2252000.0,
        "Write Off": 0.0,
        "Impairment Of Capital Assets": NaN,
        "Restructuring And Mergern Acquisition": 2252000.0,
        "Net Non Operating Interest Income Expense": -3250000.0,
        "Interest Expense Non Operating": 3250000.0,
        "Operating Income": 27691000.0,
        "Operating Expense": 50167000.0,
        "Depreciation Amortization Depletion Income Statement": 1357000.0,
        "Depreciation And Amortization In Income Statement": 1357000.0,
        "Amortization": 1357000.0,
        "Amortization Of Intangibles Income Statement": 1357000.0,
        "Selling General And Administration": 48810000.0,
        "Gross Profit": 77858000.0,
        "Cost Of Revenue": 78395000.0,
        "Total Revenue": 156253000.0,
        "Operating Revenue": 156253000.0
    },
    "2023-02-28": {
        "Tax Effect Of Unusual Items": -881165.0,
        "Tax Rate For Calcs": 0.295,
        "Normalized EBITDA": 20464000.0,
        "Total Unusual Items": -2987000.0,
        "Total Unusual Items Excluding Goodwill": -2987000.0,
        "Net Income From Continuing Operation Net Minority Interest": 7158000.0,
        "Reconciled Depreciation": 4226000.0,
        "Reconciled Cost Of Revenue": 68716000.0,
        "EBITDA": 17477000.0,
        "EBIT": 13251000.0,
        "Net Interest Income": -3105000.0,
        "Interest Expense": 3105000.0,
        "Normalized Income": 9263835.0,
        "Net Income From Continuing And Discontinued Operation": 4497000.0,
        "Total Expenses": 125001000.0,
        "Total Operating Income As Reported": 13972000.0,
        "Diluted Average Shares": 57500000.0,
        "Basic Average Shares": 57042000.0,
        "Diluted EPS": 0.08,
        "Basic EPS": 0.08,
        "Diluted NI Availto Com Stockholders": 4497000.0,
        "Net Income Common Stockholders": 4497000.0,
        "Net Income": 4497000.0,
        "Net Income Including Noncontrolling Interests": 4497000.0,
        "Net Income Discontinuous Operations": -2661000.0,
        "Net Income Continuous Operations": 7158000.0,
        "Tax Provision": 2988000.0,
        "Pretax Income": 10146000.0,
        "Other Income Expense": -3708000.0,
        "Other Non Operating Income Expenses": -721000.0,
        "Special Income Charges": -2987000.0,
        "Write Off": NaN,
        "Impairment Of Capital Assets": 0.0,
        "Restructuring And Mergern Acquisition": 2987000.0,
        "Net Non Operating Interest Income Expense": -3105000.0,
        "Interest Expense Non Operating": 3105000.0,
        "Operating Income": 16959000.0,
        "Operating Expense": 53408000.0,
        "Depreciation Amortization Depletion Income Statement": 1349000.0,
        "Depreciation And Amortization In Income Statement": 1349000.0,
        "Amortization": 1349000.0,
        "Amortization Of Intangibles Income Statement": 1349000.0,
        "Selling General And Administration": 52059000.0,
        "Gross Profit": 70367000.0,
        "Cost Of Revenue": 71593000.0,
        "Total Revenue": 141960000.0,
        "Operating Revenue": 141960000.0
    },
    "2022-11-30": {
        "Tax Effect Of Unusual Items": NaN,
        "Tax Rate For Calcs": NaN,
        "Normalized EBITDA": NaN,
        "Total Unusual Items": NaN,
        "Total Unusual Items Excluding Goodwill": NaN,
        "Net Income From Continuing Operation Net Minority Interest": NaN,
        "Reconciled Depreciation": NaN,
        "Reconciled Cost Of Revenue": NaN,
        "EBITDA": NaN,
        "EBIT": NaN,
        "Net Interest Income": NaN,
        "Interest Expense": NaN,
        "Normalized Income": NaN,
        "Net Income From Continuing And Discontinued Operation": NaN,
        "Total Expenses": NaN,
        "Total Operating Income As Reported": NaN,
        "Diluted Average Shares": NaN,
        "Basic Average Shares": NaN,
        "Diluted EPS": NaN,
        "Basic EPS": NaN,
        "Diluted NI Availto Com Stockholders": NaN,
        "Net Income Common Stockholders": NaN,
        "Net Income": NaN,
        "Net Income Including Noncontrolling Interests": NaN,
        "Net Income Discontinuous Operations": NaN,
        "Net Income Continuous Operations": NaN,
        "Tax Provision": NaN,
        "Pretax Income": NaN,
        "Other Income Expense": NaN,
        "Other Non Operating Income Expenses": NaN,
        "Special Income Charges": NaN,
        "Write Off": NaN,
        "Impairment Of Capital Assets": 0.0,
        "Restructuring And Mergern Acquisition": NaN,
        "Net Non Operating Interest Income Expense": NaN,
        "Interest Expense Non Operating": NaN,
        "Operating Income": NaN,
        "Operating Expense": NaN,
        "Depreciation Amortization Depletion Income Statement": NaN,
        "Depreciation And Amortization In Income Statement": NaN,
        "Amortization": NaN,
        "Amortization Of Intangibles Income Statement": NaN,
        "Selling General And Administration": NaN,
        "Gross Profit": NaN,
        "Cost Of Revenue": NaN,
        "Total Revenue": NaN,
        "Operating Revenue": NaN
    },
    "2022-08-31": {
        "Tax Effect Of Unusual Items": -114015.432099,
        "Tax Rate For Calcs": 0.026235,
        "Normalized EBITDA": 19357000.0,
        "Total Unusual Items": -4346000.0,
        "Total Unusual Items Excluding Goodwill": -4346000.0,
        "Net Income From Continuing Operation Net Minority Interest": 11358000.0,
        "Reconciled Depreciation": 1628000.0,
        "Reconciled Cost Of Revenue": 78093000.0,
        "EBITDA": 15011000.0,
        "EBIT": 13383000.0,
        "Net Interest Income": -1719000.0,
        "Interest Expense": 1719000.0,
        "Normalized Income": 15589984.567901,
        "Net Income From Continuing And Discontinued Operation": 11168000.0,
        "Total Expenses": 134355000.0,
        "Total Operating Income As Reported": 13126000.0,
        "Diluted Average Shares": 57963000.0,
        "Basic Average Shares": 57524000.0,
        "Diluted EPS": 0.19,
        "Basic EPS": 0.19,
        "Diluted NI Availto Com Stockholders": 11168000.0,
        "Net Income Common Stockholders": 11168000.0,
        "Net Income": 11168000.0,
        "Net Income Including Noncontrolling Interests": 11168000.0,
        "Net Income Discontinuous Operations": -190000.0,
        "Net Income Continuous Operations": 11358000.0,
        "Tax Provision": 306000.0,
        "Pretax Income": 11664000.0,
        "Other Income Expense": -4089000.0,
        "Other Non Operating Income Expenses": 257000.0,
        "Special Income Charges": -4346000.0,
        "Write Off": NaN,
        "Impairment Of Capital Assets": 1297000.0,
        "Restructuring And Mergern Acquisition": 3049000.0,
        "Net Non Operating Interest Income Expense": -1719000.0,
        "Interest Expense Non Operating": 1719000.0,
        "Operating Income": 17472000.0,
        "Operating Expense": 56262000.0,
        "Depreciation Amortization Depletion Income Statement": 1628000.0,
        "Depreciation And Amortization In Income Statement": 1628000.0,
        "Amortization": 1628000.0,
        "Amortization Of Intangibles Income Statement": 1628000.0,
        "Selling General And Administration": 54634000.0,
        "Gross Profit": 73734000.0,
        "Cost Of Revenue": 78093000.0,
        "Total Revenue": 151827000.0,
        "Operating Revenue": 151827000.0
    },
    "2022-05-31": {
        "Tax Effect Of Unusual Items": -130801.0,
        "Tax Rate For Calcs": 0.253,
        "Normalized EBITDA": 11727000.0,
        "Total Unusual Items": -517000.0,
        "Total Unusual Items Excluding Goodwill": -517000.0,
        "Net Income From Continuing Operation Net Minority Interest": 4061000.0,
        "Reconciled Depreciation": 4821000.0,
        "Reconciled Cost Of Revenue": 76818000.0,
        "EBIT": 6389000.0,
        "Net Interest Income": -951000.0,
        "Interest Expense": 951000.0,
        "Normalized Income": 4447199.0,
        "Net Income From Continuing And Discontinued Operation": 1643000.0,
        "Total Expenses": 144734000.0,
        "Total Operating Income As Reported": 6643000.0,
        "Diluted Average Shares": 60610000.0,
        "Basic Average Shares": 60227000.0,
        "Diluted EPS": 0.03,
        "Basic EPS": 0.03,
        "Diluted NI Availto Com Stockholders": 1643000.0,
        "Net Income Common Stockholders": 1643000.0,
        "Net Income": 1643000.0,
        "Net Income Including Noncontrolling Interests": 1643000.0,
        "Net Income Discontinuous Operations": -2418000.0,
        "Net Income Continuous Operations": 4061000.0,
        "Tax Provision": 1377000.0,
        "Pretax Income": 5438000.0,
        "Other Income Expense": -771000.0,
        "Other Non Operating Income Expenses": -254000.0,
        "Special Income Charges": -517000.0,
        "Write Off": NaN,
        "Impairment Of Capital Assets": 0.0,
        "Restructuring And Mergern Acquisition": 517000.0,
        "Net Non Operating Interest Income Expense": -951000.0,
        "Interest Expense Non Operating": 951000.0,
        "Operating Income": 7160000.0,
        "Operating Expense": 64887000.0,
        "Depreciation Amortization Depletion Income Statement": 1792000.0,
        "Depreciation And Amortization In Income Statement": 1792000.0,
        "Amortization": 1792000.0,
        "Amortization Of Intangibles Income Statement": 1792000.0,
        "Selling General And Administration": 63095000.0,
        "Gross Profit": 72047000.0,
        "Cost Of Revenue": 79847000.0,
        "Total Revenue": 151894000.0,
        "Operating Revenue": 151894000.0
    },
    "2022-02-28": {
        "Diluted EPS": 0.02,
        "Total Revenue": 137,
        "Gross Profit": 60,
        "Operating Income": 4,
        "EBIT": 10,
        "Net Income": 1
    },
    "2021-11-30": {
        "Diluted EPS": 0.05,
        "Total Revenue": 131,
        "Gross Profit": 60,
        "Operating Income": 6,
        "EBIT": 12,
        "Net Income": 3
    },
    "2021-08-31": {
        "Diluted EPS": 0.09,
        "Total Revenue": 145,
        "Gross Profit": 66,
        "Operating Income": 14,
        "EBIT": 19,
        "Net Income": 5
    },
    "2021-05-31": {
        "Diluted EPS": 0.41,
        "Total Revenue": 143,
        "Gross Profit": 67,
        "Operating Income": 23,
        "EBIT": 28,
        "Net Income": 25
    },
    "2021-02-28": {
        "Diluted EPS": 0.05,
        "Total Revenue": 121,
        "Gross Profit": 55,
        "Operating Income": 6,
        "EBIT": 11,
        "Net Income": 3
    },
    "2020-11-30": {
        "Diluted EPS": 0.08,
        "Total Revenue": 119,
        "Gross Profit": 55,
        "Operating Income": 9,
        "EBIT": 15,
        "Net Income": 5
    },
    "2020-08-31": {
        "Diluted EPS": 0.02,
        "Total Revenue": 111,
        "Gross Profit": 44,
        "Operating Income": 3,
        "EBIT": 10,
        "Net Income": 1
    },
    "2020-05-31": {
        "Diluted EPS": -0.08,
        "Total Revenue": 102,
        "Gross Profit": 42,
        "Operating Income": -2,
        "EBIT": 4,
        "Net Income": -5
    },
    "2020-02-29": {
        "Diluted EPS": 0.04,
        "Total Revenue": 133,
        "Gross Profit": 62,
        "Operating Income": 9,
        "EBIT": 14,
        "Net Income": 2
    },
    "2019-11-30": {
        "Diluted EPS": 0.03,
        "Total Revenue": 147,
        "Gross Profit": 69,
        "Operating Income": 14,
        "EBIT": 20,
        "Net Income": 2
    },
    "2019-08-31": {
        "Diluted EPS": -4.38,
        "Total Revenue": 158,
        "Gross Profit": 69,
        "Operating Income": 8,
        "EBIT": 13,
        "Net Income": -267
    },
    "2019-05-31": {
        "Diluted EPS": 0.52,
        "Total Revenue": 178,
        "Gross Profit": 82,
        "Operating Income": 38,
        "EBIT": 45,
        "Net Income": 32
    },
    "2019-02-28": {
        "Diluted EPS": 0.04,
        "Total Revenue": 160,
        "Gross Profit": 71,
        "Operating Income": 12,
        "EBIT": 17,
        "Net Income": 3
    },
    "2018-11-30": {
        "Diluted EPS": -0.29,
        "Total Revenue": 159,
        "Gross Profit": 70,
        "Operating Income": -9,
        "EBIT": -3,
        "Net Income": -17
    },
    "2018-08-31": {
        "Diluted EPS": -0.61,
        "Total Revenue": 166,
        "Gross Profit": 73,
        "Operating Income": 19,
        "EBIT": 10,
        "Net Income": -38
    },
    "2018-05-31": {
        "Diluted EPS": 0.48,
        "Total Revenue": 317,
        "Gross Profit": 117,
        "Operating Income": 33,
        "EBIT": 44,
        "Net Income": 29
    },
    "2018-02-28": {
        "Diluted EPS": -0.3,
        "Total Revenue": 275,
        "Gross Profit": 90,
        "Operating Income": 10,
        "EBIT": 21,
        "Net Income": -18
    },
    "2017-11-30": {
        "Diluted EPS": 0.09,
        "Total Revenue": 289,
        "Gross Profit": 101,
        "Operating Income": 15,
        "EBIT": 25,
        "Net Income": 5
    },
    "2017-08-31": {
        "Diluted EPS": -1.65,
        "Total Revenue": 276,
        "Gross Profit": 97,
        "Operating Income": -99,
        "EBIT": -108,
        "Net Income": -99
    },
    "2017-05-31": {
        "Diluted EPS": 0.37,
        "Total Revenue": 295,
        "Gross Profit": 103,
        "Operating Income": 27,
        "EBIT": 38,
        "Net Income": 23
    },
    "2017-02-28": {
        "Diluted EPS": 0.08,
        "Total Revenue": 259,
        "Gross Profit": 87,
        "Operating Income": 13,
        "EBIT": 24,
        "Net Income": 5
    },
    "2016-11-30": {
        "Diluted EPS": 0.08,
        "Total Revenue": 266,
        "Gross Profit": 93,
        "Operating Income": 8,
        "EBIT": 20,
        "Net Income": 5
    },
    "2016-08-31": {
        "Diluted EPS": 0.3,
        "Total Revenue": 276,
        "Gross Profit": 96,
        "Operating Income": 18,
        "EBIT": 30,
        "Net Income": 17
    },
    "2016-05-31": {
        "Diluted EPS": 0.36,
        "Total Revenue": 305,
        "Gross Profit": 108,
        "Operating Income": 28,
        "EBIT": 40,
        "Net Income": 21
    },
    "2016-02-29": {
        "Diluted EPS": -2.7,
        "Total Revenue": 263,
        "Gross Profit": 91,
        "Operating Income": -172,
        "EBIT": -159,
        "Net Income": -159
    },
    "2015-11-30": {
        "Diluted EPS": 0.26,
        "Total Revenue": 305,
        "Gross Profit": 109,
        "Operating Income": 25,
        "EBIT": 38,
        "Net Income": 15
    },
    "2015-08-31": {
        "Diluted EPS": 0.36,
        "Total Revenue": 300,
        "Gross Profit": 107,
        "Operating Income": 29,
        "EBIT": 42,
        "Net Income": 22
    },
    "2015-05-31": {
        "Diluted EPS": 0.63,
        "Total Revenue": 320,
        "Gross Profit": 119,
        "Operating Income": 43,
        "EBIT": 57,
        "Net Income": 38
    },
    "2015-02-28": {
        "Diluted EPS": -1.05,
        "Total Revenue": 301,
        "Gross Profit": 110,
        "Operating Income": -56,
        "EBIT": -43,
        "Net Income": -65
    },
    "2014-11-30": {
        "Diluted EPS": 0.38,
        "Total Revenue": 328,
        "Gross Profit": 127,
        "Operating Income": 38,
        "EBIT": 52,
        "Net Income": 25
    },
    "2014-08-31": {
        "Diluted EPS": 0.52,
        "Total Revenue": 354,
        "Gross Profit": 142,
        "Operating Income": 62,
        "EBIT": 76,
        "Net Income": 36
    },
    "2014-05-31": {
        "Diluted EPS": 0.7,
        "Total Revenue": 378,
        "Gross Profit": 149,
        "Operating Income": 59,
        "EBIT": 74,
        "Net Income": 51
    },
    "2014-02-28": {
        "Diluted EPS": 0.56,
        "Total Revenue": 328,
        "Gross Profit": 124,
        "Operating Income": 39,
        "EBIT": 55,
        "Net Income": 41
    },
    "2013-11-30": {
        "Diluted EPS": 0.48,
        "Total Revenue": 340,
        "Gross Profit": 132,
        "Operating Income": 44,
        "EBIT": 60,
        "Net Income": 36
    },
    "2013-08-31": {
        "Diluted EPS": 0.77,
        "Total Revenue": 327,
        "Gross Profit": 130,
        "Operating Income": 53,
        "EBIT": 64,
        "Net Income": 58
    },
    "2013-05-31": {
        "Diluted EPS": -1.24,
        "Total Revenue": 344,
        "Gross Profit": 137,
        "Operating Income": 57,
        "EBIT": 71,
        "Net Income": -93
    },
    "2013-02-28": {
        "Diluted EPS": 0.38,
        "Total Revenue": 300,
        "Gross Profit": 116,
        "Operating Income": 37,
        "EBIT": 52,
        "Net Income": 28
    },
    "2012-11-30": {
        "Diluted EPS": 0.49,
        "Total Revenue": 308,
        "Gross Profit": 124,
        "Operating Income": 43,
        "EBIT": 58,
        "Net Income": 36
    },
    "2012-08-31": {
        "Diluted EPS": -0.21,
        "Total Revenue": 162,
        "Gross Profit": 79,
        "Operating Income": 39,
        "EBIT": 53,
        "Net Income": -16
    },
    "2012-05-31": {
        "Diluted EPS": 0.45,
        "Total Revenue": 343,
        "Gross Profit": 139,
        "Operating Income": 59,
        "EBIT": 73,
        "Net Income": 34
    },
    "2012-02-29": {
        "Diluted EPS": 0.43,
        "Total Revenue": 378,
        "Gross Profit": 141,
        "Operating Income": 49,
        "EBIT": 63,
        "Net Income": 32
    },
    "2011-11-30": {
        "Diluted EPS": 0.5,
        "Total Revenue": 393,
        "Gross Profit": 153,
        "Operating Income": 57,
        "EBIT": 71,
        "Net Income": 37
    },
    "2011-08-31": {
        "Diluted EPS": 0.55,
        "Total Revenue": 117,
        "Gross Profit": 64,
        "Operating Income": 36,
        "EBIT": 52,
        "Net Income": 41
    },
    "2011-05-31": {
        "Diluted EPS": 0.49,
        "Total Revenue": 393,
        "Gross Profit": 154,
        "Operating Income": 58,
        "EBIT": 71,
        "Net Income": 36
    },
    "2011-02-28": {
        "Diluted EPS": 0.11,
        "Total Revenue": 331,
        "Gross Profit": 125,
        "Operating Income": 37,
        "EBIT": 51,
        "Net Income": 8
    },
    "2010-11-30": {
        "Diluted EPS": 0.35,
        "Total Revenue": 318,
        "Gross Profit": 122,
        "Operating Income": 42,
        "EBIT": 55,
        "Net Income": 26
    },
    "2010-08-31": {
        "Diluted EPS": -0.22,
        "Total Revenue": 310,
        "Gross Profit": 115,
        "Operating Income": 38,
        "EBIT": 51,
        "Net Income": -17
    },
    "2010-05-31": {
        "Diluted EPS": 0.3,
        "Total Revenue": 310,
        "Gross Profit": 116,
        "Operating Income": 40,
        "EBIT": 53,
        "Net Income": 22
    },
    "2010-02-28": {
        "Diluted EPS": 0.1,
        "Total Revenue": 267,
        "Gross Profit": 96,
        "Operating Income": 17,
        "EBIT": 33,
        "Net Income": 7
    },
    "2009-11-30": {
        "Diluted EPS": 0.17,
        "Total Revenue": 273,
        "Gross Profit": 100,
        "Operating Income": 27,
        "EBIT": 40,
        "Net Income": 12
    },
    "2009-08-31": {
        "Diluted EPS": 0.26,
        "Total Revenue": 168,
        "Gross Profit": 68,
        "Operating Income": 18,
        "EBIT": 36,
        "Net Income": 17
    },
    "2009-05-31": {
        "Diluted EPS": -0.27,
        "Total Revenue": 285,
        "Gross Profit": 95,
        "Operating Income": 11,
        "EBIT": 22,
        "Net Income": -18
    },
    "2009-02-28": {
        "Diluted EPS": 0.06,
        "Total Revenue": 294,
        "Gross Profit": 95,
        "Operating Income": 13,
        "EBIT": 27,
        "Net Income": 3
    },
    "2023-08-31": {
        "Tax Effect Of Unusual Items": 968450.982471,
        "Tax Rate For Calcs": 0.183453,
        "Normalized EBITDA": 30046000.0,
        "Total Unusual Items": 5279000.0,
        "Total Unusual Items Excluding Goodwill": 5279000.0,
        "Net Income From Continuing Operation Net Minority Interest": 23105000.0,
        "Reconciled Depreciation": 3810000.0,
        "Reconciled Cost Of Revenue": 78928000.0,
        "EBITDA": 35325000.0,
        "EBIT": 31515000.0,
        "Net Interest Income": -3219000.0,
        "Interest Expense": 3219000.0,
        "Normalized Income": 18794450.982471,
        "Net Income From Continuing And Discontinued Operation": 22231000.0,
        "Total Expenses": 133686000.0,
        "Total Operating Income As Reported": 32202000.0,
        "Diluted Average Shares": 56219000.0,
        "Basic Average Shares": 55740000.0,
        "Diluted EPS": 0.4,
        "Basic EPS": 0.4,
        "Diluted NI Availto Com Stockholders": 22231000.0,
        "Net Income Common Stockholders": 22231000.0,
        "Net Income": 22231000.0,
        "Net Income Including Noncontrolling Interests": 22231000.0,
        "Net Income Discontinuous Operations": -874000.0,
        "Net Income Continuous Operations": 23105000.0,
        "Tax Provision": 5191000.0,
        "Pretax Income": 28296000.0,
        "Other Income Expense": 4592000.0,
        "Other Non Operating Income Expenses": -687000.0,
        "Special Income Charges": 5279000.0,
        "Write Off": -6155000.0,
        "Impairment Of Capital Assets": NaN,
        "Restructuring And Mergern Acquisition": 876000.0,
        "Net Non Operating Interest Income Expense": -3219000.0,
        "Interest Expense Non Operating": 3219000.0,
        "Operating Income": 26923000.0,
        "Operating Expense": 51985000.0,
        "Depreciation Amortization Depletion Income Statement": 1037000.0,
        "Depreciation And Amortization In Income Statement": 1037000.0,
        "Amortization": 1037000.0,
        "Amortization Of Intangibles Income Statement": 1037000.0,
        "Selling General And Administration": 50948000.0,
        "Gross Profit": 78908000.0,
        "Cost Of Revenue": 81701000.0,
        "Total Revenue": 160609000.0,
        "Operating Revenue": 160609000.0
    },
    "2023-11-30": {
        "Tax Effect Of Unusual Items": -601328.0,
        "Tax Rate For Calcs": 0.236,
        "Normalized EBITDA": 33645000.0,
        "Total Unusual Items": -2548000.0,
        "Total Unusual Items Excluding Goodwill": -2548000.0,
        "Net Income From Continuing Operation Net Minority Interest": 18305000.0,
        "Reconciled Depreciation": 3426000.0,
        "Reconciled Cost Of Revenue": 65118000.0,
        "EBITDA": 31097000.0,
        "EBIT": 27671000.0,
        "Net Interest Income": -3697000.0,
        "Interest Expense": 3697000.0,
        "Normalized Income": 20251672.0,
        "Net Income From Continuing And Discontinued Operation": 17738000.0,
        "Total Expenses": 110760000.0,
        "Total Operating Income As Reported": 28662000.0,
        "Diluted Average Shares": 55008000.0,
        "Basic Average Shares": 54527000.0,
        "Diluted EPS": 0.32,
        "Basic EPS": 0.33,
        "Diluted NI Availto Com Stockholders": 17738000.0,
        "Net Income Common Stockholders": 17738000.0,
        "Net Income": 17738000.0,
        "Net Income Including Noncontrolling Interests": 17738000.0,
        "Net Income Discontinuous Operations": -567000.0,
        "Net Income Continuous Operations": 18305000.0,
        "Tax Provision": 5669000.0,
        "Pretax Income": 23974000.0,
        "Other Income Expense": -3539000.0,
        "Other Non Operating Income Expenses": -991000.0,
        "Special Income Charges": -2548000.0,
        "Write Off": NaN,
        "Impairment Of Capital Assets": 147000.0,
        "Restructuring And Mergern Acquisition": 2401000.0,
        "Net Non Operating Interest Income Expense": -3697000.0,
        "Interest Expense Non Operating": 3697000.0,
        "Operating Income": 31210000.0,
        "Operating Expense": 43040000.0,
        "Depreciation Amortization Depletion Income Statement": 824000.0,
        "Depreciation And Amortization In Income Statement": 824000.0,
        "Amortization": 824000.0,
        "Amortization Of Intangibles Income Statement": 824000.0,
        "Selling General And Administration": 42216000.0,
        "Gross Profit": 74250000.0,
        "Cost Of Revenue": 67720000.0,
        "Total Revenue": 141970000.0,
        "Operating Revenue": 141970000.0
    },
    "2024-02-29": {
        "Tax Effect Of Unusual Items": -116614.0,
        "Tax Rate For Calcs": 0.293,
        "Normalized EBITDA": 32704000.0,
        "Total Unusual Items": -398000.0,
        "Total Unusual Items Excluding Goodwill": -398000.0,
        "Net Income From Continuing Operation Net Minority Interest": 17871000.0,
        "Reconciled Depreciation": 3328000.0,
        "Reconciled Cost Of Revenue": 64467000.0,
        "EBITDA": 32306000.0,
        "EBIT": 28978000.0,
        "Net Interest Income": -3711000.0,
        "Interest Expense": 3711000.0,
        "Normalized Income": 18152386.0,
        "Net Income From Continuing And Discontinued Operation": 17817000.0,
        "Total Expenses": 108518000.0,
        "Total Operating Income As Reported": 29521000.0,
        "Diluted Average Shares": 54685000.0,
        "Basic Average Shares": 54213000.0,
        "Diluted EPS": 0.33,
        "Basic EPS": 0.33,
        "Diluted NI Availto Com Stockholders": 17817000.0,
        "Net Income Common Stockholders": 17817000.0,
        "Net Income": 17817000.0,
        "Net Income Including Noncontrolling Interests": 17817000.0,
        "Net Income Discontinuous Operations": -54000.0,
        "Net Income Continuous Operations": 17871000.0,
        "Tax Provision": 7396000.0,
        "Pretax Income": 25267000.0,
        "Other Income Expense": -941000.0,
        "Other Non Operating Income Expenses": -543000.0,
        "Special Income Charges": -398000.0,
        "Write Off": NaN,
        "Impairment Of Capital Assets": 0.0,
        "Restructuring And Mergern Acquisition": 398000.0,
        "Net Non Operating Interest Income Expense": -3711000.0,
        "Interest Expense Non Operating": 3711000.0,
        "Operating Income": 29919000.0,
        "Operating Expense": 41556000.0,
        "Depreciation Amortization Depletion Income Statement": 833000.0,
        "Depreciation And Amortization In Income Statement": 833000.0,
        "Amortization": 833000.0,
        "Amortization Of Intangibles Income Statement": 833000.0,
        "Selling General And Administration": 40723000.0,
        "Gross Profit": 71475000.0,
        "Cost Of Revenue": 66962000.0,
        "Total Revenue": 138437000.0,
        "Operating Revenue": 138437000.0
    }
}