{
    "2023-03-31": {
        "Tax Effect Of Unusual Items": NaN,
        "Tax Rate For Calcs": NaN,
        "Normalized EBITDA": NaN,
        "Total Unusual Items": NaN,
        "Total Unusual Items Excluding Goodwill": NaN,
        "Net Income From Continuing Operation Net Minority Interest": NaN,
        "Reconciled Depreciation": NaN,
        "Reconciled Cost Of Revenue": NaN,
        "EBITDA": NaN,
        "EBIT": NaN,
        "Net Interest Income": NaN,
        "Interest Income": NaN,
        "Normalized Income": NaN,
        "Net Income From Continuing And Discontinued Operation": NaN,
        "Total Expenses": NaN,
        "Total Operating Income As Reported": NaN,
        "Diluted Average Shares": NaN,
        "Basic Average Shares": NaN,
        "Diluted EPS": NaN,
        "Basic EPS": NaN,
        "Diluted NI Availto Com Stockholders": NaN,
        "Net Income Common Stockholders": NaN,
        "Net Income": NaN,
        "Net Income Including Noncontrolling Interests": NaN,
        "Net Income Continuous Operations": NaN,
        "Tax Provision": NaN,
        "Pretax Income": NaN,
        "Other Income Expense": NaN,
        "Special Income Charges": NaN,
        "Gain On Sale Of Business": NaN,
        "Gain On Sale Of Security": NaN,
        "Net Non Operating Interest Income Expense": NaN,
        "Total Other Finance Cost": -11521000.0,
        "Interest Income Non Operating": NaN,
        "Operating Income": NaN,
        "Operating Expense": NaN,
        "Depreciation Amortization Depletion Income Statement": NaN,
        "Depreciation And Amortization In Income Statement": NaN,
        "Selling General And Administration": NaN,
        "Gross Profit": NaN,
        "Cost Of Revenue": NaN,
        "Total Revenue": NaN,
        "Operating Revenue": NaN
    },
    "2022-12-31": {
        "Tax Effect Of Unusual Items": NaN,
        "Tax Rate For Calcs": NaN,
        "Normalized EBITDA": NaN,
        "Total Unusual Items": NaN,
        "Total Unusual Items Excluding Goodwill": NaN,
        "Net Income From Continuing Operation Net Minority Interest": NaN,
        "Reconciled Depreciation": NaN,
        "Reconciled Cost Of Revenue": NaN,
        "EBITDA": NaN,
        "EBIT": NaN,
        "Net Interest Income": NaN,
        "Interest Income": NaN,
        "Normalized Income": NaN,
        "Net Income From Continuing And Discontinued Operation": NaN,
        "Total Expenses": NaN,
        "Total Operating Income As Reported": NaN,
        "Diluted Average Shares": NaN,
        "Basic Average Shares": NaN,
        "Diluted EPS": NaN,
        "Basic EPS": NaN,
        "Diluted NI Availto Com Stockholders": NaN,
        "Net Income Common Stockholders": NaN,
        "Net Income": NaN,
        "Net Income Including Noncontrolling Interests": NaN,
        "Net Income Continuous Operations": NaN,
        "Tax Provision": NaN,
        "Pretax Income": NaN,
        "Other Income Expense": NaN,
        "Special Income Charges": NaN,
        "Gain On Sale Of Business": NaN,
        "Gain On Sale Of Security": NaN,
        "Net Non Operating Interest Income Expense": NaN,
        "Total Other Finance Cost": -4383000.0,
        "Interest Income Non Operating": NaN,
        "Operating Income": NaN,
        "Operating Expense": NaN,
        "Depreciation Amortization Depletion Income Statement": NaN,
        "Depreciation And Amortization In Income Statement": NaN,
        "Selling General And Administration": NaN,
        "Gross Profit": NaN,
        "Cost Of Revenue": NaN,
        "Total Revenue": NaN,
        "Operating Revenue": NaN
    },
    "2022-09-30": {
        "Tax Effect Of Unusual Items": NaN,
        "Tax Rate For Calcs": NaN,
        "Normalized EBITDA": NaN,
        "Total Unusual Items": NaN,
        "Total Unusual Items Excluding Goodwill": NaN,
        "Net Income From Continuing Operation Net Minority Interest": NaN,
        "Reconciled Depreciation": NaN,
        "Reconciled Cost Of Revenue": NaN,
        "EBITDA": NaN,
        "EBIT": NaN,
        "Net Interest Income": NaN,
        "Interest Income": NaN,
        "Normalized Income": NaN,
        "Net Income From Continuing And Discontinued Operation": NaN,
        "Total Expenses": NaN,
        "Total Operating Income As Reported": NaN,
        "Diluted Average Shares": NaN,
        "Basic Average Shares": NaN,
        "Diluted EPS": NaN,
        "Basic EPS": NaN,
        "Diluted NI Availto Com Stockholders": NaN,
        "Net Income Common Stockholders": NaN,
        "Net Income": NaN,
        "Net Income Including Noncontrolling Interests": NaN,
        "Net Income Continuous Operations": NaN,
        "Tax Provision": NaN,
        "Pretax Income": NaN,
        "Other Income Expense": NaN,
        "Special Income Charges": 0.0,
        "Gain On Sale Of Business": 0.0,
        "Gain On Sale Of Security": NaN,
        "Net Non Operating Interest Income Expense": NaN,
        "Total Other Finance Cost": -4228000.0,
        "Interest Income Non Operating": NaN,
        "Operating Income": NaN,
        "Operating Expense": NaN,
        "Depreciation Amortization Depletion Income Statement": NaN,
        "Depreciation And Amortization In Income Statement": NaN,
        "Selling General And Administration": NaN,
        "Gross Profit": NaN,
        "Cost Of Revenue": NaN,
        "Total Revenue": NaN,
        "Operating Revenue": NaN
    },
    "2022-06-30": {
        "Tax Effect Of Unusual Items": -34376400.0,
        "Tax Rate For Calcs": 0.4,
        "Normalized EBITDA": 201952000.0,
        "Total Unusual Items": -85941000.0,
        "Total Unusual Items Excluding Goodwill": -85941000.0,
        "Net Income From Continuing Operation Net Minority Interest": 18604000.0,
        "Reconciled Depreciation": 22991000.0,
        "Reconciled Cost Of Revenue": 846323000.0,
        "EBITDA": 116011000.0,
        "EBIT": 93020000.0,
        "Net Interest Income": 1579000.0,
        "Interest Income": 1579000.0,
        "Normalized Income": 70168600.0,
        "Net Income From Continuing And Discontinued Operation": 18604000.0,
        "Total Expenses": 1101841000.0,
        "Total Operating Income As Reported": 93020000.0,
        "Diluted Average Shares": 59020000.0,
        "Basic Average Shares": 57240000.0,
        "Diluted EPS": 0.32,
        "Basic EPS": 0.33,
        "Diluted NI Availto Com Stockholders": 18604000.0,
        "Net Income Common Stockholders": 18604000.0,
        "Net Income": 18604000.0,
        "Net Income Including Noncontrolling Interests": 18604000.0,
        "Net Income Continuous Operations": 18604000.0,
        "Tax Provision": -9946000.0,
        "Pretax Income": 8658000.0,
        "Other Income Expense": -85941000.0,
        "Gain On Sale Of Security": -85941000.0,
        "Net Non Operating Interest Income Expense": 1579000.0,
        "Total Other Finance Cost": NaN,
        "Interest Income Non Operating": 1579000.0,
        "Operating Income": 93020000.0,
        "Operating Expense": 255518000.0,
        "Depreciation Amortization Depletion Income Statement": 22991000.0,
        "Depreciation And Amortization In Income Statement": 22991000.0,
        "Selling General And Administration": 232527000.0,
        "Gross Profit": 348538000.0,
        "Cost Of Revenue": 846323000.0,
        "Total Revenue": 1194861000.0,
        "Operating Revenue": 1194861000.0
    },
    "2023-06-30": {
        "Tax Effect Of Unusual Items": -1202000.0,
        "Tax Rate For Calcs": 0.2,
        "Normalized EBITDA": 183709000.0,
        "Total Unusual Items": -6010000.0,
        "Total Unusual Items Excluding Goodwill": -6010000.0,
        "Net Income From Continuing Operation Net Minority Interest": 120033000.0,
        "Reconciled Depreciation": 33353000.0,
        "Reconciled Cost Of Revenue": 798130000.0,
        "EBITDA": 177699000.0,
        "EBIT": 144346000.0,
        "Net Interest Income": 11710000.0,
        "Interest Income": 11710000.0,
        "Normalized Income": 124841000.0,
        "Net Income From Continuing And Discontinued Operation": 120033000.0,
        "Total Expenses": 1025860000.0,
        "Total Operating Income As Reported": 144346000.0,
        "Diluted Average Shares": 59181000.0,
        "Basic Average Shares": 57993000.0,
        "Diluted EPS": 2.03,
        "Basic EPS": 2.07,
        "Diluted NI Availto Com Stockholders": 120033000.0,
        "Net Income Common Stockholders": 120033000.0,
        "Net Income": 120033000.0,
        "Net Income Including Noncontrolling Interests": 120033000.0,
        "Net Income Continuous Operations": 120033000.0,
        "Tax Provision": 30013000.0,
        "Pretax Income": 150046000.0,
        "Other Income Expense": -6010000.0,
        "Special Income Charges": NaN,
        "Gain On Sale Of Business": NaN,
        "Gain On Sale Of Security": -6010000.0,
        "Net Non Operating Interest Income Expense": 11710000.0,
        "Total Other Finance Cost": NaN,
        "Interest Income Non Operating": 11710000.0,
        "Operating Income": 144346000.0,
        "Operating Expense": 217145000.0,
        "Depreciation Amortization Depletion Income Statement": 22768000.0,
        "Depreciation And Amortization In Income Statement": 22768000.0,
        "Selling General And Administration": 194377000.0,
        "Gross Profit": 361491000.0,
        "Cost Of Revenue": 808715000.0,
        "Total Revenue": 1170206000.0,
        "Operating Revenue": 1170206000.0
    },
    "2022-03-31": {
        "Diluted EPS": 1.52,
        "Total Revenue": NaN,
        "Gross Profit": 391,
        "Operating Income": 129,
        "EBIT": 154,
        "Net Income": 90
    },
    "2021-12-31": {
        "Diluted EPS": 2.4,
        "Total Revenue": NaN,
        "Gross Profit": 380,
        "Operating Income": 166,
        "EBIT": 189,
        "Net Income": 142
    },
    "2021-09-30": {
        "Diluted EPS": 1.95,
        "Total Revenue": 989,
        "Gross Profit": 335,
        "Operating Income": 144,
        "EBIT": 166,
        "Net Income": 116
    },
    "2021-06-30": {
        "Diluted EPS": 1.94,
        "Total Revenue": 881,
        "Gross Profit": 298,
        "Operating Income": 125,
        "EBIT": 146,
        "Net Income": 115
    },
    "2021-03-31": {
        "Diluted EPS": 1.86,
        "Total Revenue": 781,
        "Gross Profit": 261,
        "Operating Income": 107,
        "EBIT": 125,
        "Net Income": 109
    },
    "2020-12-31": {
        "Diluted EPS": 1.46,
        "Total Revenue": 723,
        "Gross Profit": 258,
        "Operating Income": 112,
        "EBIT": 129,
        "Net Income": 86
    },
    "2020-09-30": {
        "Diluted EPS": 1.53,
        "Total Revenue": 652,
        "Gross Profit": 229,
        "Operating Income": 96,
        "EBIT": 112,
        "Net Income": 89
    },
    "2020-06-30": {
        "Diluted EPS": 1.14,
        "Total Revenue": 632,
        "Gross Profit": 213,
        "Operating Income": 83,
        "EBIT": 99,
        "Net Income": 67
    },
    "2020-03-31": {
        "Diluted EPS": 1.47,
        "Total Revenue": 651,
        "Gross Profit": 228,
        "Operating Income": 88,
        "EBIT": 102,
        "Net Income": 86
    },
    "2019-12-31": {
        "Diluted EPS": 1.29,
        "Total Revenue": 633,
        "Gross Profit": 223,
        "Operating Income": 85,
        "EBIT": 98,
        "Net Income": 75
    },
    "2019-09-30": {
        "Diluted EPS": 1.16,
        "Total Revenue": 588,
        "Gross Profit": 211,
        "Operating Income": 81,
        "EBIT": 92,
        "Net Income": 67
    },
    "2019-06-30": {
        "Diluted EPS": 1.02,
        "Total Revenue": 552,
        "Gross Profit": 196,
        "Operating Income": 73,
        "EBIT": 84,
        "Net Income": 59
    },
    "2019-03-31": {
        "Diluted EPS": 1.06,
        "Total Revenue": 521,
        "Gross Profit": 177,
        "Operating Income": 65,
        "EBIT": 75,
        "Net Income": 61
    },
    "2018-12-31": {
        "Diluted EPS": 1.05,
        "Total Revenue": 505,
        "Gross Profit": 186,
        "Operating Income": 78,
        "EBIT": 88,
        "Net Income": 60
    },
    "2018-09-30": {
        "Diluted EPS": 1.15,
        "Total Revenue": 468,
        "Gross Profit": 167,
        "Operating Income": 65,
        "EBIT": 74,
        "Net Income": 66
    },
    "2018-06-30": {
        "Diluted EPS": 0.89,
        "Total Revenue": 446,
        "Gross Profit": 156,
        "Operating Income": 54,
        "EBIT": 63,
        "Net Income": 50
    },
    "2018-03-31": {
        "Diluted EPS": 1.15,
        "Total Revenue": 424,
        "Gross Profit": 147,
        "Operating Income": 49,
        "EBIT": 57,
        "Net Income": 64
    },
    "2017-12-31": {
        "Diluted EPS": -0.57,
        "Total Revenue": 399,
        "Gross Profit": 145,
        "Operating Income": 52,
        "EBIT": 60,
        "Net Income": -31
    },
    "2017-09-30": {
        "Diluted EPS": 0.77,
        "Total Revenue": 378,
        "Gross Profit": 138,
        "Operating Income": 49,
        "EBIT": 56,
        "Net Income": 43
    },
    "2017-06-30": {
        "Diluted EPS": 0.68,
        "Total Revenue": 349,
        "Gross Profit": 129,
        "Operating Income": 41,
        "EBIT": 48,
        "Net Income": 37
    },
    "2017-03-31": {
        "Diluted EPS": 0.44,
        "Total Revenue": 325,
        "Gross Profit": 117,
        "Operating Income": 31,
        "EBIT": 38,
        "Net Income": 24
    },
    "2016-12-31": {
        "Diluted EPS": 0.47,
        "Total Revenue": 314,
        "Gross Profit": 115,
        "Operating Income": 37,
        "EBIT": 44,
        "Net Income": 25
    },
    "2016-09-30": {
        "Diluted EPS": 0.49,
        "Total Revenue": 298,
        "Gross Profit": 107,
        "Operating Income": 34,
        "EBIT": 40,
        "Net Income": 26
    },
    "2016-06-30": {
        "Diluted EPS": 0.46,
        "Total Revenue": 284,
        "Gross Profit": 103,
        "Operating Income": 32,
        "EBIT": 38,
        "Net Income": 24
    },
    "2016-03-31": {
        "Diluted EPS": 0.45,
        "Total Revenue": 264,
        "Gross Profit": 97,
        "Operating Income": 30,
        "EBIT": 35,
        "Net Income": 24
    },
    "2015-12-31": {
        "Diluted EPS": 0.52,
        "Total Revenue": 260,
        "Gross Profit": 102,
        "Operating Income": 32,
        "EBIT": 37,
        "Net Income": 28
    },
    "2015-09-30": {
        "Diluted EPS": 0.44,
        "Total Revenue": 236,
        "Gross Profit": 88,
        "Operating Income": 28,
        "EBIT": 32,
        "Net Income": 23
    },
    "2015-06-30": {
        "Diluted EPS": 0.37,
        "Total Revenue": 218,
        "Gross Profit": 84,
        "Operating Income": 24,
        "EBIT": 28,
        "Net Income": 19
    },
    "2015-03-31": {
        "Diluted EPS": 0.29,
        "Total Revenue": 200,
        "Gross Profit": 74,
        "Operating Income": 23,
        "EBIT": 27,
        "Net Income": 15
    },
    "2014-12-31": {
        "Diluted EPS": 0.37,
        "Total Revenue": 202,
        "Gross Profit": 81,
        "Operating Income": 24,
        "EBIT": 27,
        "Net Income": 18
    },
    "2014-09-30": {
        "Diluted EPS": 0.38,
        "Total Revenue": 193,
        "Gross Profit": 70,
        "Operating Income": 22,
        "EBIT": 27,
        "Net Income": 19
    },
    "2014-06-30": {
        "Diluted EPS": 0.3,
        "Total Revenue": 175,
        "Gross Profit": 65,
        "Operating Income": 18,
        "EBIT": 24,
        "Net Income": 15
    },
    "2014-03-31": {
        "Diluted EPS": 0.35,
        "Total Revenue": 160,
        "Gross Profit": 58,
        "Operating Income": 22,
        "EBIT": 26,
        "Net Income": 17
    },
    "2013-12-31": {
        "Diluted EPS": 0.38,
        "Total Revenue": 158,
        "Gross Profit": 60,
        "Operating Income": 23,
        "EBIT": 27,
        "Net Income": 19
    },
    "2013-09-30": {
        "Diluted EPS": 0.34,
        "Total Revenue": 140,
        "Gross Profit": 52,
        "Operating Income": 20,
        "EBIT": 24,
        "Net Income": 16
    },
    "2013-06-30": {
        "Diluted EPS": 0.29,
        "Total Revenue": 133,
        "Gross Profit": 50,
        "Operating Income": 18,
        "EBIT": 21,
        "Net Income": 14
    },
    "2013-03-31": {
        "Diluted EPS": 0.27,
        "Total Revenue": 124,
        "Gross Profit": 46,
        "Operating Income": 16,
        "EBIT": 19,
        "Net Income": 13
    },
    "2012-12-31": {
        "Diluted EPS": 0.31,
        "Total Revenue": 126,
        "Gross Profit": 48,
        "Operating Income": 19,
        "EBIT": 22,
        "Net Income": 15
    },
    "2012-09-30": {
        "Diluted EPS": 0.3,
        "Total Revenue": 110,
        "Gross Profit": 41,
        "Operating Income": 17,
        "EBIT": 20,
        "Net Income": 14
    },
    "2012-06-30": {
        "Diluted EPS": 0.29,
        "Total Revenue": 104,
        "Gross Profit": 40,
        "Operating Income": 17,
        "EBIT": 19,
        "Net Income": 13
    },
    "2012-03-31": {
        "Diluted EPS": 0.27,
        "Total Revenue": 94,
        "Gross Profit": 34,
        "Operating Income": 14,
        "EBIT": 16,
        "Net Income": 9
    },
    "2011-12-31": {
        "Diluted EPS": 0.53,
        "Total Revenue": 95,
        "Gross Profit": 36,
        "Operating Income": 15,
        "EBIT": 17,
        "Net Income": 9
    },
    "2011-09-30": {
        "Diluted EPS": 0.33,
        "Total Revenue": 86,
        "Gross Profit": 35,
        "Operating Income": 17,
        "EBIT": 19,
        "Net Income": 6
    },
    "2011-06-30": {
        "Diluted EPS": -0.41,
        "Total Revenue": 80,
        "Gross Profit": 31,
        "Operating Income": 11,
        "EBIT": 15,
        "Net Income": -7
    },
    "2011-03-31": {
        "Diluted EPS": 0.18,
        "Total Revenue": 73,
        "Gross Profit": 27,
        "Operating Income": 12,
        "EBIT": 14,
        "Net Income": 3
    },
    "2010-12-31": {
        "Diluted EPS": 0.27,
        "Total Revenue": 71,
        "Gross Profit": -36,
        "Operating Income": -80,
        "EBIT": -78,
        "Net Income": 12
    },
    "2010-09-30": {
        "Diluted EPS": 0.0,
        "Total Revenue": NaN,
        "Gross Profit": NaN,
        "Operating Income": NaN,
        "EBIT": 2,
        "Net Income": NaN
    },
    "2010-06-30": {
        "Diluted EPS": 0.0,
        "Total Revenue": NaN,
        "Gross Profit": NaN,
        "Operating Income": NaN,
        "EBIT": 2,
        "Net Income": NaN
    },
    "2010-03-31": {
        "Diluted EPS": 1.51,
        "Total Revenue": 42,
        "Gross Profit": 16,
        "Operating Income": 4,
        "EBIT": 5,
        "Net Income": 3
    },
    "2009-12-31": {
        "Diluted EPS": 0.0,
        "Total Revenue": NaN,
        "Gross Profit": NaN,
        "Operating Income": NaN,
        "EBIT": NaN,
        "Net Income": NaN
    },
    "2023-09-30": {
        "Tax Effect Of Unusual Items": -5793627.0,
        "Tax Rate For Calcs": 0.263,
        "Normalized EBITDA": 195285000.0,
        "Total Unusual Items": -22029000.0,
        "Total Unusual Items Excluding Goodwill": -22029000.0,
        "Net Income From Continuing Operation Net Minority Interest": 97204000.0,
        "Reconciled Depreciation": 33306000.0,
        "Reconciled Cost Of Revenue": 784051000.0,
        "EBITDA": 173256000.0,
        "EBIT": 139950000.0,
        "Net Interest Income": 13931000.0,
        "Interest Income": 13931000.0,
        "Normalized Income": 113439373.0,
        "Net Income From Continuing And Discontinued Operation": 97204000.0,
        "Total Expenses": 1012186000.0,
        "Total Operating Income As Reported": 114028000.0,
        "Diluted Average Shares": 58948000.0,
        "Basic Average Shares": 57853000.0,
        "Diluted EPS": 1.65,
        "Basic EPS": 1.68,
        "Diluted NI Availto Com Stockholders": 97204000.0,
        "Net Income Common Stockholders": 97204000.0,
        "Net Income": 97204000.0,
        "Net Income Including Noncontrolling Interests": 97204000.0,
        "Net Income Continuous Operations": 97204000.0,
        "Tax Provision": 34648000.0,
        "Pretax Income": 131852000.0,
        "Other Income Expense": -22029000.0,
        "Special Income Charges": -25922000.0,
        "Gain On Sale Of Business": -25922000.0,
        "Gain On Sale Of Security": 3893000.0,
        "Net Non Operating Interest Income Expense": 13931000.0,
        "Total Other Finance Cost": NaN,
        "Interest Income Non Operating": 13931000.0,
        "Operating Income": 139950000.0,
        "Operating Expense": 217921000.0,
        "Depreciation Amortization Depletion Income Statement": 23092000.0,
        "Depreciation And Amortization In Income Statement": 23092000.0,
        "Selling General And Administration": 194829000.0,
        "Gross Profit": 357871000.0,
        "Cost Of Revenue": 794265000.0,
        "Total Revenue": 1152136000.0,
        "Operating Revenue": 1152136000.0
    },
    "2023-12-31": {
        "Tax Effect Of Unusual Items": -2121009.6858,
        "Tax Rate For Calcs": 0.234288,
        "Normalized EBITDA": 164765000.0,
        "Total Unusual Items": -9053000.0,
        "Total Unusual Items Excluding Goodwill": -9053000.0,
        "Net Income From Continuing Operation Net Minority Interest": 97554000.0,
        "Reconciled Depreciation": 33218000.0,
        "Reconciled Cost Of Revenue": 787573000.0,
        "EBITDA": 155712000.0,
        "EBIT": 122494000.0,
        "Net Interest Income": 13962000.0,
        "Interest Income": 13962000.0,
        "Normalized Income": 104485990.3142,
        "Net Income From Continuing And Discontinued Operation": 97554000.0,
        "Total Expenses": 1034763000.0,
        "Total Operating Income As Reported": 122494000.0,
        "Diluted Average Shares": 58913000.0,
        "Basic Average Shares": 57767000.0,
        "Diluted EPS": 1.66,
        "Basic EPS": 1.69,
        "Diluted NI Availto Com Stockholders": 97554000.0,
        "Net Income Common Stockholders": 97554000.0,
        "Net Income": 97554000.0,
        "Net Income Including Noncontrolling Interests": 97554000.0,
        "Net Income Continuous Operations": 97554000.0,
        "Tax Provision": 29849000.0,
        "Pretax Income": 127403000.0,
        "Other Income Expense": -9053000.0,
        "Special Income Charges": 0.0,
        "Gain On Sale Of Business": 0.0,
        "Gain On Sale Of Security": -9053000.0,
        "Net Non Operating Interest Income Expense": 13962000.0,
        "Total Other Finance Cost": NaN,
        "Interest Income Non Operating": 13962000.0,
        "Operating Income": 122494000.0,
        "Operating Expense": 237130000.0,
        "Depreciation Amortization Depletion Income Statement": 23158000.0,
        "Depreciation And Amortization In Income Statement": 23158000.0,
        "Selling General And Administration": 213972000.0,
        "Gross Profit": 359624000.0,
        "Cost Of Revenue": 797633000.0,
        "Total Revenue": 1157257000.0,
        "Operating Revenue": 1157257000.0
    },
    "2024-03-31": {
        "Tax Effect Of Unusual Items": -115140.0,
        "Tax Rate For Calcs": 0.06,
        "Normalized EBITDA": 144031000.0,
        "Total Unusual Items": -1919000.0,
        "Total Unusual Items Excluding Goodwill": -1919000.0,
        "Net Income From Continuing Operation Net Minority Interest": 116243000.0,
        "Reconciled Depreciation": 31580000.0,
        "Reconciled Cost Of Revenue": 824900000.0,
        "EBITDA": 142112000.0,
        "EBIT": 110532000.0,
        "Net Interest Income": 15042000.0,
        "Interest Income": 15042000.0,
        "Normalized Income": 118046860.0,
        "Net Income From Continuing And Discontinued Operation": 116243000.0,
        "Total Expenses": 1054933000.0,
        "Total Operating Income As Reported": 110532000.0,
        "Diluted Average Shares": 58931000.0,
        "Basic Average Shares": 57837000.0,
        "Diluted EPS": 1.97,
        "Basic EPS": 2.01,
        "Diluted NI Availto Com Stockholders": 116243000.0,
        "Net Income Common Stockholders": 116243000.0,
        "Net Income": 116243000.0,
        "Net Income Including Noncontrolling Interests": 116243000.0,
        "Net Income Continuous Operations": 116243000.0,
        "Tax Provision": 7412000.0,
        "Pretax Income": 123655000.0,
        "Other Income Expense": -1919000.0,
        "Special Income Charges": NaN,
        "Gain On Sale Of Business": NaN,
        "Gain On Sale Of Security": -1919000.0,
        "Net Non Operating Interest Income Expense": 15042000.0,
        "Total Other Finance Cost": NaN,
        "Interest Income Non Operating": 15042000.0,
        "Operating Income": 110532000.0,
        "Operating Expense": 220599000.0,
        "Depreciation Amortization Depletion Income Statement": 22146000.0,
        "Depreciation And Amortization In Income Statement": 22146000.0,
        "Selling General And Administration": 198453000.0,
        "Gross Profit": 331131000.0,
        "Cost Of Revenue": 834334000.0,
        "Total Revenue": 1165465000.0,
        "Operating Revenue": 1165465000.0
    },
    "2024-06-30": {
        "Tax Effect Of Unusual Items": 319019.0,
        "Tax Rate For Calcs": 0.263,
        "Normalized EBITDA": 149808000.0,
        "Total Unusual Items": 1213000.0,
        "Total Unusual Items Excluding Goodwill": 1213000.0,
        "Net Income From Continuing Operation Net Minority Interest": 98645000.0,
        "Reconciled Depreciation": 30460000.0,
        "Reconciled Cost Of Revenue": 801518000.0,
        "EBITDA": 151021000.0,
        "EBIT": 120561000.0,
        "Net Interest Income": 12036000.0,
        "Interest Income": 12036000.0,
        "Normalized Income": 97751019.0,
        "Net Income From Continuing And Discontinued Operation": 98645000.0,
        "Total Expenses": 1026036000.0,
        "Total Operating Income As Reported": 120561000.0,
        "Diluted Average Shares": 58149000.0,
        "Basic Average Shares": 57594000.0,
        "Diluted EPS": 1.7,
        "Basic EPS": 1.71,
        "Diluted NI Availto Com Stockholders": 98645000.0,
        "Net Income Common Stockholders": 98645000.0,
        "Net Income": 98645000.0,
        "Net Income Including Noncontrolling Interests": 98645000.0,
        "Net Income Continuous Operations": 98645000.0,
        "Tax Provision": 35165000.0,
        "Pretax Income": 133810000.0,
        "Other Income Expense": 1213000.0,
        "Special Income Charges": NaN,
        "Gain On Sale Of Business": NaN,
        "Gain On Sale Of Security": 1213000.0,
        "Net Non Operating Interest Income Expense": 12036000.0,
        "Total Other Finance Cost": NaN,
        "Interest Income Non Operating": 12036000.0,
        "Operating Income": 120561000.0,
        "Operating Expense": 215179000.0,
        "Depreciation Amortization Depletion Income Statement": 21121000.0,
        "Depreciation And Amortization In Income Statement": 21121000.0,
        "Selling General And Administration": 194058000.0,
        "Gross Profit": 335740000.0,
        "Cost Of Revenue": 810857000.0,
        "Total Revenue": 1146597000.0,
        "Operating Revenue": 1146597000.0
    },
    "2024-09-30": {
        "Tax Effect Of Unusual Items": -199510.0,
        "Tax Rate For Calcs": 0.281,
        "Normalized EBITDA": 206703000.0,
        "Total Unusual Items": -710000.0,
        "Total Unusual Items Excluding Goodwill": -710000.0,
        "Net Income From Continuing Operation Net Minority Interest": 136346000.0,
        "Reconciled Depreciation": 29014000.0,
        "Reconciled Cost Of Revenue": 754714000.0,
        "EBITDA": 205993000.0,
        "EBIT": 176979000.0,
        "Net Interest Income": 13347000.0,
        "Interest Income": 13347000.0,
        "Normalized Income": 136856490.0,
        "Net Income From Continuing And Discontinued Operation": 136346000.0,
        "Total Expenses": 990548000.0,
        "Total Operating Income As Reported": 176979000.0,
        "Diluted Average Shares": 57425000.0,
        "Basic Average Shares": 56910000.0,
        "Diluted EPS": 2.37,
        "Basic EPS": 2.4,
        "Diluted NI Availto Com Stockholders": 136346000.0,
        "Net Income Common Stockholders": 136346000.0,
        "Net Income": 136346000.0,
        "Net Income Including Noncontrolling Interests": 136346000.0,
        "Net Income Continuous Operations": 136346000.0,
        "Tax Provision": 53270000.0,
        "Pretax Income": 189616000.0,
        "Other Income Expense": -710000.0,
        "Special Income Charges": 0.0,
        "Gain On Sale Of Business": 0.0,
        "Gain On Sale Of Security": -710000.0,
        "Net Non Operating Interest Income Expense": 13347000.0,
        "Total Other Finance Cost": NaN,
        "Interest Income Non Operating": 13347000.0,
        "Operating Income": 176979000.0,
        "Operating Expense": 226556000.0,
        "Depreciation Amortization Depletion Income Statement": 19736000.0,
        "Depreciation And Amortization In Income Statement": 19736000.0,
        "Selling General And Administration": 206820000.0,
        "Gross Profit": 403535000.0,
        "Cost Of Revenue": 763992000.0,
        "Total Revenue": 1167527000.0,
        "Operating Revenue": 1167527000.0
    }
}