{
    "2023-06-30": {
        "Tax Effect Of Unusual Items": 0.0,
        "Tax Rate For Calcs": 0.115,
        "Total Unusual Items": 0.0,
        "Total Unusual Items Excluding Goodwill": 0.0,
        "Net Income From Continuing Operation Net Minority Interest": 11456000.0,
        "Reconciled Depreciation": 2218000.0,
        "Net Interest Income": 39429000.0,
        "Interest Expense": 21827000.0,
        "Interest Income": 61256000.0,
        "Normalized Income": 11456000.0,
        "Net Income From Continuing And Discontinued Operation": 11456000.0,
        "Diluted Average Shares": 15554255.0,
        "Basic Average Shares": 15468378.0,
        "Diluted EPS": 0.74,
        "Basic EPS": 0.74,
        "Diluted NI Availto Com Stockholders": 11456000.0,
        "Net Income Common Stockholders": 11456000.0,
        "Net Income": 11456000.0,
        "Net Income Including Noncontrolling Interests": 11456000.0,
        "Net Income Continuous Operations": 11456000.0,
        "Tax Provision": 1495000.0,
        "Pretax Income": 12951000.0,
        "Special Income Charges": 0.0,
        "Restructuring And Mergern Acquisition": 0.0,
        "Gain On Sale Of Security": -1322000.0,
        "Depreciation Amortization Depletion Income Statement": 918000.0,
        "Depreciation And Amortization In Income Statement": 918000.0,
        "Amortization": 918000.0,
        "Amortization Of Intangibles Income Statement": 918000.0,
        "Selling General And Administration": 17001000.0,
        "Selling And Marketing Expense": 1249000.0,
        "General And Administrative Expense": 15752000.0,
        "Insurance And Claims": 515000.0,
        "Salaries And Wages": 15237000.0,
        "Total Revenue": 45268000.0,
        "Operating Revenue": 45268000.0
    },
    "2023-03-31": {
        "Tax Effect Of Unusual Items": 0.0,
        "Tax Rate For Calcs": 0.17,
        "Total Unusual Items": 0.0,
        "Total Unusual Items Excluding Goodwill": 0.0,
        "Net Income From Continuing Operation Net Minority Interest": 12323000.0,
        "Reconciled Depreciation": 2207000.0,
        "Net Interest Income": 39110000.0,
        "Interest Expense": 17013000.0,
        "Interest Income": 56123000.0,
        "Normalized Income": 12323000.0,
        "Net Income From Continuing And Discontinued Operation": 12323000.0,
        "Diluted Average Shares": 16028051.0,
        "Basic Average Shares": 15858808.0,
        "Diluted EPS": 0.77,
        "Basic EPS": 0.78,
        "Diluted NI Availto Com Stockholders": 12323000.0,
        "Net Income Common Stockholders": 12323000.0,
        "Net Income": 12323000.0,
        "Net Income Including Noncontrolling Interests": 12323000.0,
        "Net Income Continuous Operations": 12323000.0,
        "Tax Provision": 2524000.0,
        "Pretax Income": 14847000.0,
        "Special Income Charges": 0.0,
        "Restructuring And Mergern Acquisition": 0.0,
        "Gain On Sale Of Security": 32000.0,
        "Depreciation Amortization Depletion Income Statement": 918000.0,
        "Depreciation And Amortization In Income Statement": 918000.0,
        "Amortization": 918000.0,
        "Amortization Of Intangibles Income Statement": 918000.0,
        "Selling General And Administration": 18211000.0,
        "Selling And Marketing Expense": 1159000.0,
        "General And Administrative Expense": 17052000.0,
        "Insurance And Claims": 360000.0,
        "Salaries And Wages": 16692000.0,
        "Total Revenue": 47606000.0,
        "Operating Revenue": 47606000.0
    },
    "2022-12-31": {
        "Tax Effect Of Unusual Items": 84754.029616,
        "Tax Rate For Calcs": 0.239418,
        "Total Unusual Items": 354000.0,
        "Total Unusual Items Excluding Goodwill": 354000.0,
        "Net Income From Continuing Operation Net Minority Interest": 11608000.0,
        "Reconciled Depreciation": 2217000.0,
        "Net Interest Income": 42031000.0,
        "Interest Expense": 11393000.0,
        "Interest Income": 53424000.0,
        "Normalized Income": 11338754.029616,
        "Net Income From Continuing And Discontinued Operation": 11608000.0,
        "Diluted Average Shares": 16204185.0,
        "Basic Average Shares": 15948360.0,
        "Diluted EPS": 0.72,
        "Basic EPS": 0.73,
        "Diluted NI Availto Com Stockholders": 11608000.0,
        "Net Income Common Stockholders": 11608000.0,
        "Net Income": 11608000.0,
        "Net Income Including Noncontrolling Interests": 11608000.0,
        "Net Income Continuous Operations": 11608000.0,
        "Tax Provision": 3654000.0,
        "Pretax Income": 15262000.0,
        "Special Income Charges": 354000.0,
        "Restructuring And Mergern Acquisition": -354000.0,
        "Gain On Sale Of Security": 14000.0,
        "Depreciation Amortization Depletion Income Statement": 924000.0,
        "Depreciation And Amortization In Income Statement": 924000.0,
        "Amortization": 924000.0,
        "Amortization Of Intangibles Income Statement": 924000.0,
        "Selling General And Administration": 4080000.0,
        "Selling And Marketing Expense": 1903000.0,
        "General And Administrative Expense": 2177000.0,
        "Insurance And Claims": 360000.0,
        "Salaries And Wages": 16113000.0,
        "Total Revenue": 49135000.0,
        "Operating Revenue": 49135000.0
    },
    "2022-09-30": {
        "Tax Effect Of Unusual Items": -22262.797002,
        "Tax Rate For Calcs": 0.19359,
        "Total Unusual Items": -115000.0,
        "Total Unusual Items Excluding Goodwill": -115000.0,
        "Net Income From Continuing Operation Net Minority Interest": 15171000.0,
        "Reconciled Depreciation": 957000.0,
        "Net Interest Income": 41944000.0,
        "Interest Expense": 6604000.0,
        "Interest Income": 48548000.0,
        "Normalized Income": 15263737.202998,
        "Net Income From Continuing And Discontinued Operation": 15171000.0,
        "Diluted Average Shares": 16273231.0,
        "Basic Average Shares": 16056658.0,
        "Diluted EPS": 0.93,
        "Basic EPS": 0.94,
        "Diluted NI Availto Com Stockholders": 15171000.0,
        "Net Income Common Stockholders": 15171000.0,
        "Net Income": 15171000.0,
        "Net Income Including Noncontrolling Interests": 15171000.0,
        "Net Income Continuous Operations": 15171000.0,
        "Tax Provision": 3642000.0,
        "Pretax Income": 18813000.0,
        "Special Income Charges": -115000.0,
        "Restructuring And Mergern Acquisition": 115000.0,
        "Gain On Sale Of Security": -17000.0,
        "Depreciation Amortization Depletion Income Statement": 957000.0,
        "Depreciation And Amortization In Income Statement": 957000.0,
        "Amortization": 957000.0,
        "Amortization Of Intangibles Income Statement": 957000.0,
        "Selling General And Administration": 22034000.0,
        "Selling And Marketing Expense": 1191000.0,
        "General And Administrative Expense": 20843000.0,
        "Other Gand A": 5061000.0,
        "Insurance And Claims": 340000.0,
        "Salaries And Wages": 15442000.0,
        "Total Revenue": 50188000.0,
        "Operating Revenue": 50188000.0
    },
    "2022-06-30": {
        "Tax Effect Of Unusual Items": 44925.219855,
        "Tax Rate For Calcs": 0.099392,
        "Total Unusual Items": 452000.0,
        "Total Unusual Items Excluding Goodwill": 452000.0,
        "Net Income From Continuing Operation Net Minority Interest": 15259000.0,
        "Reconciled Depreciation": 1111000.0,
        "Net Interest Income": 39566000.0,
        "Interest Expense": 4058000.0,
        "Interest Income": 43624000.0,
        "Normalized Income": 14851925.219855,
        "Net Income From Continuing And Discontinued Operation": 15259000.0,
        "Diluted Average Shares": 16312953.0,
        "Basic Average Shares": 16106683.0,
        "Diluted EPS": 0.94,
        "Basic EPS": 0.95,
        "Diluted NI Availto Com Stockholders": 15259000.0,
        "Net Income Common Stockholders": 15259000.0,
        "Net Income": 15259000.0,
        "Net Income Including Noncontrolling Interests": 15259000.0,
        "Net Income Continuous Operations": 15259000.0,
        "Tax Provision": 1684000.0,
        "Pretax Income": 16943000.0,
        "Special Income Charges": 452000.0,
        "Restructuring And Mergern Acquisition": -452000.0,
        "Gain On Sale Of Security": -32000.0,
        "Depreciation Amortization Depletion Income Statement": 1111000.0,
        "Depreciation And Amortization In Income Statement": 1111000.0,
        "Amortization": 1111000.0,
        "Amortization Of Intangibles Income Statement": 1111000.0,
        "Selling General And Administration": 21188000.0,
        "Selling And Marketing Expense": 972000.0,
        "General And Administrative Expense": 20216000.0,
        "Other Gand A": 4573000.0,
        "Insurance And Claims": 260000.0,
        "Salaries And Wages": 15383000.0,
        "Total Revenue": 47915000.0,
        "Operating Revenue": 47915000.0
    },
    "2022-03-31": {
        "Diluted EPS": 0.93,
        "Total Revenue": 52,
        "Gross Profit": 48,
        "Operating Income": 20,
        "EBIT": NaN,
        "Net Income": 16
    },
    "2021-12-31": {
        "Diluted EPS": 0.58,
        "Total Revenue": 50,
        "Gross Profit": 46,
        "Operating Income": 15,
        "EBIT": NaN,
        "Net Income": 10
    },
    "2021-09-30": {
        "Diluted EPS": 0.8,
        "Total Revenue": 50,
        "Gross Profit": 47,
        "Operating Income": 19,
        "EBIT": NaN,
        "Net Income": 12
    },
    "2021-06-30": {
        "Diluted EPS": 1.03,
        "Total Revenue": 47,
        "Gross Profit": 44,
        "Operating Income": 20,
        "EBIT": NaN,
        "Net Income": 15
    },
    "2021-03-31": {
        "Diluted EPS": 1.02,
        "Total Revenue": 43,
        "Gross Profit": 38,
        "Operating Income": 19,
        "EBIT": NaN,
        "Net Income": 15
    },
    "2020-12-31": {
        "Diluted EPS": 0.85,
        "Total Revenue": 48,
        "Gross Profit": 44,
        "Operating Income": 15,
        "EBIT": NaN,
        "Net Income": 12
    },
    "2020-09-30": {
        "Diluted EPS": -6.01,
        "Total Revenue": 44,
        "Gross Profit": 39,
        "Operating Income": -93,
        "EBIT": NaN,
        "Net Income": -90
    },
    "2020-06-30": {
        "Diluted EPS": 0.11,
        "Total Revenue": 44,
        "Gross Profit": 39,
        "Operating Income": 2,
        "EBIT": NaN,
        "Net Income": 2
    },
    "2020-03-31": {
        "Diluted EPS": 0.08,
        "Total Revenue": 46,
        "Gross Profit": 37,
        "Operating Income": 2,
        "EBIT": NaN,
        "Net Income": 1
    },
    "2019-12-31": {
        "Diluted EPS": 0.63,
        "Total Revenue": 50,
        "Gross Profit": 39,
        "Operating Income": 13,
        "EBIT": NaN,
        "Net Income": 10
    },
    "2019-09-30": {
        "Diluted EPS": 0.66,
        "Total Revenue": 51,
        "Gross Profit": 38,
        "Operating Income": 13,
        "EBIT": NaN,
        "Net Income": 10
    },
    "2019-06-30": {
        "Diluted EPS": 0.58,
        "Total Revenue": 51,
        "Gross Profit": 38,
        "Operating Income": 12,
        "EBIT": NaN,
        "Net Income": 9
    },
    "2019-03-31": {
        "Diluted EPS": -0.26,
        "Total Revenue": 49,
        "Gross Profit": 36,
        "Operating Income": -5,
        "EBIT": NaN,
        "Net Income": -4
    },
    "2018-12-31": {
        "Diluted EPS": 0.62,
        "Total Revenue": 51,
        "Gross Profit": 39,
        "Operating Income": 14,
        "EBIT": NaN,
        "Net Income": 10
    },
    "2018-09-30": {
        "Diluted EPS": 0.64,
        "Total Revenue": 48,
        "Gross Profit": 38,
        "Operating Income": 14,
        "EBIT": NaN,
        "Net Income": 10
    },
    "2018-06-30": {
        "Diluted EPS": 0.44,
        "Total Revenue": 43,
        "Gross Profit": 36,
        "Operating Income": 14,
        "EBIT": NaN,
        "Net Income": 7
    },
    "2018-03-31": {
        "Diluted EPS": 0.58,
        "Total Revenue": 38,
        "Gross Profit": 32,
        "Operating Income": 12,
        "EBIT": NaN,
        "Net Income": 9
    },
    "2017-12-31": {
        "Diluted EPS": 0.3,
        "Total Revenue": 34,
        "Gross Profit": 29,
        "Operating Income": 11,
        "EBIT": NaN,
        "Net Income": 4
    },
    "2017-09-30": {
        "Diluted EPS": 0.41,
        "Total Revenue": 29,
        "Gross Profit": 24,
        "Operating Income": 8,
        "EBIT": NaN,
        "Net Income": 5
    },
    "2017-06-30": {
        "Diluted EPS": 0.51,
        "Total Revenue": 29,
        "Gross Profit": 25,
        "Operating Income": 10,
        "EBIT": NaN,
        "Net Income": 6
    },
    "2017-03-31": {
        "Diluted EPS": 0.4,
        "Total Revenue": 27,
        "Gross Profit": 23,
        "Operating Income": 8,
        "EBIT": NaN,
        "Net Income": 5
    },
    "2016-12-31": {
        "Diluted EPS": 0.0,
        "Total Revenue": 21,
        "Gross Profit": 18,
        "Operating Income": 6,
        "EBIT": NaN,
        "Net Income": 0
    },
    "2016-09-30": {
        "Diluted EPS": 0.32,
        "Total Revenue": 17,
        "Gross Profit": 15,
        "Operating Income": 4,
        "EBIT": NaN,
        "Net Income": 3
    },
    "2016-06-30": {
        "Diluted EPS": 0.34,
        "Total Revenue": 17,
        "Gross Profit": 15,
        "Operating Income": 4,
        "EBIT": NaN,
        "Net Income": 3
    },
    "2016-03-31": {
        "Diluted EPS": 0.41,
        "Total Revenue": 18,
        "Gross Profit": 15,
        "Operating Income": 5,
        "EBIT": NaN,
        "Net Income": 3
    },
    "2015-12-31": {
        "Diluted EPS": 0.33,
        "Total Revenue": 18,
        "Gross Profit": 16,
        "Operating Income": 4,
        "EBIT": NaN,
        "Net Income": 3
    },
    "2015-09-30": {
        "Diluted EPS": 0.43,
        "Total Revenue": 15,
        "Gross Profit": 13,
        "Operating Income": 4,
        "EBIT": NaN,
        "Net Income": 3
    },
    "2015-06-30": {
        "Diluted EPS": 0.4,
        "Total Revenue": 15,
        "Gross Profit": 14,
        "Operating Income": 4,
        "EBIT": NaN,
        "Net Income": 3
    },
    "2015-03-31": {
        "Diluted EPS": 0.38,
        "Total Revenue": 15,
        "Gross Profit": 13,
        "Operating Income": 4,
        "EBIT": NaN,
        "Net Income": 2
    },
    "2014-12-31": {
        "Diluted EPS": 0.0,
        "Total Revenue": NaN,
        "Gross Profit": NaN,
        "Operating Income": NaN,
        "EBIT": NaN,
        "Net Income": NaN
    },
    "2014-09-30": {
        "Diluted EPS": 0.38,
        "Total Revenue": 15,
        "Gross Profit": 13,
        "Operating Income": 4,
        "EBIT": NaN,
        "Net Income": 2
    },
    "2013-12-31": {
        "Diluted EPS": 0.0,
        "Total Revenue": NaN,
        "Gross Profit": NaN,
        "Operating Income": NaN,
        "EBIT": NaN,
        "Net Income": NaN
    },
    "2023-09-30": {
        "Tax Effect Of Unusual Items": 0.0,
        "Tax Rate For Calcs": 0.135,
        "Total Unusual Items": 0.0,
        "Total Unusual Items Excluding Goodwill": 0.0,
        "Net Income From Continuing Operation Net Minority Interest": 12341000.0,
        "Reconciled Depreciation": 2128000.0,
        "Net Interest Income": 41012000.0,
        "Interest Expense": 24027000.0,
        "Interest Income": 65039000.0,
        "Normalized Income": 12341000.0,
        "Net Income From Continuing And Discontinued Operation": 12341000.0,
        "Diluted Average Shares": 15404992.0,
        "Basic Average Shares": 15404992.0,
        "Diluted EPS": 0.8,
        "Basic EPS": 0.8,
        "Diluted NI Availto Com Stockholders": 12341000.0,
        "Net Income Common Stockholders": 12341000.0,
        "Net Income": 12341000.0,
        "Net Income Including Noncontrolling Interests": 12341000.0,
        "Net Income Continuous Operations": 12341000.0,
        "Tax Provision": 1932000.0,
        "Pretax Income": 14273000.0,
        "Special Income Charges": 0.0,
        "Restructuring And Mergern Acquisition": 0.0,
        "Gain On Sale Of Security": -1000.0,
        "Depreciation Amortization Depletion Income Statement": 799000.0,
        "Depreciation And Amortization In Income Statement": 799000.0,
        "Amortization": 799000.0,
        "Amortization Of Intangibles Income Statement": 799000.0,
        "Selling General And Administration": 17936000.0,
        "Selling And Marketing Expense": 1419000.0,
        "General And Administrative Expense": 16517000.0,
        "Insurance And Claims": 660000.0,
        "Salaries And Wages": 15857000.0,
        "Total Revenue": 49153000.0,
        "Operating Revenue": 49153000.0
    }
}