{
    "2023-03-31": {
        "Tax Effect Of Unusual Items": NaN,
        "Tax Rate For Calcs": NaN,
        "Net Income From Continuing Operation Net Minority Interest": NaN,
        "Reconciled Depreciation": NaN,
        "EBIT": NaN,
        "Net Interest Income": NaN,
        "Interest Expense": NaN,
        "Normalized Income": NaN,
        "Net Income From Continuing And Discontinued Operation": NaN,
        "Total Expenses": NaN,
        "Diluted Average Shares": NaN,
        "Basic Average Shares": NaN,
        "Diluted EPS": NaN,
        "Basic EPS": NaN,
        "Diluted NI Availto Com Stockholders": NaN,
        "Net Income Common Stockholders": NaN,
        "Preferred Stock Dividends": NaN,
        "Net Income": NaN,
        "Minority Interests": NaN,
        "Net Income Including Noncontrolling Interests": NaN,
        "Net Income Continuous Operations": NaN,
        "Tax Provision": NaN,
        "Pretax Income": NaN,
        "Other Income Expense": NaN,
        "Net Non Operating Interest Income Expense": NaN,
        "Interest Expense Non Operating": NaN,
        "Other Operating Expenses": NaN,
        "Selling General And Administration": NaN,
        "General And Administrative Expense": NaN,
        "Salaries And Wages": NaN,
        "Total Revenue": NaN,
        "Operating Revenue": NaN,
        "Loss Adjustment Expense": NaN,
        "Net Policyholder Benefits And Claims": NaN,
        "Policyholder Benefits Gross": NaN,
        "Policyholder Benefits Ceded": 165000000.0
    },
    "2022-12-31": {
        "Tax Effect Of Unusual Items": 0.0,
        "Tax Rate For Calcs": 0.225841,
        "Net Income From Continuing Operation Net Minority Interest": -789000000.0,
        "Reconciled Depreciation": 227000000.0,
        "EBIT": -868000000.0,
        "Net Interest Income": -53000000.0,
        "Interest Expense": 53000000.0,
        "Normalized Income": -789000000.0,
        "Net Income From Continuing And Discontinued Operation": -789000000.0,
        "Total Expenses": 2817000000.0,
        "Diluted Average Shares": 371500000.0,
        "Basic Average Shares": 368600000.0,
        "Diluted EPS": 0.097667,
        "Basic EPS": 0.097667,
        "Diluted NI Availto Com Stockholders": -815000000.0,
        "Net Income Common Stockholders": -815000000.0,
        "Preferred Stock Dividends": 26000000.0,
        "Net Income": -789000000.0,
        "Minority Interests": -76000000.0,
        "Net Income Including Noncontrolling Interests": -713000000.0,
        "Net Income Continuous Operations": -713000000.0,
        "Tax Provision": -208000000.0,
        "Pretax Income": -921000000.0,
        "Other Income Expense": 213000000.0,
        "Net Non Operating Interest Income Expense": -53000000.0,
        "Interest Expense Non Operating": 53000000.0,
        "Other Operating Expenses": 572000000.0,
        "Selling General And Administration": 520000000.0,
        "General And Administrative Expense": 520000000.0,
        "Salaries And Wages": 520000000.0,
        "Total Revenue": 1896000000.0,
        "Operating Revenue": 1896000000.0
    },
    "2022-09-30": {
        "Tax Effect Of Unusual Items": 0.0,
        "Tax Rate For Calcs": 0.21957,
        "Net Income From Continuing Operation Net Minority Interest": 273000000.0,
        "Reconciled Depreciation": 216000000.0,
        "EBIT": 470000000.0,
        "Net Interest Income": -51000000.0,
        "Interest Expense": 51000000.0,
        "Normalized Income": 273000000.0,
        "Net Income From Continuing And Discontinued Operation": 273000000.0,
        "Total Expenses": 2590000000.0,
        "Diluted Average Shares": 376800000.0,
        "Basic Average Shares": 374500000.0,
        "Diluted EPS": 0.69,
        "Basic EPS": 0.69,
        "Diluted NI Availto Com Stockholders": 259000000.0,
        "Net Income Common Stockholders": 259000000.0,
        "Preferred Stock Dividends": 14000000.0,
        "Net Income": 273000000.0,
        "Minority Interests": -54000000.0,
        "Net Income Including Noncontrolling Interests": 327000000.0,
        "Net Income Continuous Operations": 327000000.0,
        "Tax Provision": 92000000.0,
        "Pretax Income": 419000000.0,
        "Other Income Expense": 197000000.0,
        "Net Non Operating Interest Income Expense": -51000000.0,
        "Interest Expense Non Operating": 51000000.0,
        "Other Operating Expenses": 497000000.0,
        "Selling General And Administration": 566000000.0,
        "General And Administrative Expense": 566000000.0,
        "Salaries And Wages": 566000000.0,
        "Total Revenue": 3009000000.0,
        "Operating Revenue": 3009000000.0
    },
    "2022-06-30": {
        "Tax Effect Of Unusual Items": 0.0,
        "Tax Rate For Calcs": 0.208482,
        "Net Income From Continuing Operation Net Minority Interest": 1728000000.0,
        "Reconciled Depreciation": 191000000.0,
        "EBIT": 2290000000.0,
        "Net Interest Income": -50000000.0,
        "Interest Expense": 50000000.0,
        "Normalized Income": 1728000000.0,
        "Net Income From Continuing And Discontinued Operation": 1728000000.0,
        "Total Expenses": 2928000000.0,
        "Diluted Average Shares": 380600000.0,
        "Basic Average Shares": 378900000.0,
        "Diluted EPS": 2.47,
        "Basic EPS": 2.48,
        "Diluted NI Availto Com Stockholders": 1702000000.0,
        "Net Income Common Stockholders": 1702000000.0,
        "Preferred Stock Dividends": 26000000.0,
        "Net Income": 1728000000.0,
        "Minority Interests": -45000000.0,
        "Net Income Including Noncontrolling Interests": 1773000000.0,
        "Net Income Continuous Operations": 1773000000.0,
        "Tax Provision": 467000000.0,
        "Pretax Income": 2240000000.0,
        "Other Income Expense": 212000000.0,
        "Net Non Operating Interest Income Expense": -50000000.0,
        "Interest Expense Non Operating": 50000000.0,
        "Other Operating Expenses": 583000000.0,
        "Selling General And Administration": 518000000.0,
        "General And Administrative Expense": 518000000.0,
        "Salaries And Wages": 518000000.0,
        "Total Revenue": 5168000000.0,
        "Operating Revenue": 5168000000.0
    },
    "2023-06-30": {
        "Tax Effect Of Unusual Items": NaN,
        "Tax Rate For Calcs": NaN,
        "Net Income From Continuing Operation Net Minority Interest": NaN,
        "Reconciled Depreciation": NaN,
        "EBIT": NaN,
        "Net Interest Income": NaN,
        "Interest Expense": NaN,
        "Normalized Income": NaN,
        "Net Income From Continuing And Discontinued Operation": NaN,
        "Total Expenses": NaN,
        "Diluted Average Shares": NaN,
        "Basic Average Shares": NaN,
        "Diluted EPS": NaN,
        "Basic EPS": NaN,
        "Diluted NI Availto Com Stockholders": NaN,
        "Net Income Common Stockholders": NaN,
        "Preferred Stock Dividends": NaN,
        "Net Income": NaN,
        "Minority Interests": NaN,
        "Net Income Including Noncontrolling Interests": NaN,
        "Net Income Continuous Operations": NaN,
        "Tax Provision": NaN,
        "Pretax Income": NaN,
        "Other Income Expense": NaN,
        "Net Non Operating Interest Income Expense": NaN,
        "Interest Expense Non Operating": NaN,
        "Other Operating Expenses": NaN,
        "Selling General And Administration": NaN,
        "General And Administrative Expense": NaN,
        "Salaries And Wages": NaN,
        "Total Revenue": NaN,
        "Operating Revenue": NaN,
        "Loss Adjustment Expense": NaN,
        "Net Policyholder Benefits And Claims": NaN,
        "Policyholder Benefits Gross": NaN,
        "Policyholder Benefits Ceded": 230000000.0
    },
    "2022-03-31": {
        "Diluted EPS": 1.43,
        "Total Revenue": NaN,
        "Gross Profit": NaN,
        "Operating Income": NaN,
        "EBIT": NaN,
        "Net Income": NaN
    },
    "2021-12-31": {
        "Diluted EPS": 0.56,
        "Total Revenue": NaN,
        "Gross Profit": NaN,
        "Operating Income": NaN,
        "EBIT": NaN,
        "Net Income": NaN
    },
    "2021-09-30": {
        "Diluted EPS": 1.59,
        "Total Revenue": NaN,
        "Gross Profit": NaN,
        "Operating Income": NaN,
        "EBIT": NaN,
        "Net Income": NaN
    },
    "2021-06-30": {
        "Diluted EPS": 0.23,
        "Total Revenue": NaN,
        "Gross Profit": NaN,
        "Operating Income": NaN,
        "EBIT": NaN,
        "Net Income": NaN
    },
    "2021-03-31": {
        "Diluted EPS": 11.6,
        "Total Revenue": NaN,
        "Gross Profit": NaN,
        "Operating Income": NaN,
        "EBIT": NaN,
        "Net Income": NaN
    },
    "2020-12-31": {
        "Diluted EPS": -2.84,
        "Total Revenue": NaN,
        "Gross Profit": NaN,
        "Operating Income": NaN,
        "EBIT": NaN,
        "Net Income": NaN
    },
    "2020-09-30": {
        "Diluted EPS": -1.77,
        "Total Revenue": NaN,
        "Gross Profit": NaN,
        "Operating Income": NaN,
        "EBIT": NaN,
        "Net Income": NaN
    },
    "2020-06-30": {
        "Diluted EPS": -8.96,
        "Total Revenue": NaN,
        "Gross Profit": NaN,
        "Operating Income": NaN,
        "EBIT": NaN,
        "Net Income": NaN
    },
    "2020-03-31": {
        "Diluted EPS": 11.65,
        "Total Revenue": NaN,
        "Gross Profit": NaN,
        "Operating Income": NaN,
        "EBIT": NaN,
        "Net Income": NaN
    },
    "2019-12-31": {
        "Diluted EPS": -1.97,
        "Total Revenue": NaN,
        "Gross Profit": NaN,
        "Operating Income": NaN,
        "EBIT": NaN,
        "Net Income": NaN
    },
    "2019-09-30": {
        "Diluted EPS": -0.78,
        "Total Revenue": NaN,
        "Gross Profit": NaN,
        "Operating Income": NaN,
        "EBIT": NaN,
        "Net Income": NaN
    },
    "2019-06-30": {
        "Diluted EPS": 0.74,
        "Total Revenue": NaN,
        "Gross Profit": NaN,
        "Operating Income": NaN,
        "EBIT": NaN,
        "Net Income": NaN
    },
    "2019-03-31": {
        "Diluted EPS": -1.5,
        "Total Revenue": NaN,
        "Gross Profit": NaN,
        "Operating Income": NaN,
        "EBIT": NaN,
        "Net Income": NaN
    },
    "2018-12-31": {
        "Diluted EPS": 3.57,
        "Total Revenue": NaN,
        "Gross Profit": NaN,
        "Operating Income": NaN,
        "EBIT": NaN,
        "Net Income": NaN
    },
    "2018-09-30": {
        "Diluted EPS": -0.89,
        "Total Revenue": NaN,
        "Gross Profit": NaN,
        "Operating Income": NaN,
        "EBIT": NaN,
        "Net Income": NaN
    },
    "2018-06-30": {
        "Diluted EPS": 0.28,
        "Total Revenue": NaN,
        "Gross Profit": NaN,
        "Operating Income": NaN,
        "EBIT": NaN,
        "Net Income": NaN
    },
    "2018-03-31": {
        "Diluted EPS": 0.3,
        "Total Revenue": NaN,
        "Gross Profit": NaN,
        "Operating Income": NaN,
        "EBIT": NaN,
        "Net Income": NaN
    },
    "2023-09-30": {
        "Tax Effect Of Unusual Items": 0.0,
        "Tax Rate For Calcs": 0.230508,
        "Net Income From Continuing Operation Net Minority Interest": 1064000000.0,
        "Reconciled Depreciation": 196000000.0,
        "EBIT": 1530000000.0,
        "Net Interest Income": -55000000.0,
        "Interest Expense": 55000000.0,
        "Normalized Income": 1064000000.0,
        "Net Income From Continuing And Discontinued Operation": 1064000000.0,
        "Total Expenses": 2149000000.0,
        "Diluted Average Shares": 348000000.0,
        "Basic Average Shares": 346400000.0,
        "Diluted EPS": 3.02,
        "Basic EPS": 3.03,
        "Diluted NI Availto Com Stockholders": 1050000000.0,
        "Net Income Common Stockholders": 1050000000.0,
        "Preferred Stock Dividends": 14000000.0,
        "Net Income": 1064000000.0,
        "Minority Interests": -71000000.0,
        "Net Income Including Noncontrolling Interests": 1135000000.0,
        "Net Income Continuous Operations": 1135000000.0,
        "Tax Provision": 340000000.0,
        "Pretax Income": 1475000000.0,
        "Other Income Expense": 266000000.0,
        "Net Non Operating Interest Income Expense": -55000000.0,
        "Interest Expense Non Operating": 55000000.0,
        "Other Operating Expenses": 450000000.0,
        "Selling General And Administration": 593000000.0,
        "General And Administrative Expense": 593000000.0,
        "Salaries And Wages": 593000000.0,
        "Total Revenue": 3624000000.0,
        "Operating Revenue": 3624000000.0,
        "Loss Adjustment Expense": -75000000.0,
        "Net Policyholder Benefits And Claims": -75000000.0,
        "Policyholder Benefits Gross": -75000000.0,
        "Policyholder Benefits Ceded": 143000000.0
    },
    "2023-12-31": {
        "Tax Effect Of Unusual Items": 0.0,
        "Tax Rate For Calcs": 0.27907,
        "Net Income From Continuing Operation Net Minority Interest": -698000000.0,
        "Reconciled Depreciation": 236000000.0,
        "EBIT": -760000000.0,
        "Net Interest Income": -57000000.0,
        "Interest Expense": 57000000.0,
        "Normalized Income": -698000000.0,
        "Net Income From Continuing And Discontinued Operation": -698000000.0,
        "Total Expenses": 2987000000.0,
        "Diluted Average Shares": 337200000.0,
        "Basic Average Shares": 337200000.0,
        "Diluted EPS": -2.15,
        "Basic EPS": -2.15,
        "Diluted NI Availto Com Stockholders": -724000000.0,
        "Net Income Common Stockholders": -724000000.0,
        "Preferred Stock Dividends": 26000000.0,
        "Net Income": -698000000.0,
        "Minority Interests": -109000000.0,
        "Net Income Including Noncontrolling Interests": -589000000.0,
        "Net Income Continuous Operations": -589000000.0,
        "Tax Provision": -228000000.0,
        "Pretax Income": -817000000.0,
        "Other Income Expense": 239000000.0,
        "Net Non Operating Interest Income Expense": -57000000.0,
        "Interest Expense Non Operating": 57000000.0,
        "Other Operating Expenses": 559000000.0,
        "Selling General And Administration": 586000000.0,
        "General And Administrative Expense": 586000000.0,
        "Salaries And Wages": 586000000.0,
        "Total Revenue": 2170000000.0,
        "Operating Revenue": 2170000000.0,
        "Loss Adjustment Expense": 641000000.0,
        "Net Policyholder Benefits And Claims": 641000000.0,
        "Policyholder Benefits Gross": 827000000.0,
        "Policyholder Benefits Ceded": 186000000.0
    },
    "2024-03-31": {
        "Tax Effect Of Unusual Items": 0.0,
        "Tax Rate For Calcs": 0.121457,
        "Net Income From Continuing Operation Net Minority Interest": 114000000.0,
        "Reconciled Depreciation": 240000000.0,
        "EBIT": 304000000.0,
        "Net Interest Income": -57000000.0,
        "Interest Expense": 57000000.0,
        "Normalized Income": 114000000.0,
        "Net Income From Continuing And Discontinued Operation": 114000000.0,
        "Total Expenses": 1983000000.0,
        "Diluted Average Shares": 332700000.0,
        "Basic Average Shares": 330200000.0,
        "Diluted EPS": 0.3,
        "Basic EPS": 0.3,
        "Diluted NI Availto Com Stockholders": 100000000.0,
        "Net Income Common Stockholders": 100000000.0,
        "Preferred Stock Dividends": 14000000.0,
        "Net Income": 114000000.0,
        "Minority Interests": -103000000.0,
        "Net Income Including Noncontrolling Interests": 217000000.0,
        "Net Income Continuous Operations": 217000000.0,
        "Tax Provision": 30000000.0,
        "Pretax Income": 247000000.0,
        "Other Income Expense": 259000000.0,
        "Net Non Operating Interest Income Expense": -57000000.0,
        "Interest Expense Non Operating": 57000000.0,
        "Other Operating Expenses": 553000000.0,
        "Selling General And Administration": 620000000.0,
        "General And Administrative Expense": 620000000.0,
        "Salaries And Wages": 620000000.0,
        "Total Revenue": 2230000000.0,
        "Operating Revenue": 2230000000.0,
        "Loss Adjustment Expense": -422000000.0,
        "Net Policyholder Benefits And Claims": -422000000.0,
        "Policyholder Benefits Gross": -422000000.0,
        "Policyholder Benefits Ceded": NaN
    },
    "2024-06-30": {
        "Tax Effect Of Unusual Items": 0.0,
        "Tax Rate For Calcs": 0.170338,
        "Net Income From Continuing Operation Net Minority Interest": 428000000.0,
        "Reconciled Depreciation": 189000000.0,
        "EBIT": 743000000.0,
        "Net Interest Income": -62000000.0,
        "Interest Expense": 62000000.0,
        "Normalized Income": 428000000.0,
        "Net Income From Continuing And Discontinued Operation": 428000000.0,
        "Total Expenses": 2829000000.0,
        "Diluted Average Shares": 327300000.0,
        "Basic Average Shares": 324200000.0,
        "Diluted EPS": 1.23,
        "Basic EPS": 1.24,
        "Diluted NI Availto Com Stockholders": 402000000.0,
        "Net Income Common Stockholders": 402000000.0,
        "Preferred Stock Dividends": 26000000.0,
        "Net Income": 428000000.0,
        "Minority Interests": -137000000.0,
        "Net Income Including Noncontrolling Interests": 565000000.0,
        "Net Income Continuous Operations": 565000000.0,
        "Tax Provision": 116000000.0,
        "Pretax Income": 681000000.0,
        "Other Income Expense": 429000000.0,
        "Net Non Operating Interest Income Expense": -62000000.0,
        "Interest Expense Non Operating": 62000000.0,
        "Other Operating Expenses": 427000000.0,
        "Selling General And Administration": 577000000.0,
        "General And Administrative Expense": 577000000.0,
        "Salaries And Wages": 577000000.0,
        "Total Revenue": 3510000000.0,
        "Operating Revenue": 3510000000.0,
        "Loss Adjustment Expense": 526000000.0,
        "Net Policyholder Benefits And Claims": 526000000.0,
        "Policyholder Benefits Gross": 526000000.0,
        "Policyholder Benefits Ceded": NaN
    },
    "2024-09-30": {
        "Tax Effect Of Unusual Items": 0.0,
        "Tax Rate For Calcs": 0.21,
        "Net Income From Continuing Operation Net Minority Interest": -134000000.0,
        "Reconciled Depreciation": 211000000.0,
        "EBIT": 41000000.0,
        "Net Interest Income": -55000000.0,
        "Interest Expense": 55000000.0,
        "Normalized Income": -134000000.0,
        "Net Income From Continuing And Discontinued Operation": -134000000.0,
        "Total Expenses": 3090000000.0,
        "Diluted Average Shares": 318200000.0,
        "Basic Average Shares": 318200000.0,
        "Diluted EPS": -0.47,
        "Basic EPS": -0.47,
        "Diluted NI Availto Com Stockholders": -148000000.0,
        "Net Income Common Stockholders": -148000000.0,
        "Preferred Stock Dividends": 14000000.0,
        "Net Income": -134000000.0,
        "Minority Interests": -160000000.0,
        "Net Income Including Noncontrolling Interests": 26000000.0,
        "Net Income Continuous Operations": 26000000.0,
        "Tax Provision": -40000000.0,
        "Pretax Income": -14000000.0,
        "Other Income Expense": 301000000.0,
        "Net Non Operating Interest Income Expense": -55000000.0,
        "Interest Expense Non Operating": 55000000.0,
        "Other Operating Expenses": 329000000.0,
        "Selling General And Administration": 571000000.0,
        "General And Administrative Expense": 571000000.0,
        "Salaries And Wages": 571000000.0,
        "Total Revenue": 3076000000.0,
        "Operating Revenue": 3076000000.0,
        "Loss Adjustment Expense": 758000000.0,
        "Net Policyholder Benefits And Claims": 758000000.0,
        "Policyholder Benefits Gross": 758000000.0,
        "Policyholder Benefits Ceded": NaN
    }
}