{
    "2023-06-30": {
        "Tax Effect Of Unusual Items": 23267720.095572,
        "Tax Rate For Calcs": 0.150196,
        "Normalized EBITDA": 206020000.0,
        "Total Unusual Items": 154916000.0,
        "Total Unusual Items Excluding Goodwill": 154916000.0,
        "Net Income From Continuing Operation Net Minority Interest": -66626000.0,
        "Reconciled Depreciation": 399737000.0,
        "Reconciled Cost Of Revenue": 450722000.0,
        "EBITDA": 360936000.0,
        "EBIT": -38801000.0,
        "Net Interest Income": -39883000.0,
        "Interest Expense": 39883000.0,
        "Normalized Income": -198274279.904428,
        "Net Income From Continuing And Discontinued Operation": -66626000.0,
        "Total Expenses": 1048644000.0,
        "Total Operating Income As Reported": -34993000.0,
        "Diluted Average Shares": 361982000.0,
        "Basic Average Shares": 361982000.0,
        "Diluted EPS": -0.18,
        "Basic EPS": -0.18,
        "Diluted NI Availto Com Stockholders": -66626000.0,
        "Average Dilution Earnings": 0.0,
        "Net Income Common Stockholders": -66626000.0,
        "Net Income": -66626000.0,
        "Minority Interests": 240000.0,
        "Net Income Including Noncontrolling Interests": -66866000.0,
        "Net Income Continuous Operations": -66866000.0,
        "Tax Provision": -11818000.0,
        "Pretax Income": -78684000.0,
        "Other Income Expense": 155478000.0,
        "Other Non Operating Income Expenses": 562000.0,
        "Special Income Charges": -10562000.0,
        "Gain On Sale Of Ppe": 225000.0,
        "Other Special Charges": 5462000.0,
        "Write Off": 0.0,
        "Impairment Of Capital Assets": 5325000.0,
        "Gain On Sale Of Security": 165478000.0,
        "Net Non Operating Interest Income Expense": -39883000.0,
        "Interest Expense Non Operating": 39883000.0,
        "Operating Income": -194279000.0,
        "Operating Expense": 597922000.0,
        "Other Operating Expenses": 537759000.0,
        "Selling General And Administration": 60163000.0,
        "Gross Profit": 403643000.0,
        "Cost Of Revenue": 450722000.0,
        "Total Revenue": 854365000.0,
        "Operating Revenue": 854365000.0
    },
    "2023-03-31": {
        "Tax Effect Of Unusual Items": NaN,
        "Tax Rate For Calcs": NaN,
        "Normalized EBITDA": NaN,
        "Total Unusual Items": NaN,
        "Total Unusual Items Excluding Goodwill": NaN,
        "Net Income From Continuing Operation Net Minority Interest": NaN,
        "Reconciled Depreciation": NaN,
        "Reconciled Cost Of Revenue": NaN,
        "EBITDA": NaN,
        "EBIT": NaN,
        "Net Interest Income": NaN,
        "Interest Expense": NaN,
        "Normalized Income": NaN,
        "Net Income From Continuing And Discontinued Operation": NaN,
        "Total Expenses": NaN,
        "Total Operating Income As Reported": NaN,
        "Diluted Average Shares": NaN,
        "Basic Average Shares": NaN,
        "Diluted EPS": NaN,
        "Basic EPS": NaN,
        "Diluted NI Availto Com Stockholders": NaN,
        "Average Dilution Earnings": NaN,
        "Net Income Common Stockholders": NaN,
        "Net Income": NaN,
        "Minority Interests": NaN,
        "Net Income Including Noncontrolling Interests": NaN,
        "Net Income Continuous Operations": NaN,
        "Tax Provision": NaN,
        "Pretax Income": NaN,
        "Other Income Expense": NaN,
        "Other Non Operating Income Expenses": NaN,
        "Special Income Charges": NaN,
        "Gain On Sale Of Ppe": NaN,
        "Other Special Charges": NaN,
        "Write Off": 0.0,
        "Impairment Of Capital Assets": NaN,
        "Gain On Sale Of Security": NaN,
        "Net Non Operating Interest Income Expense": NaN,
        "Interest Expense Non Operating": NaN,
        "Operating Income": NaN,
        "Operating Expense": NaN,
        "Other Operating Expenses": NaN,
        "Selling General And Administration": NaN,
        "Gross Profit": NaN,
        "Cost Of Revenue": NaN,
        "Total Revenue": NaN,
        "Operating Revenue": NaN
    },
    "2022-12-31": {
        "Tax Effect Of Unusual Items": NaN,
        "Tax Rate For Calcs": NaN,
        "Normalized EBITDA": NaN,
        "Total Unusual Items": NaN,
        "Total Unusual Items Excluding Goodwill": NaN,
        "Net Income From Continuing Operation Net Minority Interest": NaN,
        "Reconciled Depreciation": NaN,
        "Reconciled Cost Of Revenue": NaN,
        "EBITDA": NaN,
        "EBIT": NaN,
        "Net Interest Income": NaN,
        "Interest Expense": NaN,
        "Normalized Income": NaN,
        "Net Income From Continuing And Discontinued Operation": NaN,
        "Total Expenses": NaN,
        "Total Operating Income As Reported": NaN,
        "Diluted Average Shares": NaN,
        "Basic Average Shares": NaN,
        "Diluted EPS": NaN,
        "Basic EPS": NaN,
        "Diluted NI Availto Com Stockholders": NaN,
        "Average Dilution Earnings": NaN,
        "Net Income Common Stockholders": NaN,
        "Net Income": NaN,
        "Minority Interests": NaN,
        "Net Income Including Noncontrolling Interests": NaN,
        "Net Income Continuous Operations": NaN,
        "Tax Provision": NaN,
        "Pretax Income": NaN,
        "Other Income Expense": NaN,
        "Other Non Operating Income Expenses": NaN,
        "Special Income Charges": NaN,
        "Gain On Sale Of Ppe": NaN,
        "Other Special Charges": NaN,
        "Write Off": -8339000.0,
        "Impairment Of Capital Assets": NaN,
        "Gain On Sale Of Security": NaN,
        "Net Non Operating Interest Income Expense": NaN,
        "Interest Expense Non Operating": NaN,
        "Operating Income": NaN,
        "Operating Expense": NaN,
        "Other Operating Expenses": NaN,
        "Selling General And Administration": NaN,
        "Gross Profit": NaN,
        "Cost Of Revenue": NaN,
        "Total Revenue": NaN,
        "Operating Revenue": NaN
    },
    "2022-09-30": {
        "Tax Effect Of Unusual Items": -303138039.615658,
        "Tax Rate For Calcs": 0.181269,
        "Normalized EBITDA": 2572114000.0,
        "Total Unusual Items": -1672308000.0,
        "Total Unusual Items Excluding Goodwill": -1672308000.0,
        "Net Income From Continuing Operation Net Minority Interest": 683670000.0,
        "Reconciled Depreciation": 451126000.0,
        "Reconciled Cost Of Revenue": 1041572000.0,
        "EBITDA": 899806000.0,
        "EBIT": 899806000.0,
        "Net Interest Income": -60138000.0,
        "Interest Expense": 60138000.0,
        "Normalized Income": 2052839960.384342,
        "Net Income From Continuing And Discontinued Operation": 683670000.0,
        "Total Expenses": 1124645000.0,
        "Total Operating Income As Reported": 924586000.0,
        "Diluted Average Shares": 403889000.0,
        "Basic Average Shares": 369987000.0,
        "Diluted EPS": 1.69,
        "Basic EPS": 1.85,
        "Diluted NI Availto Com Stockholders": 683670000.0,
        "Average Dilution Earnings": NaN,
        "Net Income Common Stockholders": 683670000.0,
        "Net Income": 683670000.0,
        "Minority Interests": -3792000.0,
        "Net Income Including Noncontrolling Interests": 687462000.0,
        "Net Income Continuous Operations": 687462000.0,
        "Tax Provision": 152206000.0,
        "Pretax Income": 839668000.0,
        "Other Income Expense": -1672308000.0,
        "Special Income Charges": -48046000.0,
        "Gain On Sale Of Ppe": 265000.0,
        "Other Special Charges": 27814000.0,
        "Write Off": 0.0,
        "Impairment Of Capital Assets": 20497000.0,
        "Gain On Sale Of Security": -1624262000.0,
        "Net Non Operating Interest Income Expense": -60138000.0,
        "Interest Expense Non Operating": 60138000.0,
        "Operating Income": 2572114000.0,
        "Operating Expense": 83073000.0,
        "Other Operating Expenses": 15842000.0,
        "Selling General And Administration": 67231000.0,
        "Gross Profit": 2655187000.0,
        "Cost Of Revenue": 1041572000.0,
        "Total Revenue": 3696759000.0,
        "Operating Revenue": 3696759000.0
    },
    "2022-06-30": {
        "Tax Effect Of Unusual Items": -252394146.889122,
        "Tax Rate For Calcs": 0.256337,
        "Normalized EBITDA": 2253063000.0,
        "Total Unusual Items": -984620000.0,
        "Total Unusual Items Excluding Goodwill": -984620000.0,
        "Net Income From Continuing Operation Net Minority Interest": 891361000.0,
        "Reconciled Depreciation": 447220000.0,
        "Reconciled Cost Of Revenue": 1051403000.0,
        "EBITDA": 1268443000.0,
        "EBIT": 1268443000.0,
        "Net Interest Income": -65985000.0,
        "Interest Expense": 65985000.0,
        "Normalized Income": 1623586853.110878,
        "Net Income From Continuing And Discontinued Operation": 891361000.0,
        "Total Expenses": 1119540000.0,
        "Total Operating Income As Reported": 1361901000.0,
        "Diluted Average Shares": 407303000.0,
        "Basic Average Shares": 369866000.0,
        "Diluted EPS": 2.19,
        "Basic EPS": 2.41,
        "Diluted NI Availto Com Stockholders": 891361000.0,
        "Average Dilution Earnings": NaN,
        "Net Income Common Stockholders": 891361000.0,
        "Net Income": 891361000.0,
        "Minority Interests": -2863000.0,
        "Net Income Including Noncontrolling Interests": 894224000.0,
        "Net Income Continuous Operations": 894224000.0,
        "Tax Provision": 308234000.0,
        "Pretax Income": 1202458000.0,
        "Other Income Expense": -984620000.0,
        "Special Income Charges": -150415000.0,
        "Gain On Sale Of Ppe": 981000.0,
        "Other Special Charges": 104348000.0,
        "Write Off": 0.0,
        "Impairment Of Capital Assets": 47048000.0,
        "Gain On Sale Of Security": -834205000.0,
        "Net Non Operating Interest Income Expense": -65985000.0,
        "Interest Expense Non Operating": 65985000.0,
        "Operating Income": 2253063000.0,
        "Operating Expense": 68137000.0,
        "Other Operating Expenses": 8861000.0,
        "Selling General And Administration": 59276000.0,
        "Gross Profit": 2321200000.0,
        "Cost Of Revenue": 1051403000.0,
        "Total Revenue": 3372603000.0,
        "Operating Revenue": 3372603000.0
    },
    "2022-03-31": {
        "Diluted EPS": -4.05,
        "Total Revenue": -579,
        "Gross Profit": NaN,
        "Operating Income": NaN,
        "EBIT": NaN,
        "Net Income": NaN
    },
    "2021-12-31": {
        "Diluted EPS": 4.69,
        "Total Revenue": NaN,
        "Gross Profit": NaN,
        "Operating Income": NaN,
        "EBIT": NaN,
        "Net Income": NaN
    },
    "2021-09-30": {
        "Diluted EPS": -5.54,
        "Total Revenue": NaN,
        "Gross Profit": NaN,
        "Operating Income": NaN,
        "EBIT": NaN,
        "Net Income": NaN
    },
    "2021-06-30": {
        "Diluted EPS": -3.34,
        "Total Revenue": -260,
        "Gross Profit": -773,
        "Operating Income": NaN,
        "EBIT": -831,
        "Net Income": -933
    },
    "2021-03-31": {
        "Diluted EPS": -0.13,
        "Total Revenue": 950,
        "Gross Profit": 456,
        "Operating Income": 9,
        "EBIT": 392,
        "Net Income": -37
    },
    "2020-12-31": {
        "Diluted EPS": 0.23,
        "Total Revenue": NaN,
        "Gross Profit": 777,
        "Operating Income": 146,
        "EBIT": 522,
        "Net Income": 64
    },
    "2020-09-30": {
        "Diluted EPS": -2.35,
        "Total Revenue": 172,
        "Gross Profit": -298,
        "Operating Income": -760,
        "EBIT": -399,
        "Net Income": -601
    },
    "2020-06-30": {
        "Diluted EPS": -1.03,
        "Total Revenue": 527,
        "Gross Profit": 82,
        "Operating Income": -387,
        "EBIT": -47,
        "Net Income": -263
    },
    "2020-03-31": {
        "Diluted EPS": -0.65,
        "Total Revenue": NaN,
        "Gross Profit": 626,
        "Operating Income": 123,
        "EBIT": 492,
        "Net Income": -167
    },
    "2019-12-31": {
        "Diluted EPS": -4.62,
        "Total Revenue": NaN,
        "Gross Profit": 536,
        "Operating Income": NaN,
        "EBIT": NaN,
        "Net Income": NaN
    },
    "2019-09-30": {
        "Diluted EPS": -1.41,
        "Total Revenue": 952,
        "Gross Profit": 472,
        "Operating Income": -162,
        "EBIT": 244,
        "Net Income": -361
    },
    "2019-06-30": {
        "Diluted EPS": 0.49,
        "Total Revenue": NaN,
        "Gross Profit": 835,
        "Operating Income": 296,
        "EBIT": 687,
        "Net Income": 126
    },
    "2019-03-31": {
        "Diluted EPS": 0.75,
        "Total Revenue": NaN,
        "Gross Profit": 660,
        "Operating Income": 175,
        "EBIT": 582,
        "Net Income": 191
    },
    "2018-12-31": {
        "Diluted EPS": -2.53,
        "Total Revenue": NaN,
        "Gross Profit": 767,
        "Operating Income": -571,
        "EBIT": -116,
        "Net Income": -399
    },
    "2018-09-30": {
        "Diluted EPS": -0.15,
        "Total Revenue": NaN,
        "Gross Profit": 583,
        "Operating Income": -147,
        "EBIT": 291,
        "Net Income": -40
    },
    "2018-06-30": {
        "Diluted EPS": 0.07,
        "Total Revenue": 951,
        "Gross Profit": 473,
        "Operating Income": -115,
        "EBIT": 305,
        "Net Income": 18
    },
    "2018-03-31": {
        "Diluted EPS": -5.99,
        "Total Revenue": NaN,
        "Gross Profit": 836,
        "Operating Income": NaN,
        "EBIT": NaN,
        "Net Income": NaN
    },
    "2017-12-31": {
        "Diluted EPS": 6.72,
        "Total Revenue": 849,
        "Gross Profit": 25,
        "Operating Income": -337,
        "EBIT": 6,
        "Net Income": NaN
    },
    "2017-09-30": {
        "Diluted EPS": 0.13,
        "Total Revenue": 659,
        "Gross Profit": 481,
        "Operating Income": 138,
        "EBIT": 385,
        "Net Income": 23
    },
    "2017-06-30": {
        "Diluted EPS": 0.24,
        "Total Revenue": 689,
        "Gross Profit": 506,
        "Operating Income": 190,
        "EBIT": 429,
        "Net Income": 41
    },
    "2017-03-31": {
        "Diluted EPS": 0.95,
        "Total Revenue": 894,
        "Gross Profit": 715,
        "Operating Income": 391,
        "EBIT": 625,
        "Net Income": 164
    },
    "2016-12-31": {
        "Diluted EPS": -1.15,
        "Total Revenue": 158,
        "Gross Profit": -515,
        "Operating Income": -666,
        "EBIT": -421,
        "Net Income": -192
    },
    "2016-09-30": {
        "Diluted EPS": -0.05,
        "Total Revenue": 557,
        "Gross Profit": 425,
        "Operating Income": 108,
        "EBIT": 346,
        "Net Income": -8
    },
    "2016-06-30": {
        "Diluted EPS": -1.55,
        "Total Revenue": 128,
        "Gross Profit": -6,
        "Operating Income": -324,
        "EBIT": -100,
        "Net Income": -259
    },
    "2016-03-31": {
        "Diluted EPS": 0.04,
        "Total Revenue": 545,
        "Gross Profit": 424,
        "Operating Income": 127,
        "EBIT": 348,
        "Net Income": 6
    },
    "2015-12-31": {
        "Diluted EPS": -0.89,
        "Total Revenue": 601,
        "Gross Profit": 421,
        "Operating Income": 45,
        "EBIT": 265,
        "Net Income": -135
    },
    "2015-09-30": {
        "Diluted EPS": 0.27,
        "Total Revenue": 584,
        "Gross Profit": 471,
        "Operating Income": 170,
        "EBIT": 378,
        "Net Income": 41
    },
    "2015-06-30": {
        "Diluted EPS": 0.04,
        "Total Revenue": 440,
        "Gross Profit": 327,
        "Operating Income": 33,
        "EBIT": 230,
        "Net Income": 6
    },
    "2015-03-31": {
        "Diluted EPS": 1.14,
        "Total Revenue": 715,
        "Gross Profit": 605,
        "Operating Income": 315,
        "EBIT": 510,
        "Net Income": 173
    },
    "2014-12-31": {
        "Diluted EPS": -0.1,
        "Total Revenue": 703,
        "Gross Profit": 547,
        "Operating Income": 40,
        "EBIT": 235,
        "Net Income": -15
    },
    "2014-09-30": {
        "Diluted EPS": 0.65,
        "Total Revenue": 579,
        "Gross Profit": 492,
        "Operating Income": 232,
        "EBIT": 407,
        "Net Income": 99
    },
    "2014-06-30": {
        "Diluted EPS": 0.73,
        "Total Revenue": 526,
        "Gross Profit": 435,
        "Operating Income": 225,
        "EBIT": 382,
        "Net Income": 111
    },
    "2014-03-31": {
        "Diluted EPS": 1.26,
        "Total Revenue": 662,
        "Gross Profit": 585,
        "Operating Income": 357,
        "EBIT": 509,
        "Net Income": 192
    },
    "2013-12-31": {
        "Diluted EPS": 0.76,
        "Total Revenue": 493,
        "Gross Profit": 419,
        "Operating Income": 181,
        "EBIT": 364,
        "Net Income": 115
    },
    "2013-09-30": {
        "Diluted EPS": 0.58,
        "Total Revenue": 480,
        "Gross Profit": 411,
        "Operating Income": 167,
        "EBIT": 343,
        "Net Income": 88
    },
    "2013-06-30": {
        "Diluted EPS": 0.57,
        "Total Revenue": 473,
        "Gross Profit": 403,
        "Operating Income": 162,
        "EBIT": 331,
        "Net Income": 87
    },
    "2013-03-31": {
        "Diluted EPS": 0.66,
        "Total Revenue": 416,
        "Gross Profit": 354,
        "Operating Income": 144,
        "EBIT": 294,
        "Net Income": 100
    },
    "2012-12-31": {
        "Diluted EPS": 0.32,
        "Total Revenue": 490,
        "Gross Profit": 396,
        "Operating Income": 151,
        "EBIT": 295,
        "Net Income": 48
    },
    "2012-09-30": {
        "Diluted EPS": 0.21,
        "Total Revenue": 364,
        "Gross Profit": 306,
        "Operating Income": 86,
        "EBIT": 218,
        "Net Income": 32
    },
    "2012-06-30": {
        "Diluted EPS": 0.21,
        "Total Revenue": 338,
        "Gross Profit": 276,
        "Operating Income": 81,
        "EBIT": 197,
        "Net Income": 31
    },
    "2012-03-31": {
        "Diluted EPS": 0.48,
        "Total Revenue": 450,
        "Gross Profit": 339,
        "Operating Income": 152,
        "EBIT": 260,
        "Net Income": 72
    },
    "2011-12-31": {
        "Diluted EPS": 0.6,
        "Total Revenue": 437,
        "Gross Profit": 350,
        "Operating Income": 173,
        "EBIT": 264,
        "Net Income": 91
    },
    "2011-09-30": {
        "Diluted EPS": 1.19,
        "Total Revenue": 363,
        "Gross Profit": 304,
        "Operating Income": 315,
        "EBIT": 402,
        "Net Income": 179
    },
    "2011-06-30": {
        "Diluted EPS": 0.58,
        "Total Revenue": 368,
        "Gross Profit": 308,
        "Operating Income": 153,
        "EBIT": 235,
        "Net Income": 88
    },
    "2011-03-31": {
        "Diluted EPS": 0.82,
        "Total Revenue": 473,
        "Gross Profit": 341,
        "Operating Income": 220,
        "EBIT": 299,
        "Net Income": 122
    },
    "2010-12-31": {
        "Diluted EPS": 0.49,
        "Total Revenue": 371,
        "Gross Profit": 289,
        "Operating Income": 135,
        "EBIT": 209,
        "Net Income": 73
    },
    "2010-09-30": {
        "Diluted EPS": 0.24,
        "Total Revenue": 257,
        "Gross Profit": 232,
        "Operating Income": 88,
        "EBIT": 157,
        "Net Income": 37
    },
    "2010-06-30": {
        "Diluted EPS": 0.2,
        "Total Revenue": 258,
        "Gross Profit": 225,
        "Operating Income": 79,
        "EBIT": 144,
        "Net Income": 30
    },
    "2010-03-31": {
        "Diluted EPS": 0.65,
        "Total Revenue": 437,
        "Gross Profit": 306,
        "Operating Income": 169,
        "EBIT": 231,
        "Net Income": 88
    },
    "2009-12-31": {
        "Diluted EPS": 0.42,
        "Total Revenue": 344,
        "Gross Profit": 259,
        "Operating Income": 113,
        "EBIT": 169,
        "Net Income": 55
    },
    "2009-09-30": {
        "Diluted EPS": 0.02,
        "Total Revenue": 218,
        "Gross Profit": 189,
        "Operating Income": 40,
        "EBIT": 90,
        "Net Income": 3
    },
    "2009-06-30": {
        "Diluted EPS": 0.2,
        "Total Revenue": 238,
        "Gross Profit": 189,
        "Operating Income": 68,
        "EBIT": 114,
        "Net Income": 27
    },
    "2009-03-31": {
        "Diluted EPS": 0.55,
        "Total Revenue": 469,
        "Gross Profit": 245,
        "Operating Income": 136,
        "EBIT": 181,
        "Net Income": 72
    },
    "2023-09-30": {
        "Tax Effect Of Unusual Items": 35379330.0,
        "Tax Rate For Calcs": 0.21,
        "Normalized EBITDA": 296798000.0,
        "Total Unusual Items": 168473000.0,
        "Total Unusual Items Excluding Goodwill": 168473000.0,
        "Net Income From Continuing Operation Net Minority Interest": 81255000.0,
        "Reconciled Depreciation": 450967000.0,
        "Reconciled Cost Of Revenue": 513979000.0,
        "EBITDA": 465271000.0,
        "EBIT": 14304000.0,
        "Net Interest Income": -60427000.0,
        "Interest Expense": 60427000.0,
        "Normalized Income": -51838670.0,
        "Net Income From Continuing And Discontinued Operation": 81255000.0,
        "Total Expenses": 1162365000.0,
        "Total Operating Income As Reported": 15807000.0,
        "Diluted Average Shares": 416190000.0,
        "Basic Average Shares": 383359000.0,
        "Diluted EPS": 0.2,
        "Basic EPS": 0.21,
        "Diluted NI Availto Com Stockholders": 81255000.0,
        "Average Dilution Earnings": NaN,
        "Net Income Common Stockholders": 81255000.0,
        "Net Income": 81255000.0,
        "Minority Interests": 525000.0,
        "Net Income Including Noncontrolling Interests": 80730000.0,
        "Net Income Continuous Operations": 80730000.0,
        "Tax Provision": -126853000.0,
        "Pretax Income": -46123000.0,
        "Other Income Expense": 168473000.0,
        "Other Non Operating Income Expenses": NaN,
        "Special Income Charges": -9019000.0,
        "Gain On Sale Of Ppe": -1511000.0,
        "Other Special Charges": 1089000.0,
        "Write Off": 0.0,
        "Impairment Of Capital Assets": 6419000.0,
        "Gain On Sale Of Security": 177492000.0,
        "Net Non Operating Interest Income Expense": -60427000.0,
        "Interest Expense Non Operating": 60427000.0,
        "Operating Income": -154169000.0,
        "Operating Expense": 648386000.0,
        "Other Operating Expenses": 591444000.0,
        "Selling General And Administration": 56942000.0,
        "Gross Profit": 494217000.0,
        "Cost Of Revenue": 513979000.0,
        "Total Revenue": 1008196000.0,
        "Operating Revenue": 1008196000.0
    },
    "2023-12-31": {
        "Tax Effect Of Unusual Items": 122945557.067008,
        "Tax Rate For Calcs": 0.231412,
        "Normalized EBITDA": 700753000.0,
        "Total Unusual Items": 531285000.0,
        "Total Unusual Items Excluding Goodwill": 531285000.0,
        "Net Income From Continuing Operation Net Minority Interest": 502055000.0,
        "Reconciled Depreciation": 506808000.0,
        "Reconciled Cost Of Revenue": 586516000.0,
        "EBITDA": 1232038000.0,
        "EBIT": 725230000.0,
        "Net Interest Income": -72804000.0,
        "Interest Expense": 72804000.0,
        "Normalized Income": 93715557.067008,
        "Net Income From Continuing And Discontinued Operation": 502055000.0,
        "Total Expenses": 1177257000.0,
        "Total Operating Income As Reported": 722717000.0,
        "Diluted Average Shares": 445400000.0,
        "Basic Average Shares": 416792000.0,
        "Diluted EPS": 1.13,
        "Basic EPS": 1.2,
        "Diluted NI Availto Com Stockholders": 502055000.0,
        "Average Dilution Earnings": NaN,
        "Net Income Common Stockholders": 502055000.0,
        "Net Income": 502055000.0,
        "Minority Interests": 608000.0,
        "Net Income Including Noncontrolling Interests": 501447000.0,
        "Net Income Continuous Operations": 501447000.0,
        "Tax Provision": 150979000.0,
        "Pretax Income": 652426000.0,
        "Other Income Expense": 531285000.0,
        "Other Non Operating Income Expenses": NaN,
        "Special Income Charges": -143160000.0,
        "Gain On Sale Of Ppe": 369000.0,
        "Other Special Charges": 135000.0,
        "Write Off": 0.0,
        "Impairment Of Capital Assets": 87131000.0,
        "Gain On Sale Of Security": 674445000.0,
        "Net Non Operating Interest Income Expense": -72804000.0,
        "Interest Expense Non Operating": 72804000.0,
        "Operating Income": 193945000.0,
        "Operating Expense": 590741000.0,
        "Other Operating Expenses": 523569000.0,
        "Selling General And Administration": 67172000.0,
        "Gross Profit": 784686000.0,
        "Cost Of Revenue": 586516000.0,
        "Total Revenue": 1371202000.0,
        "Operating Revenue": 1371202000.0
    },
    "2024-03-31": {
        "Tax Effect Of Unusual Items": 18368661.0,
        "Tax Rate For Calcs": 0.191,
        "Normalized EBITDA": 575112000.0,
        "Total Unusual Items": 96171000.0,
        "Total Unusual Items Excluding Goodwill": 96171000.0,
        "Net Income From Continuing Operation Net Minority Interest": 103488000.0,
        "Reconciled Depreciation": 489547000.0,
        "Reconciled Cost Of Revenue": 589069000.0,
        "EBITDA": 671283000.0,
        "EBIT": 181736000.0,
        "Net Interest Income": -54371000.0,
        "Interest Expense": 54371000.0,
        "Normalized Income": 25685661.0,
        "Net Income From Continuing And Discontinued Operation": 103488000.0,
        "Total Expenses": 1220192000.0,
        "Total Operating Income As Reported": 182720000.0,
        "Diluted Average Shares": 444967000.0,
        "Basic Average Shares": 439459000.0,
        "Diluted EPS": 0.23,
        "Basic EPS": 0.24,
        "Diluted NI Availto Com Stockholders": 103488000.0,
        "Average Dilution Earnings": NaN,
        "Net Income Common Stockholders": 103488000.0,
        "Net Income": 103488000.0,
        "Minority Interests": 425000.0,
        "Net Income Including Noncontrolling Interests": 103063000.0,
        "Net Income Continuous Operations": 103063000.0,
        "Tax Provision": 24302000.0,
        "Pretax Income": 127365000.0,
        "Other Income Expense": 96171000.0,
        "Other Non Operating Income Expenses": NaN,
        "Special Income Charges": -12805000.0,
        "Gain On Sale Of Ppe": -147000.0,
        "Other Special Charges": 3449000.0,
        "Write Off": NaN,
        "Impairment Of Capital Assets": 9209000.0,
        "Gain On Sale Of Security": 108976000.0,
        "Net Non Operating Interest Income Expense": -54371000.0,
        "Interest Expense Non Operating": 54371000.0,
        "Operating Income": 85565000.0,
        "Operating Expense": 631123000.0,
        "Other Operating Expenses": 558070000.0,
        "Selling General And Administration": 73053000.0,
        "Gross Profit": 716688000.0,
        "Cost Of Revenue": 589069000.0,
        "Total Revenue": 1305757000.0,
        "Operating Revenue": 1305757000.0
    },
    "2024-06-30": {
        "Tax Effect Of Unusual Items": 71848980.0,
        "Tax Rate For Calcs": 0.21,
        "Normalized EBITDA": 150101000.0,
        "Total Unusual Items": 342138000.0,
        "Total Unusual Items Excluding Goodwill": 342138000.0,
        "Net Income From Continuing Operation Net Minority Interest": 9517000.0,
        "Reconciled Depreciation": 471502000.0,
        "Reconciled Cost Of Revenue": 568169000.0,
        "EBITDA": 492239000.0,
        "EBIT": 20737000.0,
        "Net Interest Income": -55720000.0,
        "Interest Expense": 55720000.0,
        "Normalized Income": -260772020.0,
        "Net Income From Continuing And Discontinued Operation": 9517000.0,
        "Total Expenses": 1232011000.0,
        "Total Operating Income As Reported": 2971000.0,
        "Diluted Average Shares": 444921000.0,
        "Basic Average Shares": 441968000.0,
        "Diluted EPS": 0.02,
        "Basic EPS": 0.02,
        "Diluted NI Availto Com Stockholders": 9517000.0,
        "Average Dilution Earnings": 0.0,
        "Net Income Common Stockholders": 9517000.0,
        "Net Income": 9517000.0,
        "Minority Interests": 278000.0,
        "Net Income Including Noncontrolling Interests": 9239000.0,
        "Net Income Continuous Operations": 9239000.0,
        "Tax Provision": -44222000.0,
        "Pretax Income": -34983000.0,
        "Other Income Expense": 361569000.0,
        "Other Non Operating Income Expenses": 19431000.0,
        "Special Income Charges": 280633000.0,
        "Gain On Sale Of Ppe": 320129000.0,
        "Other Special Charges": 1837000.0,
        "Write Off": NaN,
        "Impairment Of Capital Assets": 37659000.0,
        "Gain On Sale Of Security": 61505000.0,
        "Net Non Operating Interest Income Expense": -55720000.0,
        "Interest Expense Non Operating": 55720000.0,
        "Operating Income": -340832000.0,
        "Operating Expense": 663842000.0,
        "Other Operating Expenses": 596635000.0,
        "Selling General And Administration": 67207000.0,
        "Gross Profit": 323010000.0,
        "Cost Of Revenue": 568169000.0,
        "Total Revenue": 891179000.0,
        "Operating Revenue": 891179000.0
    }
}