{
    "2023-06-30": {
        "Tax Effect Of Unusual Items": 0.0,
        "Tax Rate For Calcs": 0.209524,
        "Net Income From Continuing Operation Net Minority Interest": 117852000.0,
        "EBIT": 149090000.0,
        "Net Interest Income": 0.0,
        "Interest Expense": 0.0,
        "Normalized Income": 117852000.0,
        "Net Income From Continuing And Discontinued Operation": 117852000.0,
        "Total Expenses": 702407000.0,
        "Diluted Average Shares": 58400774.0,
        "Basic Average Shares": 52289826.0,
        "Diluted EPS": 2.25,
        "Basic EPS": 2.53,
        "Diluted NI Availto Com Stockholders": 117852000.0,
        "Net Income Common Stockholders": 117852000.0,
        "Net Income": 117852000.0,
        "Net Income Including Noncontrolling Interests": 117852000.0,
        "Net Income Continuous Operations": 117852000.0,
        "Tax Provision": 31238000.0,
        "Pretax Income": 149090000.0,
        "Other Income Expense": 190895000.0,
        "Net Non Operating Interest Income Expense": 0.0,
        "Interest Expense Non Operating": 0.0,
        "Other Operating Expenses": -3305000.0,
        "Total Revenue": 851497000.0,
        "Operating Revenue": 851497000.0
    },
    "2023-03-31": {
        "Tax Effect Of Unusual Items": 0.0,
        "Tax Rate For Calcs": 0.209871,
        "Net Income From Continuing Operation Net Minority Interest": 86241000.0,
        "EBIT": 109148000.0,
        "Net Interest Income": 0.0,
        "Interest Expense": 0.0,
        "Normalized Income": 86241000.0,
        "Net Income From Continuing And Discontinued Operation": 86241000.0,
        "Total Expenses": 638585000.0,
        "Diluted Average Shares": 58401301.0,
        "Basic Average Shares": 52289619.0,
        "Diluted EPS": 1.65,
        "Basic EPS": 1.85,
        "Diluted NI Availto Com Stockholders": 86241000.0,
        "Net Income Common Stockholders": 86241000.0,
        "Net Income": 86241000.0,
        "Net Income Including Noncontrolling Interests": 86241000.0,
        "Net Income Continuous Operations": 86241000.0,
        "Tax Provision": 22907000.0,
        "Pretax Income": 109148000.0,
        "Other Income Expense": 179186000.0,
        "Net Non Operating Interest Income Expense": 0.0,
        "Interest Expense Non Operating": 0.0,
        "Other Operating Expenses": -3337000.0,
        "Total Revenue": 747733000.0,
        "Operating Revenue": 747733000.0
    },
    "2022-12-31": {
        "Tax Effect Of Unusual Items": 0.0,
        "Tax Rate For Calcs": 0.200961,
        "Net Income From Continuing Operation Net Minority Interest": 65490000.0,
        "EBIT": 81961000.0,
        "Net Interest Income": 0.0,
        "Interest Expense": 0.0,
        "Normalized Income": 65490000.0,
        "Net Income From Continuing And Discontinued Operation": 65490000.0,
        "Total Expenses": 618962000.0,
        "Diluted Average Shares": 52301445.0,
        "Basic Average Shares": 46191570.0,
        "Diluted EPS": 1.25,
        "Basic EPS": 1.41,
        "Diluted NI Availto Com Stockholders": 65490000.0,
        "Net Income Common Stockholders": 65490000.0,
        "Net Income": 65490000.0,
        "Net Income Including Noncontrolling Interests": 65490000.0,
        "Net Income Continuous Operations": 65490000.0,
        "Tax Provision": 16471000.0,
        "Pretax Income": 81961000.0,
        "Other Income Expense": 182125000.0,
        "Net Non Operating Interest Income Expense": 0.0,
        "Interest Expense Non Operating": 0.0,
        "Other Operating Expenses": -243000.0,
        "Total Revenue": 700923000.0,
        "Operating Revenue": 700923000.0
    },
    "2022-09-30": {
        "Tax Effect Of Unusual Items": 0.0,
        "Tax Rate For Calcs": 0.207,
        "Net Income From Continuing Operation Net Minority Interest": 84313000.0,
        "EBIT": 106463000.0,
        "Net Interest Income": -115000.0,
        "Interest Expense": 115000.0,
        "Normalized Income": 84313000.0,
        "Net Income From Continuing And Discontinued Operation": 84313000.0,
        "Total Expenses": 634317000.0,
        "Diluted Average Shares": 52296411.0,
        "Basic Average Shares": 46189025.0,
        "Diluted EPS": 1.61,
        "Basic EPS": 1.81,
        "Diluted NI Availto Com Stockholders": 84313000.0,
        "Net Income Common Stockholders": 84313000.0,
        "Net Income": 84313000.0,
        "Net Income Including Noncontrolling Interests": 84313000.0,
        "Net Income Continuous Operations": 84313000.0,
        "Tax Provision": 22035000.0,
        "Pretax Income": 106348000.0,
        "Other Income Expense": 174913000.0,
        "Net Non Operating Interest Income Expense": -115000.0,
        "Interest Expense Non Operating": 115000.0,
        "Other Operating Expenses": -562000.0,
        "Total Revenue": 740665000.0,
        "Operating Revenue": 740665000.0
    },
    "2022-06-30": {
        "Tax Effect Of Unusual Items": 0.0,
        "Tax Rate For Calcs": 0.209,
        "Net Income From Continuing Operation Net Minority Interest": 80147000.0,
        "EBIT": 102243000.0,
        "Net Interest Income": -895000.0,
        "Interest Expense": 895000.0,
        "Normalized Income": 80147000.0,
        "Net Income From Continuing And Discontinued Operation": 80147000.0,
        "Total Expenses": 622701000.0,
        "Diluted Average Shares": 58396939.0,
        "Basic Average Shares": 52289645.0,
        "Diluted EPS": 1.53,
        "Basic EPS": 1.72,
        "Diluted NI Availto Com Stockholders": 80147000.0,
        "Net Income Common Stockholders": 80147000.0,
        "Net Income": 80147000.0,
        "Net Income Including Noncontrolling Interests": 80147000.0,
        "Net Income Continuous Operations": 80147000.0,
        "Tax Provision": 21201000.0,
        "Pretax Income": 101348000.0,
        "Other Income Expense": 167112000.0,
        "Net Non Operating Interest Income Expense": -895000.0,
        "Interest Expense Non Operating": 895000.0,
        "Other Operating Expenses": -337000.0,
        "Total Revenue": 724049000.0,
        "Operating Revenue": 724049000.0
    },
    "2022-03-31": {
        "Diluted EPS": 1.31,
        "Total Revenue": 672,
        "Gross Profit": 84,
        "Operating Income": 84,
        "EBIT": 84,
        "Net Income": 69
    },
    "2021-12-31": {
        "Diluted EPS": 1.12,
        "Total Revenue": 636,
        "Gross Profit": 62,
        "Operating Income": 62,
        "EBIT": 62,
        "Net Income": 55
    },
    "2021-09-30": {
        "Diluted EPS": 1.72,
        "Total Revenue": 688,
        "Gross Profit": 95,
        "Operating Income": 95,
        "EBIT": 95,
        "Net Income": 90
    },
    "2021-06-30": {
        "Diluted EPS": 1.44,
        "Total Revenue": 680,
        "Gross Profit": 85,
        "Operating Income": 85,
        "EBIT": 85,
        "Net Income": 79
    },
    "2021-03-31": {
        "Diluted EPS": 1.41,
        "Total Revenue": 630,
        "Gross Profit": 76,
        "Operating Income": 76,
        "EBIT": 76,
        "Net Income": 74
    },
    "2020-12-31": {
        "Diluted EPS": 1.2,
        "Total Revenue": 609,
        "Gross Profit": 65,
        "Operating Income": 65,
        "EBIT": 65,
        "Net Income": 63
    },
    "2020-09-30": {
        "Diluted EPS": 1.71,
        "Total Revenue": 653,
        "Gross Profit": 96,
        "Operating Income": 96,
        "EBIT": 96,
        "Net Income": 89
    },
    "2020-06-30": {
        "Diluted EPS": 1.57,
        "Total Revenue": 657,
        "Gross Profit": 91,
        "Operating Income": 91,
        "EBIT": 91,
        "Net Income": 82
    },
    "2020-03-31": {
        "Diluted EPS": 1.13,
        "Total Revenue": 617,
        "Gross Profit": 86,
        "Operating Income": 86,
        "EBIT": 86,
        "Net Income": 59
    },
    "2019-12-31": {
        "Diluted EPS": 1.18,
        "Total Revenue": 597,
        "Gross Profit": 69,
        "Operating Income": 69,
        "EBIT": 69,
        "Net Income": 60
    },
    "2019-09-30": {
        "Diluted EPS": 1.8,
        "Total Revenue": 639,
        "Gross Profit": 106,
        "Operating Income": 106,
        "EBIT": 106,
        "Net Income": 94
    },
    "2019-06-30": {
        "Diluted EPS": 1.68,
        "Total Revenue": 648,
        "Gross Profit": 97,
        "Operating Income": 97,
        "EBIT": 97,
        "Net Income": 88
    },
    "2019-03-31": {
        "Diluted EPS": 1.44,
        "Total Revenue": 594,
        "Gross Profit": 86,
        "Operating Income": 86,
        "EBIT": 86,
        "Net Income": 75
    },
    "2018-12-31": {
        "Diluted EPS": 1.19,
        "Total Revenue": 576,
        "Gross Profit": 75,
        "Operating Income": 75,
        "EBIT": 75,
        "Net Income": 62
    },
    "2018-09-30": {
        "Diluted EPS": 1.54,
        "Total Revenue": 612,
        "Gross Profit": 97,
        "Operating Income": 97,
        "EBIT": 97,
        "Net Income": 80
    },
    "2018-06-30": {
        "Diluted EPS": 1.52,
        "Total Revenue": 621,
        "Gross Profit": 95,
        "Operating Income": 95,
        "EBIT": 95,
        "Net Income": 80
    },
    "2018-03-31": {
        "Diluted EPS": 1.26,
        "Total Revenue": 572,
        "Gross Profit": 78,
        "Operating Income": 78,
        "EBIT": 78,
        "Net Income": 66
    },
    "2017-12-31": {
        "Diluted EPS": 0.61,
        "Total Revenue": 401,
        "Gross Profit": 59,
        "Operating Income": 59,
        "EBIT": 59,
        "Net Income": 32
    },
    "2017-09-30": {
        "Diluted EPS": 1.12,
        "Total Revenue": 442,
        "Gross Profit": 81,
        "Operating Income": 81,
        "EBIT": 81,
        "Net Income": 59
    },
    "2017-06-30": {
        "Diluted EPS": 1.12,
        "Total Revenue": 449,
        "Gross Profit": 83,
        "Operating Income": 83,
        "EBIT": 83,
        "Net Income": 59
    },
    "2017-03-31": {
        "Diluted EPS": 0.91,
        "Total Revenue": 399,
        "Gross Profit": 67,
        "Operating Income": 67,
        "EBIT": 67,
        "Net Income": 48
    },
    "2016-12-31": {
        "Diluted EPS": 0.88,
        "Total Revenue": 380,
        "Gross Profit": -247,
        "Operating Income": 58,
        "EBIT": 58,
        "Net Income": 46
    },
    "2016-09-30": {
        "Diluted EPS": 1.09,
        "Total Revenue": 418,
        "Gross Profit": 186,
        "Operating Income": 82,
        "EBIT": 82,
        "Net Income": 57
    },
    "2016-06-30": {
        "Diluted EPS": 1.17,
        "Total Revenue": 424,
        "Gross Profit": 188,
        "Operating Income": 86,
        "EBIT": 86,
        "Net Income": 61
    },
    "2016-03-31": {
        "Diluted EPS": 0.87,
        "Total Revenue": 375,
        "Gross Profit": 166,
        "Operating Income": 68,
        "EBIT": 68,
        "Net Income": 46
    },
    "2015-12-31": {
        "Diluted EPS": 0.57,
        "Total Revenue": 361,
        "Gross Profit": 154,
        "Operating Income": 46,
        "EBIT": 46,
        "Net Income": 30
    },
    "2015-09-30": {
        "Diluted EPS": 0.94,
        "Total Revenue": 397,
        "Gross Profit": 173,
        "Operating Income": 68,
        "EBIT": 68,
        "Net Income": 50
    },
    "2015-06-30": {
        "Diluted EPS": 1.07,
        "Total Revenue": 417,
        "Gross Profit": 194,
        "Operating Income": 86,
        "EBIT": 86,
        "Net Income": 56
    },
    "2015-03-31": {
        "Diluted EPS": 0.74,
        "Total Revenue": 357,
        "Gross Profit": 164,
        "Operating Income": 59,
        "EBIT": 59,
        "Net Income": 39
    },
    "2014-12-31": {
        "Diluted EPS": 0.48,
        "Total Revenue": 340,
        "Gross Profit": 144,
        "Operating Income": 38,
        "EBIT": 38,
        "Net Income": 25
    },
    "2014-09-30": {
        "Diluted EPS": 0.9,
        "Total Revenue": NaN,
        "Gross Profit": 150,
        "Operating Income": 150,
        "EBIT": 150,
        "Net Income": 47
    },
    "2014-06-30": {
        "Diluted EPS": 0.93,
        "Total Revenue": NaN,
        "Gross Profit": 147,
        "Operating Income": 147,
        "EBIT": 147,
        "Net Income": 49
    },
    "2014-03-31": {
        "Diluted EPS": 0.88,
        "Total Revenue": NaN,
        "Gross Profit": 156,
        "Operating Income": 156,
        "EBIT": 156,
        "Net Income": 46
    },
    "2013-12-31": {
        "Diluted EPS": 0.68,
        "Total Revenue": NaN,
        "Gross Profit": 470,
        "Operating Income": 470,
        "EBIT": 470,
        "Net Income": 36
    },
    "2013-09-30": {
        "Diluted EPS": 0.87,
        "Total Revenue": NaN,
        "Gross Profit": 398,
        "Operating Income": 398,
        "EBIT": 398,
        "Net Income": 46
    },
    "2013-06-30": {
        "Diluted EPS": 0.83,
        "Total Revenue": NaN,
        "Gross Profit": 263,
        "Operating Income": 263,
        "EBIT": 263,
        "Net Income": 44
    },
    "2013-03-31": {
        "Diluted EPS": 0.7,
        "Total Revenue": NaN,
        "Gross Profit": 436,
        "Operating Income": 436,
        "EBIT": 436,
        "Net Income": 37
    },
    "2012-12-31": {
        "Diluted EPS": 0.56,
        "Total Revenue": NaN,
        "Gross Profit": 165,
        "Operating Income": 165,
        "EBIT": 165,
        "Net Income": 30
    },
    "2012-09-30": {
        "Diluted EPS": 0.96,
        "Total Revenue": NaN,
        "Gross Profit": 270,
        "Operating Income": 270,
        "EBIT": 270,
        "Net Income": 51
    },
    "2012-06-30": {
        "Diluted EPS": 0.8,
        "Total Revenue": NaN,
        "Gross Profit": -70,
        "Operating Income": -70,
        "EBIT": -70,
        "Net Income": 43
    },
    "2012-03-31": {
        "Diluted EPS": 0.67,
        "Total Revenue": NaN,
        "Gross Profit": 534,
        "Operating Income": 534,
        "EBIT": 534,
        "Net Income": 36
    },
    "2011-12-31": {
        "Diluted EPS": 0.48,
        "Total Revenue": NaN,
        "Gross Profit": 425,
        "Operating Income": 425,
        "EBIT": 425,
        "Net Income": 26
    },
    "2011-09-30": {
        "Diluted EPS": 0.87,
        "Total Revenue": 796,
        "Gross Profit": -305,
        "Operating Income": -305,
        "EBIT": -305,
        "Net Income": 47
    },
    "2011-06-30": {
        "Diluted EPS": 0.94,
        "Total Revenue": NaN,
        "Gross Profit": -174,
        "Operating Income": -174,
        "EBIT": -174,
        "Net Income": 52
    },
    "2011-03-31": {
        "Diluted EPS": 0.79,
        "Total Revenue": NaN,
        "Gross Profit": 412,
        "Operating Income": 412,
        "EBIT": 412,
        "Net Income": 44
    },
    "2010-12-31": {
        "Diluted EPS": 0.22,
        "Total Revenue": NaN,
        "Gross Profit": 439,
        "Operating Income": 417,
        "EBIT": 417,
        "Net Income": 12
    },
    "2010-09-30": {
        "Diluted EPS": 0.95,
        "Total Revenue": NaN,
        "Gross Profit": 405,
        "Operating Income": 405,
        "EBIT": 405,
        "Net Income": 54
    },
    "2010-06-30": {
        "Diluted EPS": 0.86,
        "Total Revenue": 916,
        "Gross Profit": -51,
        "Operating Income": -51,
        "EBIT": -51,
        "Net Income": 49
    },
    "2010-03-31": {
        "Diluted EPS": 0.82,
        "Total Revenue": NaN,
        "Gross Profit": 228,
        "Operating Income": 228,
        "EBIT": 228,
        "Net Income": 47
    },
    "2009-12-31": {
        "Diluted EPS": 0.43,
        "Total Revenue": 272,
        "Gross Profit": 226,
        "Operating Income": 39,
        "EBIT": 39,
        "Net Income": 25
    },
    "2009-09-30": {
        "Diluted EPS": 0.7,
        "Total Revenue": NaN,
        "Gross Profit": 356,
        "Operating Income": 356,
        "EBIT": 356,
        "Net Income": 40
    },
    "2009-06-30": {
        "Diluted EPS": 0.57,
        "Total Revenue": NaN,
        "Gross Profit": 258,
        "Operating Income": 258,
        "EBIT": 258,
        "Net Income": 33
    },
    "2009-03-31": {
        "Diluted EPS": 0.19,
        "Total Revenue": 695,
        "Gross Profit": -340,
        "Operating Income": -340,
        "EBIT": -198,
        "Net Income": 11
    },
    "2023-09-30": {
        "Tax Effect Of Unusual Items": 0.0,
        "Tax Rate For Calcs": 0.199873,
        "Net Income From Continuing Operation Net Minority Interest": 131040000.0,
        "EBIT": 163774000.0,
        "Net Interest Income": 0.0,
        "Interest Expense": 0.0,
        "Normalized Income": 131040000.0,
        "Net Income From Continuing And Discontinued Operation": 131040000.0,
        "Total Expenses": 707466000.0,
        "Diluted Average Shares": 52301911.0,
        "Basic Average Shares": 46191579.0,
        "Diluted EPS": 2.51,
        "Basic EPS": 2.81,
        "Diluted NI Availto Com Stockholders": 131040000.0,
        "Net Income Common Stockholders": 131040000.0,
        "Net Income": 131040000.0,
        "Net Income Including Noncontrolling Interests": 131040000.0,
        "Net Income Continuous Operations": 131040000.0,
        "Tax Provision": 32734000.0,
        "Pretax Income": 163774000.0,
        "Other Income Expense": 193738000.0,
        "Net Non Operating Interest Income Expense": 0.0,
        "Interest Expense Non Operating": 0.0,
        "Other Operating Expenses": -3001000.0,
        "Total Revenue": 871240000.0,
        "Operating Revenue": 871240000.0
    }
}