{
    "2023-03-31": {
        "Tax Effect Of Unusual Items": NaN,
        "Tax Rate For Calcs": NaN,
        "Normalized EBITDA": NaN,
        "Total Unusual Items": NaN,
        "Total Unusual Items Excluding Goodwill": NaN,
        "Net Income From Continuing Operation Net Minority Interest": NaN,
        "Reconciled Depreciation": NaN,
        "Reconciled Cost Of Revenue": NaN,
        "EBITDA": NaN,
        "EBIT": NaN,
        "Net Interest Income": NaN,
        "Interest Expense": NaN,
        "Interest Income": NaN,
        "Normalized Income": NaN,
        "Net Income From Continuing And Discontinued Operation": NaN,
        "Total Expenses": NaN,
        "Diluted Average Shares": 93218281.0,
        "Basic Average Shares": 92294045.0,
        "Diluted EPS": 0.26,
        "Basic EPS": 0.26,
        "Diluted NI Availto Com Stockholders": NaN,
        "Net Income Common Stockholders": NaN,
        "Net Income": NaN,
        "Minority Interests": -346000.0,
        "Net Income Including Noncontrolling Interests": NaN,
        "Net Income Continuous Operations": NaN,
        "Tax Provision": NaN,
        "Pretax Income": NaN,
        "Other Income Expense": NaN,
        "Other Non Operating Income Expenses": NaN,
        "Special Income Charges": NaN,
        "Impairment Of Capital Assets": NaN,
        "Gain On Sale Of Security": NaN,
        "Net Non Operating Interest Income Expense": NaN,
        "Total Other Finance Cost": NaN,
        "Interest Expense Non Operating": NaN,
        "Interest Income Non Operating": NaN,
        "Operating Income": NaN,
        "Operating Expense": NaN,
        "Other Operating Expenses": NaN,
        "Provision For Doubtful Accounts": 500.0,
        "Depreciation Amortization Depletion Income Statement": NaN,
        "Depreciation And Amortization In Income Statement": NaN,
        "Selling General And Administration": NaN,
        "General And Administrative Expense": NaN,
        "Other Gand A": NaN,
        "Salaries And Wages": NaN,
        "Gross Profit": NaN,
        "Cost Of Revenue": NaN,
        "Total Revenue": NaN,
        "Operating Revenue": NaN
    },
    "2022-12-31": {
        "Tax Effect Of Unusual Items": NaN,
        "Tax Rate For Calcs": NaN,
        "Normalized EBITDA": NaN,
        "Total Unusual Items": NaN,
        "Total Unusual Items Excluding Goodwill": NaN,
        "Net Income From Continuing Operation Net Minority Interest": NaN,
        "Reconciled Depreciation": NaN,
        "Reconciled Cost Of Revenue": NaN,
        "EBITDA": NaN,
        "EBIT": NaN,
        "Net Interest Income": NaN,
        "Interest Expense": NaN,
        "Interest Income": NaN,
        "Normalized Income": NaN,
        "Net Income From Continuing And Discontinued Operation": NaN,
        "Total Expenses": NaN,
        "Diluted Average Shares": NaN,
        "Basic Average Shares": NaN,
        "Diluted EPS": NaN,
        "Basic EPS": NaN,
        "Diluted NI Availto Com Stockholders": NaN,
        "Net Income Common Stockholders": NaN,
        "Net Income": NaN,
        "Minority Interests": -313000.0,
        "Net Income Including Noncontrolling Interests": NaN,
        "Net Income Continuous Operations": NaN,
        "Tax Provision": NaN,
        "Pretax Income": NaN,
        "Other Income Expense": NaN,
        "Other Non Operating Income Expenses": NaN,
        "Special Income Charges": NaN,
        "Impairment Of Capital Assets": NaN,
        "Gain On Sale Of Security": NaN,
        "Net Non Operating Interest Income Expense": NaN,
        "Total Other Finance Cost": NaN,
        "Interest Expense Non Operating": NaN,
        "Interest Income Non Operating": NaN,
        "Operating Income": NaN,
        "Operating Expense": NaN,
        "Other Operating Expenses": NaN,
        "Provision For Doubtful Accounts": NaN,
        "Depreciation Amortization Depletion Income Statement": NaN,
        "Depreciation And Amortization In Income Statement": NaN,
        "Selling General And Administration": NaN,
        "General And Administrative Expense": NaN,
        "Other Gand A": NaN,
        "Salaries And Wages": NaN,
        "Gross Profit": NaN,
        "Cost Of Revenue": NaN,
        "Total Revenue": NaN,
        "Operating Revenue": NaN
    },
    "2022-09-30": {
        "Tax Effect Of Unusual Items": NaN,
        "Tax Rate For Calcs": NaN,
        "Normalized EBITDA": NaN,
        "Total Unusual Items": NaN,
        "Total Unusual Items Excluding Goodwill": NaN,
        "Net Income From Continuing Operation Net Minority Interest": NaN,
        "Reconciled Depreciation": NaN,
        "Reconciled Cost Of Revenue": NaN,
        "EBITDA": NaN,
        "EBIT": NaN,
        "Net Interest Income": NaN,
        "Interest Expense": NaN,
        "Interest Income": NaN,
        "Normalized Income": NaN,
        "Net Income From Continuing And Discontinued Operation": NaN,
        "Total Expenses": NaN,
        "Diluted Average Shares": NaN,
        "Basic Average Shares": NaN,
        "Diluted EPS": NaN,
        "Basic EPS": NaN,
        "Diluted NI Availto Com Stockholders": NaN,
        "Net Income Common Stockholders": NaN,
        "Net Income": NaN,
        "Minority Interests": -254000.0,
        "Net Income Including Noncontrolling Interests": NaN,
        "Net Income Continuous Operations": NaN,
        "Tax Provision": NaN,
        "Pretax Income": NaN,
        "Other Income Expense": NaN,
        "Other Non Operating Income Expenses": NaN,
        "Gain On Sale Of Security": NaN,
        "Net Non Operating Interest Income Expense": NaN,
        "Total Other Finance Cost": NaN,
        "Interest Expense Non Operating": NaN,
        "Interest Income Non Operating": NaN,
        "Operating Income": NaN,
        "Operating Expense": NaN,
        "Other Operating Expenses": NaN,
        "Provision For Doubtful Accounts": NaN,
        "Depreciation Amortization Depletion Income Statement": NaN,
        "Depreciation And Amortization In Income Statement": NaN,
        "Selling General And Administration": NaN,
        "General And Administrative Expense": NaN,
        "Other Gand A": NaN,
        "Salaries And Wages": NaN,
        "Gross Profit": NaN,
        "Cost Of Revenue": NaN,
        "Total Revenue": NaN,
        "Operating Revenue": NaN
    },
    "2022-06-30": {
        "Tax Effect Of Unusual Items": -593670.227605,
        "Tax Rate For Calcs": 0.179737,
        "Normalized EBITDA": 55220000.0,
        "Total Unusual Items": -3303000.0,
        "Total Unusual Items Excluding Goodwill": -3303000.0,
        "Net Income From Continuing Operation Net Minority Interest": 23820000.0,
        "Reconciled Depreciation": 16361000.0,
        "Reconciled Cost Of Revenue": 47958000.0,
        "EBITDA": 51917000.0,
        "EBIT": 35556000.0,
        "Net Interest Income": -6037000.0,
        "Interest Expense": 6163000.0,
        "Interest Income": 1544000.0,
        "Normalized Income": 26529329.772395,
        "Net Income From Continuing And Discontinued Operation": 23820000.0,
        "Total Expenses": 74962000.0,
        "Diluted Average Shares": 91850321.0,
        "Basic Average Shares": 90539647.0,
        "Diluted EPS": 0.26,
        "Basic EPS": 0.26,
        "Diluted NI Availto Com Stockholders": 23820000.0,
        "Net Income Common Stockholders": 23820000.0,
        "Net Income": 23820000.0,
        "Minority Interests": -290000.0,
        "Net Income Including Noncontrolling Interests": 24110000.0,
        "Net Income Continuous Operations": 24110000.0,
        "Tax Provision": 5283000.0,
        "Pretax Income": 29393000.0,
        "Other Income Expense": -4511000.0,
        "Other Non Operating Income Expenses": -1208000.0,
        "Gain On Sale Of Security": -3303000.0,
        "Net Non Operating Interest Income Expense": -6037000.0,
        "Total Other Finance Cost": 1418000.0,
        "Interest Expense Non Operating": 6163000.0,
        "Interest Income Non Operating": 1544000.0,
        "Operating Income": 39941000.0,
        "Operating Expense": 10711000.0,
        "Other Operating Expenses": 573000.0,
        "Depreciation Amortization Depletion Income Statement": 68000.0,
        "Depreciation And Amortization In Income Statement": 68000.0,
        "Selling General And Administration": 10070000.0,
        "General And Administrative Expense": 10070000.0,
        "Other Gand A": 6588000.0,
        "Salaries And Wages": 3482000.0,
        "Gross Profit": 50652000.0,
        "Cost Of Revenue": 64251000.0,
        "Total Revenue": 114903000.0,
        "Operating Revenue": 127918000.0
    },
    "2023-06-30": {
        "Tax Effect Of Unusual Items": 2433893.179145,
        "Tax Rate For Calcs": 0.161645,
        "Normalized EBITDA": 45066000.0,
        "Total Unusual Items": 15057000.0,
        "Total Unusual Items Excluding Goodwill": 15057000.0,
        "Net Income From Continuing Operation Net Minority Interest": 29576000.0,
        "Reconciled Depreciation": 20239000.0,
        "Reconciled Cost Of Revenue": 45863000.0,
        "EBITDA": 60123000.0,
        "EBIT": 39884000.0,
        "Net Interest Income": -1951000.0,
        "Interest Expense": 4170000.0,
        "Interest Income": 3362000.0,
        "Normalized Income": 16952893.179145,
        "Net Income From Continuing And Discontinued Operation": 29576000.0,
        "Total Expenses": 84763000.0,
        "Diluted Average Shares": 93643447.0,
        "Basic Average Shares": 92685916.0,
        "Diluted EPS": 0.32,
        "Basic EPS": 0.32,
        "Diluted NI Availto Com Stockholders": 29576000.0,
        "Net Income Common Stockholders": 29576000.0,
        "Net Income": 29576000.0,
        "Minority Interests": -365000.0,
        "Net Income Including Noncontrolling Interests": 29941000.0,
        "Net Income Continuous Operations": 29941000.0,
        "Tax Provision": 5773000.0,
        "Pretax Income": 35714000.0,
        "Other Income Expense": 17499000.0,
        "Other Non Operating Income Expenses": 2442000.0,
        "Special Income Charges": NaN,
        "Impairment Of Capital Assets": NaN,
        "Gain On Sale Of Security": 15057000.0,
        "Net Non Operating Interest Income Expense": -1951000.0,
        "Total Other Finance Cost": 1143000.0,
        "Interest Expense Non Operating": 4170000.0,
        "Interest Income Non Operating": 3362000.0,
        "Operating Income": 20166000.0,
        "Operating Expense": 19242000.0,
        "Other Operating Expenses": 682000.0,
        "Provision For Doubtful Accounts": NaN,
        "Depreciation Amortization Depletion Income Statement": 581000.0,
        "Depreciation And Amortization In Income Statement": 581000.0,
        "Selling General And Administration": 17979000.0,
        "General And Administrative Expense": 17979000.0,
        "Other Gand A": 4812000.0,
        "Salaries And Wages": 13167000.0,
        "Gross Profit": 39408000.0,
        "Cost Of Revenue": 65521000.0,
        "Total Revenue": 104929000.0,
        "Operating Revenue": 107133000.0
    },
    "2022-03-31": {
        "Diluted EPS": 0.57,
        "Total Revenue": 109,
        "Gross Profit": 61,
        "Operating Income": 48,
        "EBIT": 56,
        "Net Income": 52
    },
    "2021-12-31": {
        "Diluted EPS": 0.7,
        "Total Revenue": 135,
        "Gross Profit": 84,
        "Operating Income": 71,
        "EBIT": 82,
        "Net Income": 60
    },
    "2021-09-30": {
        "Diluted EPS": 0.28,
        "Total Revenue": 112,
        "Gross Profit": 68,
        "Operating Income": 57,
        "EBIT": 65,
        "Net Income": 26
    },
    "2021-06-30": {
        "Diluted EPS": 0.89,
        "Total Revenue": 121,
        "Gross Profit": 84,
        "Operating Income": 72,
        "EBIT": 82,
        "Net Income": 83
    },
    "2021-03-31": {
        "Diluted EPS": 0.34,
        "Total Revenue": 123,
        "Gross Profit": 83,
        "Operating Income": 72,
        "EBIT": 83,
        "Net Income": 32
    },
    "2020-12-31": {
        "Diluted EPS": 0.76,
        "Total Revenue": 91,
        "Gross Profit": 58,
        "Operating Income": 48,
        "EBIT": 57,
        "Net Income": 66
    },
    "2020-09-30": {
        "Diluted EPS": 0.34,
        "Total Revenue": 94,
        "Gross Profit": 60,
        "Operating Income": 52,
        "EBIT": 62,
        "Net Income": 31
    },
    "2020-06-30": {
        "Diluted EPS": 0.08,
        "Total Revenue": 71,
        "Gross Profit": 40,
        "Operating Income": 31,
        "EBIT": 40,
        "Net Income": 8
    },
    "2020-03-31": {
        "Diluted EPS": -0.62,
        "Total Revenue": 68,
        "Gross Profit": 31,
        "Operating Income": 21,
        "EBIT": 32,
        "Net Income": -53
    },
    "2019-12-31": {
        "Diluted EPS": 0.49,
        "Total Revenue": 76,
        "Gross Profit": 31,
        "Operating Income": 17,
        "EBIT": 29,
        "Net Income": 45
    },
    "2019-09-30": {
        "Diluted EPS": 0.18,
        "Total Revenue": 61,
        "Gross Profit": 21,
        "Operating Income": 14,
        "EBIT": 24,
        "Net Income": 16
    },
    "2019-06-30": {
        "Diluted EPS": 0.17,
        "Total Revenue": 76,
        "Gross Profit": 32,
        "Operating Income": 24,
        "EBIT": 35,
        "Net Income": 15
    },
    "2019-03-31": {
        "Diluted EPS": 0.17,
        "Total Revenue": 72,
        "Gross Profit": 33,
        "Operating Income": 24,
        "EBIT": 36,
        "Net Income": 15
    },
    "2018-12-31": {
        "Diluted EPS": 0.13,
        "Total Revenue": 85,
        "Gross Profit": 39,
        "Operating Income": 28,
        "EBIT": 39,
        "Net Income": 11
    },
    "2018-09-30": {
        "Diluted EPS": 0.06,
        "Total Revenue": 47,
        "Gross Profit": 19,
        "Operating Income": 12,
        "EBIT": 21,
        "Net Income": 5
    },
    "2018-06-30": {
        "Diluted EPS": -0.22,
        "Total Revenue": 61,
        "Gross Profit": 16,
        "Operating Income": 9,
        "EBIT": 24,
        "Net Income": -18
    },
    "2018-03-31": {
        "Diluted EPS": -0.02,
        "Total Revenue": 40,
        "Gross Profit": 8,
        "Operating Income": 1,
        "EBIT": 12,
        "Net Income": -1
    },
    "2017-12-31": {
        "Diluted EPS": 0.0,
        "Total Revenue": NaN,
        "Gross Profit": NaN,
        "Operating Income": NaN,
        "EBIT": NaN,
        "Net Income": NaN
    },
    "2023-09-30": {
        "Tax Effect Of Unusual Items": -5574800.0,
        "Tax Rate For Calcs": 0.4,
        "Normalized EBITDA": 19395000.0,
        "Total Unusual Items": -13937000.0,
        "Total Unusual Items Excluding Goodwill": -13937000.0,
        "Net Income From Continuing Operation Net Minority Interest": 2811000.0,
        "Reconciled Depreciation": 384000.0,
        "Reconciled Cost Of Revenue": 69706000.0,
        "EBITDA": 5458000.0,
        "EBIT": 5074000.0,
        "Net Interest Income": -4351000.0,
        "Interest Expense": 3070000.0,
        "Interest Income": 2976000.0,
        "Normalized Income": 11173200.0,
        "Net Income From Continuing And Discontinued Operation": 2811000.0,
        "Total Expenses": 83613000.0,
        "Diluted Average Shares": 94009268.0,
        "Basic Average Shares": 93311434.0,
        "Diluted EPS": 0.03,
        "Basic EPS": 0.03,
        "Diluted NI Availto Com Stockholders": 2811000.0,
        "Net Income Common Stockholders": 2811000.0,
        "Net Income": 2811000.0,
        "Minority Interests": NaN,
        "Net Income Including Noncontrolling Interests": 2811000.0,
        "Net Income Continuous Operations": 2811000.0,
        "Tax Provision": -807000.0,
        "Pretax Income": 2004000.0,
        "Other Income Expense": -15213000.0,
        "Other Non Operating Income Expenses": -1276000.0,
        "Special Income Charges": NaN,
        "Impairment Of Capital Assets": NaN,
        "Gain On Sale Of Security": -13937000.0,
        "Net Non Operating Interest Income Expense": -4351000.0,
        "Total Other Finance Cost": 4257000.0,
        "Interest Expense Non Operating": 3070000.0,
        "Interest Income Non Operating": 2976000.0,
        "Operating Income": 21568000.0,
        "Operating Expense": 13907000.0,
        "Other Operating Expenses": 690000.0,
        "Provision For Doubtful Accounts": NaN,
        "Depreciation Amortization Depletion Income Statement": 384000.0,
        "Depreciation And Amortization In Income Statement": 384000.0,
        "Selling General And Administration": 12833000.0,
        "General And Administrative Expense": 12833000.0,
        "Other Gand A": 5468000.0,
        "Salaries And Wages": 7365000.0,
        "Gross Profit": 35475000.0,
        "Cost Of Revenue": 69706000.0,
        "Total Revenue": 105181000.0,
        "Operating Revenue": 104909000.0
    },
    "2023-12-31": {
        "Tax Effect Of Unusual Items": 4603106.978688,
        "Tax Rate For Calcs": 0.185079,
        "Normalized EBITDA": 21724000.0,
        "Total Unusual Items": 24871000.0,
        "Total Unusual Items Excluding Goodwill": 24871000.0,
        "Net Income From Continuing Operation Net Minority Interest": 35552000.0,
        "Reconciled Depreciation": 436000.0,
        "Reconciled Cost Of Revenue": 74560000.0,
        "EBITDA": 46595000.0,
        "EBIT": 46159000.0,
        "Net Interest Income": -2613000.0,
        "Interest Expense": 692000.0,
        "Interest Income": 1989000.0,
        "Normalized Income": 15284106.978688,
        "Net Income From Continuing And Discontinued Operation": 35552000.0,
        "Total Expenses": 87879000.0,
        "Diluted Average Shares": NaN,
        "Basic Average Shares": NaN,
        "Diluted EPS": NaN,
        "Basic EPS": NaN,
        "Diluted NI Availto Com Stockholders": 35552000.0,
        "Net Income Common Stockholders": 35552000.0,
        "Net Income": 35552000.0,
        "Minority Interests": NaN,
        "Net Income Including Noncontrolling Interests": 37052000.0,
        "Net Income Continuous Operations": 37052000.0,
        "Tax Provision": 8415000.0,
        "Pretax Income": 45467000.0,
        "Other Income Expense": 19545000.0,
        "Other Non Operating Income Expenses": -5326000.0,
        "Special Income Charges": NaN,
        "Impairment Of Capital Assets": NaN,
        "Gain On Sale Of Security": 24871000.0,
        "Net Non Operating Interest Income Expense": -2613000.0,
        "Total Other Finance Cost": 3910000.0,
        "Interest Expense Non Operating": 692000.0,
        "Interest Income Non Operating": 1989000.0,
        "Operating Income": 28535000.0,
        "Operating Expense": 13319000.0,
        "Other Operating Expenses": 682000.0,
        "Provision For Doubtful Accounts": NaN,
        "Depreciation Amortization Depletion Income Statement": 436000.0,
        "Depreciation And Amortization In Income Statement": 436000.0,
        "Selling General And Administration": 12201000.0,
        "General And Administrative Expense": 12201000.0,
        "Other Gand A": 6358000.0,
        "Salaries And Wages": 5843000.0,
        "Gross Profit": 41854000.0,
        "Cost Of Revenue": 74560000.0,
        "Total Revenue": 116414000.0,
        "Operating Revenue": 117966000.0
    },
    "2024-03-31": {
        "Tax Effect Of Unusual Items": -4053850.973166,
        "Tax Rate For Calcs": 0.213406,
        "Normalized EBITDA": 34054000.0,
        "Total Unusual Items": -18996000.0,
        "Total Unusual Items Excluding Goodwill": -18996000.0,
        "Net Income From Continuing Operation Net Minority Interest": -7141000.0,
        "Reconciled Depreciation": 23296000.0,
        "Reconciled Cost Of Revenue": 51772000.0,
        "EBITDA": 15058000.0,
        "EBIT": -8238000.0,
        "Net Interest Income": -2531100.0,
        "Interest Expense": 445000.0,
        "Interest Income": 1468000.0,
        "Normalized Income": 7801149.026834,
        "Net Income From Continuing And Discontinued Operation": -7141000.0,
        "Total Expenses": 93309900.0,
        "Diluted Average Shares": 102769444.0,
        "Basic Average Shares": 102769444.0,
        "Diluted EPS": -0.07,
        "Basic EPS": -0.07,
        "Diluted NI Availto Com Stockholders": -7141000.0,
        "Net Income Common Stockholders": -7141000.0,
        "Net Income": -7141000.0,
        "Minority Interests": -311000.0,
        "Net Income Including Noncontrolling Interests": -6830000.0,
        "Net Income Continuous Operations": -6830000.0,
        "Tax Provision": -1853000.0,
        "Pretax Income": -8683000.0,
        "Other Income Expense": -18635000.0,
        "Other Non Operating Income Expenses": 361000.0,
        "Special Income Charges": NaN,
        "Impairment Of Capital Assets": NaN,
        "Gain On Sale Of Security": -18996000.0,
        "Net Non Operating Interest Income Expense": -2531100.0,
        "Total Other Finance Cost": 3554100.0,
        "Interest Expense Non Operating": 445000.0,
        "Interest Income Non Operating": 1468000.0,
        "Operating Income": 12483100.0,
        "Operating Expense": 18693900.0,
        "Other Operating Expenses": 633000.0,
        "Provision For Doubtful Accounts": 1900.0,
        "Depreciation Amortization Depletion Income Statement": 452000.0,
        "Depreciation And Amortization In Income Statement": 452000.0,
        "Selling General And Administration": 17607000.0,
        "General And Administrative Expense": 17607000.0,
        "Other Gand A": 5031000.0,
        "Salaries And Wages": 12576000.0,
        "Gross Profit": 31177000.0,
        "Cost Of Revenue": 74616000.0,
        "Total Revenue": 105793000.0,
        "Operating Revenue": 105589000.0
    },
    "2024-06-30": {
        "Tax Effect Of Unusual Items": -10885611.730938,
        "Tax Rate For Calcs": 0.134061,
        "Normalized EBITDA": 42279000.0,
        "Total Unusual Items": -81199000.0,
        "Total Unusual Items Excluding Goodwill": -81199000.0,
        "Net Income From Continuing Operation Net Minority Interest": -53247000.0,
        "Reconciled Depreciation": 22294000.0,
        "Reconciled Cost Of Revenue": 51941000.0,
        "EBITDA": -38920000.0,
        "EBIT": -61214000.0,
        "Net Interest Income": -2601000.0,
        "Interest Expense": 452000.0,
        "Interest Income": 1361000.0,
        "Normalized Income": 17066388.269062,
        "Net Income From Continuing And Discontinued Operation": -53247000.0,
        "Total Expenses": 92286000.0,
        "Diluted Average Shares": 103082363.0,
        "Basic Average Shares": 103082363.0,
        "Diluted EPS": -0.52,
        "Basic EPS": -0.52,
        "Diluted NI Availto Com Stockholders": -53247000.0,
        "Net Income Common Stockholders": -53247000.0,
        "Net Income": -53247000.0,
        "Minority Interests": 152000.0,
        "Net Income Including Noncontrolling Interests": -53399000.0,
        "Net Income Continuous Operations": -53399000.0,
        "Tax Provision": -8267000.0,
        "Pretax Income": -61666000.0,
        "Other Income Expense": -83869000.0,
        "Other Non Operating Income Expenses": -2670000.0,
        "Special Income Charges": -10745000.0,
        "Impairment Of Capital Assets": 10745000.0,
        "Gain On Sale Of Security": -70454000.0,
        "Net Non Operating Interest Income Expense": -2601000.0,
        "Total Other Finance Cost": 3510000.0,
        "Interest Expense Non Operating": 452000.0,
        "Interest Income Non Operating": 1361000.0,
        "Operating Income": 24804000.0,
        "Operating Expense": 18488000.0,
        "Other Operating Expenses": 603000.0,
        "Provision For Doubtful Accounts": NaN,
        "Depreciation Amortization Depletion Income Statement": 437000.0,
        "Depreciation And Amortization In Income Statement": 437000.0,
        "Selling General And Administration": 17448000.0,
        "General And Administrative Expense": 17448000.0,
        "Other Gand A": 4357000.0,
        "Salaries And Wages": 13091000.0,
        "Gross Profit": 43292000.0,
        "Cost Of Revenue": 73798000.0,
        "Total Revenue": 117090000.0,
        "Operating Revenue": 117509000.0
    }
}