{
    "2023-03-31": {
        "Tax Effect Of Unusual Items": 0.0,
        "Tax Rate For Calcs": 0.234347,
        "Normalized EBITDA": 38162000.0,
        "Net Income From Continuing Operation Net Minority Interest": 17878000.0,
        "Reconciled Depreciation": 12543000.0,
        "Reconciled Cost Of Revenue": 136783000.0,
        "EBITDA": 38162000.0,
        "EBIT": 25619000.0,
        "Net Interest Income": -2269000.0,
        "Interest Expense": 2269000.0,
        "Normalized Income": 17878000.0,
        "Net Income From Continuing And Discontinued Operation": 17878000.0,
        "Total Expenses": 203203000.0,
        "Diluted Average Shares": 25895000.0,
        "Basic Average Shares": 25800000.0,
        "Diluted EPS": 0.69,
        "Basic EPS": 0.69,
        "Diluted NI Availto Com Stockholders": 17878000.0,
        "Net Income Common Stockholders": 17878000.0,
        "Net Income": 17878000.0,
        "Net Income Including Noncontrolling Interests": 17878000.0,
        "Net Income Continuous Operations": 17878000.0,
        "Tax Provision": 5472000.0,
        "Pretax Income": 23350000.0,
        "Other Income Expense": -314000.0,
        "Other Non Operating Income Expenses": -314000.0,
        "Net Non Operating Interest Income Expense": -2269000.0,
        "Interest Expense Non Operating": 2269000.0,
        "Operating Income": 25933000.0,
        "Operating Expense": 60907000.0,
        "Depreciation Amortization Depletion Income Statement": 7030000.0,
        "Depreciation And Amortization In Income Statement": 7030000.0,
        "Amortization": 7030000.0,
        "Amortization Of Intangibles Income Statement": 7030000.0,
        "Selling General And Administration": 53877000.0,
        "Gross Profit": 86840000.0,
        "Cost Of Revenue": 142296000.0,
        "Total Revenue": 229136000.0,
        "Operating Revenue": 229136000.0
    },
    "2022-12-31": {
        "Tax Effect Of Unusual Items": 0.0,
        "Tax Rate For Calcs": 0.220752,
        "Normalized EBITDA": 32924000.0,
        "Net Income From Continuing Operation Net Minority Interest": 14727000.0,
        "Reconciled Depreciation": 12367000.0,
        "Reconciled Cost Of Revenue": 120877000.0,
        "EBITDA": 32924000.0,
        "EBIT": 20557000.0,
        "Net Interest Income": -1658000.0,
        "Interest Expense": 1658000.0,
        "Normalized Income": 14727000.0,
        "Net Income From Continuing And Discontinued Operation": 14727000.0,
        "Total Expenses": 184546000.0,
        "Diluted Average Shares": 25943000.0,
        "Basic Average Shares": 25863000.0,
        "Diluted EPS": 0.57,
        "Basic EPS": 0.57,
        "Diluted NI Availto Com Stockholders": 14727000.0,
        "Net Income Common Stockholders": 14727000.0,
        "Net Income": 14727000.0,
        "Net Income Including Noncontrolling Interests": 14727000.0,
        "Net Income Continuous Operations": 14727000.0,
        "Tax Provision": 4172000.0,
        "Pretax Income": 18899000.0,
        "Other Income Expense": -398000.0,
        "Other Non Operating Income Expenses": -398000.0,
        "Net Non Operating Interest Income Expense": -1658000.0,
        "Interest Expense Non Operating": 1658000.0,
        "Operating Income": 20955000.0,
        "Operating Expense": 58163000.0,
        "Depreciation Amortization Depletion Income Statement": 6861000.0,
        "Depreciation And Amortization In Income Statement": 6861000.0,
        "Amortization": 6861000.0,
        "Amortization Of Intangibles Income Statement": 6861000.0,
        "Selling General And Administration": 51302000.0,
        "Gross Profit": 79118000.0,
        "Cost Of Revenue": 126383000.0,
        "Total Revenue": 205501000.0,
        "Operating Revenue": 205501000.0
    },
    "2022-09-30": {
        "Tax Effect Of Unusual Items": 0.0,
        "Tax Rate For Calcs": 0.232215,
        "Normalized EBITDA": 54291000.0,
        "Net Income From Continuing Operation Net Minority Interest": 31040000.0,
        "Reconciled Depreciation": 12096000.0,
        "Reconciled Cost Of Revenue": 148780000.0,
        "EBITDA": 54291000.0,
        "EBIT": 42195000.0,
        "Net Interest Income": -1767000.0,
        "Interest Expense": 1767000.0,
        "Normalized Income": 31040000.0,
        "Net Income From Continuing And Discontinued Operation": 31040000.0,
        "Total Expenses": 213930000.0,
        "Diluted Average Shares": 25990000.0,
        "Basic Average Shares": 25852751.0,
        "Diluted EPS": 1.19,
        "Basic EPS": 1.200646,
        "Diluted NI Availto Com Stockholders": 31040000.0,
        "Net Income Common Stockholders": 31040000.0,
        "Net Income": 31040000.0,
        "Net Income Including Noncontrolling Interests": 31040000.0,
        "Net Income Continuous Operations": 31040000.0,
        "Tax Provision": 9388000.0,
        "Pretax Income": 40428000.0,
        "Other Income Expense": -373000.0,
        "Other Non Operating Income Expenses": -373000.0,
        "Net Non Operating Interest Income Expense": -1767000.0,
        "Interest Expense Non Operating": 1767000.0,
        "Operating Income": 42568000.0,
        "Operating Expense": 59607000.0,
        "Depreciation Amortization Depletion Income Statement": 6553000.0,
        "Depreciation And Amortization In Income Statement": 6553000.0,
        "Amortization": 6553000.0,
        "Amortization Of Intangibles Income Statement": 6553000.0,
        "Selling General And Administration": 53054000.0,
        "Gross Profit": 102175000.0,
        "Cost Of Revenue": 154323000.0,
        "Total Revenue": 256498000.0,
        "Operating Revenue": 256498000.0
    },
    "2022-06-30": {
        "Tax Effect Of Unusual Items": 0.0,
        "Tax Rate For Calcs": 0.214528,
        "Normalized EBITDA": 42788000.0,
        "Net Income From Continuing Operation Net Minority Interest": 23173000.0,
        "Reconciled Depreciation": 11955000.0,
        "Reconciled Cost Of Revenue": 128905000.0,
        "EBITDA": 42788000.0,
        "EBIT": 30833000.0,
        "Net Interest Income": -1331000.0,
        "Interest Expense": 1331000.0,
        "Normalized Income": 23173000.0,
        "Net Income From Continuing And Discontinued Operation": 23173000.0,
        "Total Expenses": 188339000.0,
        "Diluted Average Shares": 25950000.0,
        "Basic Average Shares": 25856000.0,
        "Diluted EPS": 0.89,
        "Basic EPS": 0.9,
        "Diluted NI Availto Com Stockholders": 23173000.0,
        "Net Income Common Stockholders": 23173000.0,
        "Net Income": 23173000.0,
        "Net Income Including Noncontrolling Interests": 23173000.0,
        "Net Income Continuous Operations": 23173000.0,
        "Tax Provision": 6329000.0,
        "Pretax Income": 29502000.0,
        "Other Income Expense": 106000.0,
        "Other Non Operating Income Expenses": 106000.0,
        "Net Non Operating Interest Income Expense": -1331000.0,
        "Interest Expense Non Operating": 1331000.0,
        "Operating Income": 30727000.0,
        "Operating Expense": 53885000.0,
        "Depreciation Amortization Depletion Income Statement": 6406000.0,
        "Depreciation And Amortization In Income Statement": 6406000.0,
        "Amortization": 6406000.0,
        "Amortization Of Intangibles Income Statement": 6406000.0,
        "Selling General And Administration": 47479000.0,
        "Gross Profit": 84612000.0,
        "Cost Of Revenue": 134454000.0,
        "Total Revenue": 219066000.0,
        "Operating Revenue": 219066000.0
    },
    "2022-03-31": {
        "Diluted EPS": 0.64,
        "Total Revenue": 205,
        "Gross Profit": 77,
        "Operating Income": 22,
        "EBIT": 34,
        "Net Income": 17
    },
    "2021-12-31": {
        "Diluted EPS": 0.44,
        "Total Revenue": 177,
        "Gross Profit": 69,
        "Operating Income": 16,
        "EBIT": 28,
        "Net Income": 12
    },
    "2021-09-30": {
        "Diluted EPS": 0.77,
        "Total Revenue": 205,
        "Gross Profit": 77,
        "Operating Income": 26,
        "EBIT": 38,
        "Net Income": 20
    },
    "2021-06-30": {
        "Diluted EPS": 0.57,
        "Total Revenue": 181,
        "Gross Profit": 68,
        "Operating Income": 20,
        "EBIT": 30,
        "Net Income": 15
    },
    "2021-03-31": {
        "Diluted EPS": 0.59,
        "Total Revenue": 166,
        "Gross Profit": 62,
        "Operating Income": 19,
        "EBIT": 29,
        "Net Income": 15
    },
    "2020-12-31": {
        "Diluted EPS": 0.49,
        "Total Revenue": 163,
        "Gross Profit": 63,
        "Operating Income": 17,
        "EBIT": 27,
        "Net Income": 13
    },
    "2020-09-30": {
        "Diluted EPS": -0.91,
        "Total Revenue": 206,
        "Gross Profit": 75,
        "Operating Income": -11,
        "EBIT": -1,
        "Net Income": -24
    },
    "2020-06-30": {
        "Diluted EPS": 0.72,
        "Total Revenue": 173,
        "Gross Profit": 65,
        "Operating Income": 23,
        "EBIT": 33,
        "Net Income": 19
    },
    "2020-03-31": {
        "Diluted EPS": 0.68,
        "Total Revenue": 180,
        "Gross Profit": 67,
        "Operating Income": 22,
        "EBIT": 32,
        "Net Income": 18
    },
    "2019-12-31": {
        "Diluted EPS": 3.32,
        "Total Revenue": 172,
        "Gross Profit": 65,
        "Operating Income": 17,
        "EBIT": 28,
        "Net Income": 87
    },
    "2019-09-30": {
        "Diluted EPS": 0.95,
        "Total Revenue": 213,
        "Gross Profit": 86,
        "Operating Income": 37,
        "EBIT": 47,
        "Net Income": 25
    },
    "2019-06-30": {
        "Diluted EPS": 0.77,
        "Total Revenue": 178,
        "Gross Profit": 73,
        "Operating Income": 28,
        "EBIT": 37,
        "Net Income": 20
    },
    "2019-03-31": {
        "Diluted EPS": 0.72,
        "Total Revenue": 171,
        "Gross Profit": 68,
        "Operating Income": 24,
        "EBIT": 32,
        "Net Income": 19
    },
    "2018-12-31": {
        "Diluted EPS": 0.66,
        "Total Revenue": 163,
        "Gross Profit": 61,
        "Operating Income": 18,
        "EBIT": 27,
        "Net Income": 17
    },
    "2018-09-30": {
        "Diluted EPS": 1.1,
        "Total Revenue": 143,
        "Gross Profit": 70,
        "Operating Income": 36,
        "EBIT": 42,
        "Net Income": 28
    },
    "2018-06-30": {
        "Diluted EPS": 0.73,
        "Total Revenue": 192,
        "Gross Profit": 69,
        "Operating Income": 25,
        "EBIT": 34,
        "Net Income": 19
    },
    "2018-03-31": {
        "Diluted EPS": 0.38,
        "Total Revenue": 175,
        "Gross Profit": 62,
        "Operating Income": 17,
        "EBIT": 27,
        "Net Income": 10
    },
    "2017-12-31": {
        "Diluted EPS": 1.33,
        "Total Revenue": 173,
        "Gross Profit": 62,
        "Operating Income": 15,
        "EBIT": 24,
        "Net Income": 35
    },
    "2017-09-30": {
        "Diluted EPS": 0.74,
        "Total Revenue": 207,
        "Gross Profit": 77,
        "Operating Income": 31,
        "EBIT": 40,
        "Net Income": 19
    },
    "2017-06-30": {
        "Diluted EPS": 0.49,
        "Total Revenue": 171,
        "Gross Profit": 62,
        "Operating Income": 20,
        "EBIT": 28,
        "Net Income": 13
    },
    "2017-03-31": {
        "Diluted EPS": 0.43,
        "Total Revenue": 161,
        "Gross Profit": 56,
        "Operating Income": 17,
        "EBIT": 25,
        "Net Income": 11
    },
    "2016-12-31": {
        "Diluted EPS": 0.41,
        "Total Revenue": 146,
        "Gross Profit": 53,
        "Operating Income": 16,
        "EBIT": 23,
        "Net Income": 11
    },
    "2016-09-30": {
        "Diluted EPS": 0.66,
        "Total Revenue": 160,
        "Gross Profit": 63,
        "Operating Income": 26,
        "EBIT": 32,
        "Net Income": 17
    },
    "2016-06-30": {
        "Diluted EPS": 0.44,
        "Total Revenue": 140,
        "Gross Profit": 54,
        "Operating Income": 19,
        "EBIT": 25,
        "Net Income": 12
    },
    "2016-03-31": {
        "Diluted EPS": 0.33,
        "Total Revenue": 139,
        "Gross Profit": 51,
        "Operating Income": 15,
        "EBIT": 21,
        "Net Income": 9
    },
    "2015-12-31": {
        "Diluted EPS": 0.34,
        "Total Revenue": 133,
        "Gross Profit": 53,
        "Operating Income": 17,
        "EBIT": 22,
        "Net Income": 9
    },
    "2015-09-30": {
        "Diluted EPS": 0.5,
        "Total Revenue": 154,
        "Gross Profit": 54,
        "Operating Income": 21,
        "EBIT": 26,
        "Net Income": 13
    },
    "2015-06-30": {
        "Diluted EPS": 0.45,
        "Total Revenue": 134,
        "Gross Profit": 51,
        "Operating Income": 16,
        "EBIT": 21,
        "Net Income": 12
    },
    "2015-03-31": {
        "Diluted EPS": 0.29,
        "Total Revenue": 129,
        "Gross Profit": 48,
        "Operating Income": 13,
        "EBIT": 17,
        "Net Income": 8
    },
    "2014-12-31": {
        "Diluted EPS": 0.38,
        "Total Revenue": 121,
        "Gross Profit": 49,
        "Operating Income": 14,
        "EBIT": 18,
        "Net Income": 10
    },
    "2014-09-30": {
        "Diluted EPS": 0.43,
        "Total Revenue": 151,
        "Gross Profit": 59,
        "Operating Income": 21,
        "EBIT": 26,
        "Net Income": 11
    },
    "2014-06-30": {
        "Diluted EPS": 0.43,
        "Total Revenue": 130,
        "Gross Profit": 51,
        "Operating Income": 16,
        "EBIT": 20,
        "Net Income": 12
    },
    "2014-03-31": {
        "Diluted EPS": -1.27,
        "Total Revenue": 125,
        "Gross Profit": 47,
        "Operating Income": 14,
        "EBIT": 18,
        "Net Income": -34
    },
    "2013-12-31": {
        "Diluted EPS": 0.42,
        "Total Revenue": 124,
        "Gross Profit": 50,
        "Operating Income": 15,
        "EBIT": 19,
        "Net Income": 11
    },
    "2013-09-30": {
        "Diluted EPS": -1.22,
        "Total Revenue": 145,
        "Gross Profit": 58,
        "Operating Income": 23,
        "EBIT": 27,
        "Net Income": -32
    },
    "2013-06-30": {
        "Diluted EPS": 0.18,
        "Total Revenue": 117,
        "Gross Profit": 47,
        "Operating Income": 14,
        "EBIT": 18,
        "Net Income": 5
    },
    "2013-03-31": {
        "Diluted EPS": 0.06,
        "Total Revenue": 118,
        "Gross Profit": 45,
        "Operating Income": 12,
        "EBIT": 16,
        "Net Income": 2
    },
    "2012-12-31": {
        "Diluted EPS": 0.01,
        "Total Revenue": 111,
        "Gross Profit": 44,
        "Operating Income": 9,
        "EBIT": 12,
        "Net Income": 0
    },
    "2012-09-30": {
        "Diluted EPS": 0.68,
        "Total Revenue": 33,
        "Gross Profit": 9,
        "Operating Income": 12,
        "EBIT": 16,
        "Net Income": 18
    },
    "2012-06-30": {
        "Diluted EPS": 0.51,
        "Total Revenue": 118,
        "Gross Profit": 47,
        "Operating Income": 13,
        "EBIT": 12,
        "Net Income": 14
    },
    "2012-03-31": {
        "Diluted EPS": 0.38,
        "Total Revenue": 174,
        "Gross Profit": 68,
        "Operating Income": 17,
        "EBIT": 23,
        "Net Income": 10
    },
    "2011-12-31": {
        "Diluted EPS": 0.19,
        "Total Revenue": 153,
        "Gross Profit": 60,
        "Operating Income": 8,
        "EBIT": 14,
        "Net Income": 5
    },
    "2011-09-30": {
        "Diluted EPS": 0.57,
        "Total Revenue": 191,
        "Gross Profit": 67,
        "Operating Income": 16,
        "EBIT": 13,
        "Net Income": 15
    },
    "2011-06-30": {
        "Diluted EPS": 0.49,
        "Total Revenue": 176,
        "Gross Profit": 71,
        "Operating Income": 20,
        "EBIT": 26,
        "Net Income": 13
    },
    "2011-03-31": {
        "Diluted EPS": 0.49,
        "Total Revenue": 167,
        "Gross Profit": 68,
        "Operating Income": 22,
        "EBIT": 28,
        "Net Income": 13
    },
    "2010-12-31": {
        "Diluted EPS": 0.4,
        "Total Revenue": 160,
        "Gross Profit": 62,
        "Operating Income": 16,
        "EBIT": 21,
        "Net Income": 11
    },
    "2010-09-30": {
        "Diluted EPS": 0.89,
        "Total Revenue": 208,
        "Gross Profit": 85,
        "Operating Income": 39,
        "EBIT": 44,
        "Net Income": 24
    },
    "2010-06-30": {
        "Diluted EPS": 0.55,
        "Total Revenue": 158,
        "Gross Profit": 66,
        "Operating Income": 25,
        "EBIT": 30,
        "Net Income": 15
    },
    "2010-03-31": {
        "Diluted EPS": 0.22,
        "Total Revenue": 129,
        "Gross Profit": 50,
        "Operating Income": 10,
        "EBIT": 16,
        "Net Income": 6
    },
    "2009-12-31": {
        "Diluted EPS": 0.02,
        "Total Revenue": 113,
        "Gross Profit": 45,
        "Operating Income": 3,
        "EBIT": 9,
        "Net Income": 0
    },
    "2009-09-30": {
        "Diluted EPS": 0.82,
        "Total Revenue": 169,
        "Gross Profit": 70,
        "Operating Income": 27,
        "EBIT": 35,
        "Net Income": 22
    },
    "2009-06-30": {
        "Diluted EPS": 0.43,
        "Total Revenue": 148,
        "Gross Profit": 60,
        "Operating Income": 19,
        "EBIT": 26,
        "Net Income": 11
    },
    "2009-03-31": {
        "Diluted EPS": 0.39,
        "Total Revenue": 154,
        "Gross Profit": 62,
        "Operating Income": 19,
        "EBIT": 26,
        "Net Income": 10
    },
    "2023-06-30": {
        "Tax Effect Of Unusual Items": 0.0,
        "Tax Rate For Calcs": 0.213006,
        "Normalized EBITDA": 50790000.0,
        "Net Income From Continuing Operation Net Minority Interest": 27943000.0,
        "Reconciled Depreciation": 12789000.0,
        "Reconciled Cost Of Revenue": 141617000.0,
        "EBITDA": 50790000.0,
        "EBIT": 38001000.0,
        "Net Interest Income": -2495000.0,
        "Interest Expense": 2495000.0,
        "Normalized Income": 27943000.0,
        "Net Income From Continuing And Discontinued Operation": 27943000.0,
        "Total Expenses": 209782000.0,
        "Diluted Average Shares": 25827000.0,
        "Basic Average Shares": 25757000.0,
        "Diluted EPS": 1.08,
        "Basic EPS": 1.08,
        "Diluted NI Availto Com Stockholders": 27943000.0,
        "Net Income Common Stockholders": 27943000.0,
        "Net Income": 27943000.0,
        "Net Income Including Noncontrolling Interests": 27943000.0,
        "Net Income Continuous Operations": 27943000.0,
        "Tax Provision": 7563000.0,
        "Pretax Income": 35506000.0,
        "Other Income Expense": -966000.0,
        "Other Non Operating Income Expenses": -966000.0,
        "Net Non Operating Interest Income Expense": -2495000.0,
        "Interest Expense Non Operating": 2495000.0,
        "Operating Income": 38967000.0,
        "Operating Expense": 62508000.0,
        "Depreciation Amortization Depletion Income Statement": 7132000.0,
        "Depreciation And Amortization In Income Statement": 7132000.0,
        "Amortization": 7132000.0,
        "Amortization Of Intangibles Income Statement": 7132000.0,
        "Selling General And Administration": 55376000.0,
        "Gross Profit": 101475000.0,
        "Cost Of Revenue": 147274000.0,
        "Total Revenue": 248749000.0,
        "Operating Revenue": 248749000.0
    }
}