{
    "2023-03-31": {
        "Tax Effect Of Unusual Items": NaN,
        "Tax Rate For Calcs": NaN,
        "Normalized EBITDA": NaN,
        "Total Unusual Items": NaN,
        "Total Unusual Items Excluding Goodwill": NaN,
        "Net Income From Continuing Operation Net Minority Interest": NaN,
        "Reconciled Depreciation": NaN,
        "Reconciled Cost Of Revenue": NaN,
        "EBITDA": NaN,
        "EBIT": NaN,
        "Net Interest Income": NaN,
        "Interest Expense": NaN,
        "Interest Income": NaN,
        "Normalized Income": NaN,
        "Net Income From Continuing And Discontinued Operation": NaN,
        "Total Expenses": NaN,
        "Total Operating Income As Reported": NaN,
        "Diluted Average Shares": NaN,
        "Basic Average Shares": NaN,
        "Diluted EPS": NaN,
        "Basic EPS": NaN,
        "Diluted NI Availto Com Stockholders": NaN,
        "Net Income Common Stockholders": NaN,
        "Net Income": NaN,
        "Net Income Including Noncontrolling Interests": NaN,
        "Net Income Continuous Operations": NaN,
        "Pretax Income": NaN,
        "Other Income Expense": NaN,
        "Special Income Charges": NaN,
        "Gain On Sale Of Ppe": NaN,
        "Other Special Charges": NaN,
        "Impairment Of Capital Assets": NaN,
        "Gain On Sale Of Security": NaN,
        "Net Non Operating Interest Income Expense": NaN,
        "Interest Expense Non Operating": NaN,
        "Interest Income Non Operating": NaN,
        "Operating Income": NaN,
        "Operating Expense": NaN,
        "Other Operating Expenses": -1290000.0,
        "Selling General And Administration": NaN,
        "General And Administrative Expense": NaN,
        "Other Gand A": NaN,
        "Gross Profit": NaN,
        "Cost Of Revenue": NaN,
        "Total Revenue": NaN,
        "Operating Revenue": NaN
    },
    "2022-12-31": {
        "Tax Effect Of Unusual Items": NaN,
        "Tax Rate For Calcs": NaN,
        "Normalized EBITDA": NaN,
        "Total Unusual Items": NaN,
        "Total Unusual Items Excluding Goodwill": NaN,
        "Net Income From Continuing Operation Net Minority Interest": NaN,
        "Reconciled Depreciation": NaN,
        "Reconciled Cost Of Revenue": NaN,
        "EBITDA": NaN,
        "EBIT": NaN,
        "Net Interest Income": NaN,
        "Interest Expense": NaN,
        "Interest Income": NaN,
        "Normalized Income": NaN,
        "Net Income From Continuing And Discontinued Operation": NaN,
        "Total Expenses": NaN,
        "Total Operating Income As Reported": NaN,
        "Diluted Average Shares": 7100432.0,
        "Basic Average Shares": 7081776.0,
        "Diluted EPS": 2.86,
        "Basic EPS": 2.87,
        "Diluted NI Availto Com Stockholders": NaN,
        "Net Income Common Stockholders": NaN,
        "Net Income": NaN,
        "Net Income Including Noncontrolling Interests": NaN,
        "Net Income Continuous Operations": NaN,
        "Pretax Income": NaN,
        "Other Income Expense": NaN,
        "Special Income Charges": NaN,
        "Gain On Sale Of Ppe": NaN,
        "Other Special Charges": NaN,
        "Impairment Of Capital Assets": NaN,
        "Gain On Sale Of Security": NaN,
        "Net Non Operating Interest Income Expense": NaN,
        "Interest Expense Non Operating": NaN,
        "Interest Income Non Operating": NaN,
        "Operating Income": NaN,
        "Operating Expense": NaN,
        "Other Operating Expenses": -1960000.0,
        "Selling General And Administration": NaN,
        "General And Administrative Expense": NaN,
        "Other Gand A": NaN,
        "Gross Profit": NaN,
        "Cost Of Revenue": NaN,
        "Total Revenue": NaN,
        "Operating Revenue": NaN
    },
    "2022-09-30": {
        "Tax Effect Of Unusual Items": NaN,
        "Tax Rate For Calcs": NaN,
        "Normalized EBITDA": NaN,
        "Total Unusual Items": NaN,
        "Total Unusual Items Excluding Goodwill": NaN,
        "Net Income From Continuing Operation Net Minority Interest": NaN,
        "Reconciled Depreciation": NaN,
        "Reconciled Cost Of Revenue": NaN,
        "EBITDA": NaN,
        "EBIT": NaN,
        "Net Interest Income": NaN,
        "Interest Expense": NaN,
        "Interest Income": NaN,
        "Normalized Income": NaN,
        "Net Income From Continuing And Discontinued Operation": NaN,
        "Total Expenses": NaN,
        "Total Operating Income As Reported": NaN,
        "Diluted Average Shares": NaN,
        "Basic Average Shares": NaN,
        "Diluted EPS": NaN,
        "Basic EPS": NaN,
        "Diluted NI Availto Com Stockholders": NaN,
        "Net Income Common Stockholders": NaN,
        "Net Income": NaN,
        "Net Income Including Noncontrolling Interests": NaN,
        "Net Income Continuous Operations": NaN,
        "Pretax Income": NaN,
        "Other Income Expense": NaN,
        "Special Income Charges": NaN,
        "Gain On Sale Of Ppe": NaN,
        "Other Special Charges": NaN,
        "Impairment Of Capital Assets": 0.0,
        "Gain On Sale Of Security": NaN,
        "Net Non Operating Interest Income Expense": NaN,
        "Interest Expense Non Operating": NaN,
        "Interest Income Non Operating": NaN,
        "Operating Income": NaN,
        "Operating Expense": NaN,
        "Other Operating Expenses": NaN,
        "Selling General And Administration": NaN,
        "General And Administrative Expense": NaN,
        "Other Gand A": NaN,
        "Gross Profit": NaN,
        "Cost Of Revenue": NaN,
        "Total Revenue": NaN,
        "Operating Revenue": NaN
    },
    "2022-06-30": {
        "Tax Effect Of Unusual Items": 1459.6,
        "Tax Rate For Calcs": 0.4,
        "Normalized EBITDA": 35984902.0,
        "Total Unusual Items": 3649.0,
        "Total Unusual Items Excluding Goodwill": 3649.0,
        "Net Income From Continuing Operation Net Minority Interest": 30749842.0,
        "Reconciled Depreciation": 4106538.0,
        "Reconciled Cost Of Revenue": 14450190.0,
        "EBITDA": 35988551.0,
        "EBIT": 31882013.0,
        "Net Interest Income": -1131905.0,
        "Interest Expense": 1132171.0,
        "Interest Income": 266.0,
        "Normalized Income": 30747652.6,
        "Net Income From Continuing And Discontinued Operation": 30749842.0,
        "Total Expenses": 16601511.0,
        "Total Operating Income As Reported": 31878098.0,
        "Diluted Average Shares": 7258436.0,
        "Basic Average Shares": 7224424.0,
        "Diluted EPS": 4.24,
        "Basic EPS": 4.26,
        "Diluted NI Availto Com Stockholders": 30749842.0,
        "Net Income Common Stockholders": 30749842.0,
        "Net Income": 30749842.0,
        "Net Income Including Noncontrolling Interests": 30749842.0,
        "Net Income Continuous Operations": 30749842.0,
        "Pretax Income": 30749842.0,
        "Other Income Expense": 3649.0,
        "Special Income Charges": 0.0,
        "Gain On Sale Of Ppe": 0.0,
        "Gain On Sale Of Security": 3649.0,
        "Net Non Operating Interest Income Expense": -1131905.0,
        "Interest Expense Non Operating": 1132171.0,
        "Interest Income Non Operating": 266.0,
        "Operating Income": 31878098.0,
        "Operating Expense": 2151321.0,
        "Other Operating Expenses": 0.0,
        "Selling General And Administration": 2151321.0,
        "General And Administrative Expense": 2151321.0,
        "Other Gand A": 2151321.0,
        "Gross Profit": 34029419.0,
        "Cost Of Revenue": 14450190.0,
        "Total Revenue": 48479609.0,
        "Operating Revenue": 50329436.0
    },
    "2022-03-31": {
        "Diluted EPS": 4.13,
        "Total Revenue": 45,
        "Gross Profit": 35,
        "Operating Income": 29,
        "EBIT": 31,
        "Net Income": 30
    },
    "2021-12-31": {
        "Diluted EPS": 3.25,
        "Total Revenue": 38,
        "Gross Profit": 29,
        "Operating Income": 24,
        "EBIT": 26,
        "Net Income": 23
    },
    "2021-09-30": {
        "Diluted EPS": 1.17,
        "Total Revenue": 23,
        "Gross Profit": 12,
        "Operating Income": 9,
        "EBIT": 11,
        "Net Income": 8
    },
    "2021-06-30": {
        "Diluted EPS": 1.11,
        "Total Revenue": 18,
        "Gross Profit": 11,
        "Operating Income": 9,
        "EBIT": 10,
        "Net Income": 8
    },
    "2021-03-31": {
        "Diluted EPS": 0.53,
        "Total Revenue": 14,
        "Gross Profit": 7,
        "Operating Income": 4,
        "EBIT": 6,
        "Net Income": 4
    },
    "2020-12-31": {
        "Diluted EPS": 0.05,
        "Total Revenue": 12,
        "Gross Profit": 4,
        "Operating Income": 2,
        "EBIT": 3,
        "Net Income": 0
    },
    "2020-09-30": {
        "Diluted EPS": 0.01,
        "Total Revenue": 12,
        "Gross Profit": 4,
        "Operating Income": 1,
        "EBIT": 3,
        "Net Income": 0
    },
    "2020-06-30": {
        "Diluted EPS": 0.2,
        "Total Revenue": 14,
        "Gross Profit": 4,
        "Operating Income": 3,
        "EBIT": 4,
        "Net Income": 1
    },
    "2020-03-31": {
        "Diluted EPS": 0.32,
        "Total Revenue": 15,
        "Gross Profit": 7,
        "Operating Income": 3,
        "EBIT": 4,
        "Net Income": 2
    },
    "2019-12-31": {
        "Diluted EPS": 0.33,
        "Total Revenue": 13,
        "Gross Profit": 4,
        "Operating Income": 0,
        "EBIT": 1,
        "Net Income": -1
    },
    "2019-09-30": {
        "Diluted EPS": -0.1,
        "Total Revenue": 10,
        "Gross Profit": 3,
        "Operating Income": 1,
        "EBIT": 2,
        "Net Income": 0
    },
    "2019-06-30": {
        "Diluted EPS": -1.12,
        "Total Revenue": 8,
        "Gross Profit": 3,
        "Operating Income": 0,
        "EBIT": 1,
        "Net Income": -2
    },
    "2019-03-31": {
        "Diluted EPS": -0.32,
        "Total Revenue": 8,
        "Gross Profit": 3,
        "Operating Income": 1,
        "EBIT": 2,
        "Net Income": 0
    },
    "2018-12-31": {
        "Diluted EPS": -5.42,
        "Total Revenue": 8,
        "Gross Profit": 3,
        "Operating Income": 0,
        "EBIT": 2,
        "Net Income": -2
    },
    "2018-09-30": {
        "Diluted EPS": 4.24,
        "Total Revenue": 8,
        "Gross Profit": 2,
        "Operating Income": 0,
        "EBIT": 1,
        "Net Income": 0
    },
    "2018-06-30": {
        "Diluted EPS": 1.52,
        "Total Revenue": 10,
        "Gross Profit": 4,
        "Operating Income": 3,
        "EBIT": 4,
        "Net Income": 2
    },
    "2018-03-31": {
        "Diluted EPS": -1.36,
        "Total Revenue": 8,
        "Gross Profit": 2,
        "Operating Income": -1,
        "EBIT": 0,
        "Net Income": -2
    },
    "2017-12-31": {
        "Diluted EPS": 0.45,
        "Total Revenue": 0,
        "Gross Profit": -1,
        "Operating Income": 1,
        "EBIT": 2,
        "Net Income": 1
    },
    "2017-09-30": {
        "Diluted EPS": -3.81,
        "Total Revenue": 6,
        "Gross Profit": 2,
        "Operating Income": -5,
        "EBIT": -4,
        "Net Income": -5
    },
    "2017-06-30": {
        "Diluted EPS": -1.04,
        "Total Revenue": 10,
        "Gross Profit": 4,
        "Operating Income": 0,
        "EBIT": 0,
        "Net Income": -1
    },
    "2017-03-31": {
        "Diluted EPS": -1.92,
        "Total Revenue": 8,
        "Gross Profit": 2,
        "Operating Income": -1,
        "EBIT": 1,
        "Net Income": -3
    },
    "2016-12-31": {
        "Diluted EPS": -17.6,
        "Total Revenue": 7,
        "Gross Profit": 2,
        "Operating Income": -6,
        "EBIT": -3,
        "Net Income": -18
    },
    "2016-09-30": {
        "Diluted EPS": -4.88,
        "Total Revenue": 7,
        "Gross Profit": 2,
        "Operating Income": -3,
        "EBIT": -1,
        "Net Income": -5
    },
    "2016-06-30": {
        "Diluted EPS": -19.36,
        "Total Revenue": 7,
        "Gross Profit": 1,
        "Operating Income": -4,
        "EBIT": -2,
        "Net Income": -20
    },
    "2016-03-31": {
        "Diluted EPS": -3.2,
        "Total Revenue": 7,
        "Gross Profit": 1,
        "Operating Income": -2,
        "EBIT": 0,
        "Net Income": -3
    },
    "2015-12-31": {
        "Diluted EPS": -4.16,
        "Total Revenue": 9,
        "Gross Profit": 2,
        "Operating Income": -3,
        "EBIT": -1,
        "Net Income": -4
    },
    "2015-09-30": {
        "Diluted EPS": -2.32,
        "Total Revenue": 11,
        "Gross Profit": 4,
        "Operating Income": -1,
        "EBIT": 2,
        "Net Income": -2
    },
    "2015-06-30": {
        "Diluted EPS": -5.12,
        "Total Revenue": 9,
        "Gross Profit": 2,
        "Operating Income": -3,
        "EBIT": 0,
        "Net Income": -4
    },
    "2015-03-31": {
        "Diluted EPS": -8.0,
        "Total Revenue": 8,
        "Gross Profit": 0,
        "Operating Income": -5,
        "EBIT": -2,
        "Net Income": -6
    },
    "2014-12-31": {
        "Diluted EPS": -10.88,
        "Total Revenue": 12,
        "Gross Profit": 3,
        "Operating Income": -6,
        "EBIT": -3,
        "Net Income": -7
    },
    "2014-09-30": {
        "Diluted EPS": -5.76,
        "Total Revenue": 10,
        "Gross Profit": 2,
        "Operating Income": -3,
        "EBIT": 0,
        "Net Income": -4
    },
    "2014-06-30": {
        "Diluted EPS": -7.6,
        "Total Revenue": 10,
        "Gross Profit": 1,
        "Operating Income": -4,
        "EBIT": -1,
        "Net Income": -5
    },
    "2014-03-31": {
        "Diluted EPS": -4.0,
        "Total Revenue": 9,
        "Gross Profit": 3,
        "Operating Income": -2,
        "EBIT": 1,
        "Net Income": -2
    },
    "2013-12-31": {
        "Diluted EPS": -151.68,
        "Total Revenue": 10,
        "Gross Profit": 3,
        "Operating Income": -85,
        "EBIT": -78,
        "Net Income": -86
    },
    "2013-09-30": {
        "Diluted EPS": -6.4,
        "Total Revenue": 9,
        "Gross Profit": 2,
        "Operating Income": -3,
        "EBIT": 1,
        "Net Income": -4
    },
    "2013-06-30": {
        "Diluted EPS": -16.0,
        "Total Revenue": 10,
        "Gross Profit": 1,
        "Operating Income": -8,
        "EBIT": -4,
        "Net Income": -9
    },
    "2013-03-31": {
        "Diluted EPS": -8.0,
        "Total Revenue": 11,
        "Gross Profit": 3,
        "Operating Income": -4,
        "EBIT": 0,
        "Net Income": -5
    },
    "2012-12-31": {
        "Diluted EPS": 0.0,
        "Total Revenue": 12,
        "Gross Profit": 5,
        "Operating Income": -1,
        "EBIT": 3,
        "Net Income": -2
    },
    "2012-09-30": {
        "Diluted EPS": -1.6,
        "Total Revenue": 13,
        "Gross Profit": 7,
        "Operating Income": 0,
        "EBIT": 5,
        "Net Income": -1
    },
    "2012-06-30": {
        "Diluted EPS": -3.2,
        "Total Revenue": 13,
        "Gross Profit": 6,
        "Operating Income": -1,
        "EBIT": 4,
        "Net Income": -1
    },
    "2012-03-31": {
        "Diluted EPS": -22.4,
        "Total Revenue": 14,
        "Gross Profit": 7,
        "Operating Income": -8,
        "EBIT": -4,
        "Net Income": -9
    },
    "2011-12-31": {
        "Diluted EPS": 3.2,
        "Total Revenue": 15,
        "Gross Profit": 8,
        "Operating Income": 2,
        "EBIT": 6,
        "Net Income": 1
    },
    "2011-09-30": {
        "Diluted EPS": 1.6,
        "Total Revenue": 16,
        "Gross Profit": 8,
        "Operating Income": 2,
        "EBIT": 7,
        "Net Income": 1
    },
    "2011-06-30": {
        "Diluted EPS": 0.0,
        "Total Revenue": 16,
        "Gross Profit": 8,
        "Operating Income": 1,
        "EBIT": 5,
        "Net Income": 0
    },
    "2011-03-31": {
        "Diluted EPS": -1.6,
        "Total Revenue": 14,
        "Gross Profit": 6,
        "Operating Income": 0,
        "EBIT": 4,
        "Net Income": -1
    },
    "2010-12-31": {
        "Diluted EPS": -2.4,
        "Total Revenue": 13,
        "Gross Profit": 3,
        "Operating Income": -2,
        "EBIT": 2,
        "Net Income": -1
    },
    "2010-09-30": {
        "Diluted EPS": -8.0,
        "Total Revenue": 12,
        "Gross Profit": 5,
        "Operating Income": -1,
        "EBIT": 2,
        "Net Income": -3
    },
    "2010-06-30": {
        "Diluted EPS": 1.6,
        "Total Revenue": 14,
        "Gross Profit": 7,
        "Operating Income": 1,
        "EBIT": 5,
        "Net Income": 1
    },
    "2010-03-31": {
        "Diluted EPS": -8.0,
        "Total Revenue": 14,
        "Gross Profit": 8,
        "Operating Income": 1,
        "EBIT": 6,
        "Net Income": -3
    },
    "2009-12-31": {
        "Diluted EPS": -42.4,
        "Total Revenue": 16,
        "Gross Profit": 9,
        "Operating Income": -6,
        "EBIT": -1,
        "Net Income": -16
    },
    "2009-09-30": {
        "Diluted EPS": 5.6,
        "Total Revenue": 17,
        "Gross Profit": 10,
        "Operating Income": 2,
        "EBIT": 7,
        "Net Income": 2
    },
    "2009-06-30": {
        "Diluted EPS": -14.4,
        "Total Revenue": 15,
        "Gross Profit": 9,
        "Operating Income": 2,
        "EBIT": 6,
        "Net Income": -5
    },
    "2009-03-31": {
        "Diluted EPS": 10.4,
        "Total Revenue": 15,
        "Gross Profit": 9,
        "Operating Income": 2,
        "EBIT": 6,
        "Net Income": 4
    },
    "2023-06-30": {
        "Tax Effect Of Unusual Items": NaN,
        "Tax Rate For Calcs": NaN,
        "Normalized EBITDA": NaN,
        "Total Unusual Items": NaN,
        "Total Unusual Items Excluding Goodwill": NaN,
        "Net Income From Continuing Operation Net Minority Interest": NaN,
        "Reconciled Depreciation": NaN,
        "Reconciled Cost Of Revenue": NaN,
        "EBITDA": NaN,
        "EBIT": NaN,
        "Net Interest Income": NaN,
        "Interest Expense": NaN,
        "Interest Income": NaN,
        "Normalized Income": NaN,
        "Net Income From Continuing And Discontinued Operation": NaN,
        "Total Expenses": NaN,
        "Total Operating Income As Reported": NaN,
        "Diluted Average Shares": NaN,
        "Basic Average Shares": NaN,
        "Diluted EPS": NaN,
        "Basic EPS": NaN,
        "Diluted NI Availto Com Stockholders": NaN,
        "Net Income Common Stockholders": NaN,
        "Net Income": NaN,
        "Net Income Including Noncontrolling Interests": NaN,
        "Net Income Continuous Operations": NaN,
        "Pretax Income": NaN,
        "Other Income Expense": NaN,
        "Special Income Charges": NaN,
        "Gain On Sale Of Ppe": NaN,
        "Other Special Charges": NaN,
        "Impairment Of Capital Assets": NaN,
        "Gain On Sale Of Security": NaN,
        "Net Non Operating Interest Income Expense": NaN,
        "Interest Expense Non Operating": NaN,
        "Interest Income Non Operating": NaN,
        "Operating Income": NaN,
        "Operating Expense": NaN,
        "Other Operating Expenses": 1172092.0,
        "Selling General And Administration": NaN,
        "General And Administrative Expense": NaN,
        "Other Gand A": NaN,
        "Gross Profit": NaN,
        "Cost Of Revenue": NaN,
        "Total Revenue": NaN,
        "Operating Revenue": NaN
    },
    "2023-09-30": {
        "Tax Effect Of Unusual Items": 557842.78,
        "Tax Rate For Calcs": 0.22,
        "Normalized EBITDA": 37444167.0,
        "Total Unusual Items": 2535649.0,
        "Total Unusual Items Excluding Goodwill": 2535649.0,
        "Net Income From Continuing Operation Net Minority Interest": 32199750.0,
        "Reconciled Depreciation": 5949853.0,
        "Reconciled Cost Of Revenue": 17431444.0,
        "EBITDA": 39979816.0,
        "EBIT": 34029963.0,
        "Net Interest Income": -1420879.0,
        "Interest Expense": 1830213.0,
        "Interest Income": 409334.0,
        "Normalized Income": 30221943.78,
        "Net Income From Continuing And Discontinued Operation": 32199750.0,
        "Total Expenses": 19581251.0,
        "Total Operating Income As Reported": 33236517.0,
        "Diluted Average Shares": 6930548.0,
        "Basic Average Shares": 6899941.0,
        "Diluted EPS": 4.65,
        "Basic EPS": 4.67,
        "Diluted NI Availto Com Stockholders": 32199750.0,
        "Net Income Common Stockholders": 32199750.0,
        "Net Income": 32199750.0,
        "Net Income Including Noncontrolling Interests": 32199750.0,
        "Net Income Continuous Operations": 32199750.0,
        "Pretax Income": 32199750.0,
        "Other Income Expense": 2535649.0,
        "Special Income Charges": 2151537.0,
        "Gain On Sale Of Ppe": 0.0,
        "Other Special Charges": -15984253.0,
        "Impairment Of Capital Assets": 13832716.0,
        "Gain On Sale Of Security": 384112.0,
        "Net Non Operating Interest Income Expense": -1420879.0,
        "Interest Expense Non Operating": 1830213.0,
        "Interest Income Non Operating": 409334.0,
        "Operating Income": 31084980.0,
        "Operating Expense": 2149807.0,
        "Other Operating Expenses": -216321.0,
        "Selling General And Administration": 2366128.0,
        "General And Administrative Expense": 2366128.0,
        "Other Gand A": 2366128.0,
        "Gross Profit": 33234787.0,
        "Cost Of Revenue": 17431444.0,
        "Total Revenue": 50666231.0,
        "Operating Revenue": 52315773.0
    },
    "2023-12-31": {
        "Tax Effect Of Unusual Items": -210279.3,
        "Tax Rate For Calcs": 0.22,
        "Normalized EBITDA": 34182858.0,
        "Total Unusual Items": -955815.0,
        "Total Unusual Items Excluding Goodwill": -955815.0,
        "Net Income From Continuing Operation Net Minority Interest": 24716614.0,
        "Reconciled Depreciation": 5997034.0,
        "Reconciled Cost Of Revenue": 19413635.0,
        "EBITDA": 33227043.0,
        "EBIT": 27230009.0,
        "Net Interest Income": -2014738.0,
        "Interest Expense": 2513395.0,
        "Interest Income": 498657.0,
        "Normalized Income": 25462149.7,
        "Net Income From Continuing And Discontinued Operation": 24716614.0,
        "Total Expenses": 21371779.0,
        "Total Operating Income As Reported": 27687167.0,
        "Diluted Average Shares": 6943912.0,
        "Basic Average Shares": 6908581.0,
        "Diluted EPS": 3.56,
        "Basic EPS": 3.58,
        "Diluted NI Availto Com Stockholders": 24716614.0,
        "Net Income Common Stockholders": 24716614.0,
        "Net Income": 24716614.0,
        "Net Income Including Noncontrolling Interests": 24716614.0,
        "Net Income Continuous Operations": 24716614.0,
        "Pretax Income": 24716614.0,
        "Other Income Expense": -955815.0,
        "Special Income Charges": 0.0,
        "Gain On Sale Of Ppe": 0.0,
        "Other Special Charges": 0.0,
        "Impairment Of Capital Assets": 0.0,
        "Gain On Sale Of Security": -955815.0,
        "Net Non Operating Interest Income Expense": -2014738.0,
        "Interest Expense Non Operating": 2513395.0,
        "Interest Income Non Operating": 498657.0,
        "Operating Income": 27687167.0,
        "Operating Expense": 1958144.0,
        "Other Operating Expenses": -1081282.0,
        "Selling General And Administration": 3039426.0,
        "General And Administrative Expense": 3039426.0,
        "Other Gand A": 3039426.0,
        "Gross Profit": 29645311.0,
        "Cost Of Revenue": 19413635.0,
        "Total Revenue": 49058946.0,
        "Operating Revenue": 50692045.0
    },
    "2024-03-31": {
        "Tax Effect Of Unusual Items": 190299.56,
        "Tax Rate For Calcs": 0.22,
        "Normalized EBITDA": 26378667.0,
        "Total Unusual Items": 864998.0,
        "Total Unusual Items Excluding Goodwill": 864998.0,
        "Net Income From Continuing Operation Net Minority Interest": 20002174.0,
        "Reconciled Depreciation": 5441337.0,
        "Reconciled Cost Of Revenue": 23494383.0,
        "EBITDA": 27243665.0,
        "EBIT": 21802328.0,
        "Net Interest Income": -1252760.0,
        "Interest Expense": 1800154.0,
        "Interest Income": 547394.0,
        "Normalized Income": 19327475.56,
        "Net Income From Continuing And Discontinued Operation": 20002174.0,
        "Total Expenses": 26328438.0,
        "Total Operating Income As Reported": 20389936.0,
        "Diluted Average Shares": 6969324.0,
        "Basic Average Shares": 6923331.0,
        "Diluted EPS": 2.87,
        "Basic EPS": 2.89,
        "Diluted NI Availto Com Stockholders": 20002174.0,
        "Net Income Common Stockholders": 20002174.0,
        "Net Income": 20002174.0,
        "Net Income Including Noncontrolling Interests": 20002174.0,
        "Net Income Continuous Operations": 20002174.0,
        "Pretax Income": 20002174.0,
        "Other Income Expense": 864998.0,
        "Special Income Charges": 0.0,
        "Gain On Sale Of Ppe": 0.0,
        "Other Special Charges": NaN,
        "Impairment Of Capital Assets": NaN,
        "Gain On Sale Of Security": 864998.0,
        "Net Non Operating Interest Income Expense": -1252760.0,
        "Interest Expense Non Operating": 1800154.0,
        "Interest Income Non Operating": 547394.0,
        "Operating Income": 20389936.0,
        "Operating Expense": 2834055.0,
        "Other Operating Expenses": NaN,
        "Selling General And Administration": 2834055.0,
        "General And Administrative Expense": 2834055.0,
        "Other Gand A": 2834055.0,
        "Gross Profit": 23223991.0,
        "Cost Of Revenue": 23494383.0,
        "Total Revenue": 46718374.0,
        "Operating Revenue": 48294639.0
    },
    "2024-06-30": {
        "Tax Effect Of Unusual Items": 1281460.4,
        "Tax Rate For Calcs": 0.22,
        "Normalized EBITDA": 43798628.0,
        "Total Unusual Items": 5824820.0,
        "Total Unusual Items Excluding Goodwill": 5824820.0,
        "Net Income From Continuing Operation Net Minority Interest": 40748559.0,
        "Reconciled Depreciation": 6820674.0,
        "Reconciled Cost Of Revenue": 19288624.0,
        "EBITDA": 49623448.0,
        "EBIT": 42802774.0,
        "Net Interest Income": -1722793.0,
        "Interest Expense": 2054215.0,
        "Interest Income": 331422.0,
        "Normalized Income": 36205199.4,
        "Net Income From Continuing And Discontinued Operation": 40748559.0,
        "Total Expenses": 22078054.0,
        "Total Operating Income As Reported": 42337326.0,
        "Diluted Average Shares": 6978682.0,
        "Basic Average Shares": 6923331.0,
        "Diluted EPS": 5.84,
        "Basic EPS": 5.89,
        "Diluted NI Availto Com Stockholders": 40748559.0,
        "Net Income Common Stockholders": 40748559.0,
        "Net Income": 40748559.0,
        "Net Income Including Noncontrolling Interests": 40748559.0,
        "Net Income Continuous Operations": 40748559.0,
        "Pretax Income": 40748559.0,
        "Other Income Expense": 5824820.0,
        "Special Income Charges": 5690794.0,
        "Gain On Sale Of Ppe": 5690794.0,
        "Other Special Charges": NaN,
        "Impairment Of Capital Assets": NaN,
        "Gain On Sale Of Security": 134026.0,
        "Net Non Operating Interest Income Expense": -1722793.0,
        "Interest Expense Non Operating": 2054215.0,
        "Interest Income Non Operating": 331422.0,
        "Operating Income": 36646532.0,
        "Operating Expense": 2789430.0,
        "Other Operating Expenses": 1663711.0,
        "Selling General And Administration": 1125719.0,
        "General And Administrative Expense": 1125719.0,
        "Other Gand A": 1125719.0,
        "Gross Profit": 39435962.0,
        "Cost Of Revenue": 19288624.0,
        "Total Revenue": 58724586.0,
        "Operating Revenue": 60288976.0
    },
    "2024-09-30": {
        "Tax Effect Of Unusual Items": -102680.82,
        "Tax Rate For Calcs": 0.22,
        "Normalized EBITDA": 38035217.0,
        "Total Unusual Items": -466731.0,
        "Total Unusual Items Excluding Goodwill": -466731.0,
        "Net Income From Continuing Operation Net Minority Interest": 27633093.0,
        "Reconciled Depreciation": 6679798.0,
        "Reconciled Cost Of Revenue": 20080049.0,
        "EBITDA": 37568486.0,
        "EBIT": 30888688.0,
        "Net Interest Income": -2557759.0,
        "Interest Expense": 3255595.0,
        "Interest Income": 697836.0,
        "Normalized Income": 27997143.18,
        "Net Income From Continuing And Discontinued Operation": 27633093.0,
        "Total Expenses": 23488578.0,
        "Total Operating Income As Reported": 30657583.0,
        "Diluted Average Shares": 6992363.0,
        "Basic Average Shares": 6953831.0,
        "Diluted EPS": 3.95,
        "Basic EPS": 3.97,
        "Diluted NI Availto Com Stockholders": 27633093.0,
        "Net Income Common Stockholders": 27633093.0,
        "Net Income": 27633093.0,
        "Net Income Including Noncontrolling Interests": 27633093.0,
        "Net Income Continuous Operations": 27633093.0,
        "Pretax Income": 27633093.0,
        "Other Income Expense": -466731.0,
        "Special Income Charges": 0.0,
        "Gain On Sale Of Ppe": 0.0,
        "Other Special Charges": NaN,
        "Impairment Of Capital Assets": 0.0,
        "Gain On Sale Of Security": -466731.0,
        "Net Non Operating Interest Income Expense": -2557759.0,
        "Interest Expense Non Operating": 3255595.0,
        "Interest Income Non Operating": 697836.0,
        "Operating Income": 30657583.0,
        "Operating Expense": 3408529.0,
        "Other Operating Expenses": NaN,
        "Selling General And Administration": 3408529.0,
        "General And Administrative Expense": 3408529.0,
        "Other Gand A": 3408529.0,
        "Gross Profit": 34066112.0,
        "Cost Of Revenue": 20080049.0,
        "Total Revenue": 54146161.0,
        "Operating Revenue": 55848323.0
    }
}