{
    "2023-06-30": {
        "Tax Effect Of Unusual Items": NaN,
        "Tax Rate For Calcs": NaN,
        "Normalized EBITDA": NaN,
        "Total Unusual Items": NaN,
        "Total Unusual Items Excluding Goodwill": NaN,
        "Net Income From Continuing Operation Net Minority Interest": NaN,
        "Reconciled Depreciation": NaN,
        "Reconciled Cost Of Revenue": NaN,
        "EBITDA": NaN,
        "EBIT": NaN,
        "Net Interest Income": NaN,
        "Interest Expense": NaN,
        "Normalized Income": NaN,
        "Net Income From Continuing And Discontinued Operation": NaN,
        "Total Expenses": NaN,
        "Total Operating Income As Reported": NaN,
        "Diluted Average Shares": NaN,
        "Basic Average Shares": NaN,
        "Diluted EPS": NaN,
        "Basic EPS": NaN,
        "Diluted NI Availto Com Stockholders": NaN,
        "Net Income Common Stockholders": NaN,
        "Net Income": NaN,
        "Minority Interests": NaN,
        "Net Income Including Noncontrolling Interests": NaN,
        "Net Income Discontinuous Operations": 2900000.0,
        "Net Income Continuous Operations": NaN,
        "Tax Provision": NaN,
        "Pretax Income": NaN,
        "Other Income Expense": NaN,
        "Other Non Operating Income Expenses": NaN,
        "Special Income Charges": NaN,
        "Impairment Of Capital Assets": NaN,
        "Gain On Sale Of Security": NaN,
        "Net Non Operating Interest Income Expense": NaN,
        "Interest Expense Non Operating": NaN,
        "Operating Income": NaN,
        "Operating Expense": NaN,
        "Research And Development": NaN,
        "Selling General And Administration": NaN,
        "Gross Profit": NaN,
        "Cost Of Revenue": NaN,
        "Total Revenue": NaN,
        "Operating Revenue": NaN
    },
    "2023-03-31": {
        "Tax Effect Of Unusual Items": 1372000.0,
        "Tax Rate For Calcs": 0.28,
        "Normalized EBITDA": 105800000.0,
        "Total Unusual Items": 4900000.0,
        "Total Unusual Items Excluding Goodwill": 4900000.0,
        "Net Income From Continuing Operation Net Minority Interest": 42900000.0,
        "Reconciled Depreciation": 39100000.0,
        "Reconciled Cost Of Revenue": 346600000.0,
        "EBITDA": 110700000.0,
        "EBIT": 71600000.0,
        "Net Interest Income": -11700000.0,
        "Interest Expense": 11700000.0,
        "Normalized Income": 39372000.0,
        "Net Income From Continuing And Discontinued Operation": 42900000.0,
        "Total Expenses": 508000000.0,
        "Total Operating Income As Reported": 66400000.0,
        "Diluted Average Shares": 241800000.0,
        "Basic Average Shares": 241100000.0,
        "Diluted EPS": 0.18,
        "Basic EPS": 0.18,
        "Diluted NI Availto Com Stockholders": 42900000.0,
        "Net Income Common Stockholders": 42900000.0,
        "Net Income": 42900000.0,
        "Minority Interests": -100000.0,
        "Net Income Including Noncontrolling Interests": 43000000.0,
        "Net Income Discontinuous Operations": NaN,
        "Net Income Continuous Operations": 43000000.0,
        "Tax Provision": 16900000.0,
        "Pretax Income": 59900000.0,
        "Other Income Expense": 5200000.0,
        "Other Non Operating Income Expenses": 300000.0,
        "Special Income Charges": NaN,
        "Impairment Of Capital Assets": NaN,
        "Gain On Sale Of Security": 4900000.0,
        "Net Non Operating Interest Income Expense": -11700000.0,
        "Interest Expense Non Operating": 11700000.0,
        "Operating Income": 66400000.0,
        "Operating Expense": 161400000.0,
        "Research And Development": 12500000.0,
        "Selling General And Administration": 148900000.0,
        "Gross Profit": 227800000.0,
        "Cost Of Revenue": 346600000.0,
        "Total Revenue": 574400000.0,
        "Operating Revenue": 574400000.0
    },
    "2022-12-31": {
        "Tax Effect Of Unusual Items": NaN,
        "Tax Rate For Calcs": NaN,
        "Normalized EBITDA": NaN,
        "Total Unusual Items": NaN,
        "Total Unusual Items Excluding Goodwill": NaN,
        "Net Income From Continuing Operation Net Minority Interest": NaN,
        "Reconciled Depreciation": NaN,
        "Reconciled Cost Of Revenue": NaN,
        "EBITDA": NaN,
        "EBIT": NaN,
        "Net Interest Income": NaN,
        "Interest Expense": NaN,
        "Normalized Income": NaN,
        "Net Income From Continuing And Discontinued Operation": NaN,
        "Total Expenses": NaN,
        "Total Operating Income As Reported": NaN,
        "Diluted Average Shares": NaN,
        "Basic Average Shares": NaN,
        "Diluted EPS": NaN,
        "Basic EPS": NaN,
        "Diluted NI Availto Com Stockholders": NaN,
        "Net Income Common Stockholders": NaN,
        "Net Income": NaN,
        "Minority Interests": NaN,
        "Net Income Including Noncontrolling Interests": NaN,
        "Net Income Discontinuous Operations": 0.0,
        "Net Income Continuous Operations": NaN,
        "Tax Provision": NaN,
        "Pretax Income": NaN,
        "Other Income Expense": NaN,
        "Other Non Operating Income Expenses": NaN,
        "Special Income Charges": NaN,
        "Impairment Of Capital Assets": NaN,
        "Gain On Sale Of Security": NaN,
        "Net Non Operating Interest Income Expense": NaN,
        "Interest Expense Non Operating": NaN,
        "Operating Income": NaN,
        "Operating Expense": NaN,
        "Research And Development": NaN,
        "Selling General And Administration": NaN,
        "Gross Profit": NaN,
        "Cost Of Revenue": NaN,
        "Total Revenue": NaN,
        "Operating Revenue": NaN
    },
    "2022-09-30": {
        "Tax Effect Of Unusual Items": NaN,
        "Tax Rate For Calcs": NaN,
        "Normalized EBITDA": NaN,
        "Total Unusual Items": NaN,
        "Total Unusual Items Excluding Goodwill": NaN,
        "Net Income From Continuing Operation Net Minority Interest": NaN,
        "Reconciled Depreciation": NaN,
        "Reconciled Cost Of Revenue": NaN,
        "EBITDA": NaN,
        "EBIT": NaN,
        "Net Interest Income": NaN,
        "Interest Expense": NaN,
        "Normalized Income": NaN,
        "Net Income From Continuing And Discontinued Operation": NaN,
        "Total Expenses": NaN,
        "Total Operating Income As Reported": NaN,
        "Diluted Average Shares": NaN,
        "Basic Average Shares": NaN,
        "Diluted EPS": NaN,
        "Basic EPS": NaN,
        "Diluted NI Availto Com Stockholders": NaN,
        "Net Income Common Stockholders": NaN,
        "Net Income": NaN,
        "Minority Interests": NaN,
        "Net Income Including Noncontrolling Interests": NaN,
        "Net Income Discontinuous Operations": 0.0,
        "Net Income Continuous Operations": NaN,
        "Tax Provision": NaN,
        "Pretax Income": NaN,
        "Other Income Expense": NaN,
        "Other Non Operating Income Expenses": NaN,
        "Special Income Charges": 0.0,
        "Impairment Of Capital Assets": 0.0,
        "Gain On Sale Of Security": NaN,
        "Net Non Operating Interest Income Expense": NaN,
        "Interest Expense Non Operating": NaN,
        "Operating Income": NaN,
        "Operating Expense": NaN,
        "Research And Development": NaN,
        "Selling General And Administration": NaN,
        "Gross Profit": NaN,
        "Cost Of Revenue": NaN,
        "Total Revenue": NaN,
        "Operating Revenue": NaN
    },
    "2022-06-30": {
        "Tax Effect Of Unusual Items": 540000.0,
        "Tax Rate For Calcs": 0.2,
        "Normalized EBITDA": 138600000.0,
        "Total Unusual Items": 2700000.0,
        "Total Unusual Items Excluding Goodwill": 2700000.0,
        "Net Income From Continuing Operation Net Minority Interest": 63400000.0,
        "Reconciled Depreciation": 40600000.0,
        "Reconciled Cost Of Revenue": 427100000.0,
        "EBITDA": 141300000.0,
        "EBIT": 100700000.0,
        "Net Interest Income": -13200000.0,
        "Interest Expense": 13200000.0,
        "Normalized Income": 61240000.0,
        "Net Income From Continuing And Discontinued Operation": 65200000.0,
        "Total Expenses": 586400000.0,
        "Total Operating Income As Reported": 90500000.0,
        "Diluted Average Shares": 247500000.0,
        "Basic Average Shares": 247100000.0,
        "Diluted EPS": 0.26,
        "Basic EPS": 0.26,
        "Diluted NI Availto Com Stockholders": 65200000.0,
        "Net Income Common Stockholders": 65200000.0,
        "Net Income": 65200000.0,
        "Minority Interests": -200000.0,
        "Net Income Including Noncontrolling Interests": 65400000.0,
        "Net Income Discontinuous Operations": 1800000.0,
        "Net Income Continuous Operations": 63600000.0,
        "Tax Provision": 23900000.0,
        "Pretax Income": 87500000.0,
        "Other Income Expense": 10200000.0,
        "Other Non Operating Income Expenses": 7500000.0,
        "Gain On Sale Of Security": 2700000.0,
        "Net Non Operating Interest Income Expense": -13200000.0,
        "Interest Expense Non Operating": 13200000.0,
        "Operating Income": 90500000.0,
        "Operating Expense": 159300000.0,
        "Research And Development": 12800000.0,
        "Selling General And Administration": 146500000.0,
        "Gross Profit": 249800000.0,
        "Cost Of Revenue": 427100000.0,
        "Total Revenue": 676900000.0,
        "Operating Revenue": 676900000.0
    },
    "2022-03-31": {
        "Diluted EPS": 0.23,
        "Total Revenue": 680,
        "Gross Profit": 263,
        "Operating Income": 96,
        "EBIT": 137,
        "Net Income": 56
    },
    "2021-12-31": {
        "Diluted EPS": 0.01,
        "Total Revenue": 647,
        "Gross Profit": 237,
        "Operating Income": 61,
        "EBIT": 104,
        "Net Income": 4
    },
    "2021-09-30": {
        "Diluted EPS": 0.15,
        "Total Revenue": 616,
        "Gross Profit": 245,
        "Operating Income": 69,
        "EBIT": 110,
        "Net Income": 36
    },
    "2021-06-30": {
        "Diluted EPS": 0.33,
        "Total Revenue": 587,
        "Gross Profit": 239,
        "Operating Income": 71,
        "EBIT": 111,
        "Net Income": 81
    },
    "2021-03-31": {
        "Diluted EPS": 0.33,
        "Total Revenue": 550,
        "Gross Profit": 241,
        "Operating Income": 100,
        "EBIT": 139,
        "Net Income": 82
    },
    "2020-12-31": {
        "Diluted EPS": 0.11,
        "Total Revenue": 537,
        "Gross Profit": 223,
        "Operating Income": 80,
        "EBIT": 121,
        "Net Income": 30
    },
    "2020-09-30": {
        "Diluted EPS": 0.15,
        "Total Revenue": 478,
        "Gross Profit": 204,
        "Operating Income": 59,
        "EBIT": 100,
        "Net Income": 36
    },
    "2020-06-30": {
        "Diluted EPS": 0.01,
        "Total Revenue": 387,
        "Gross Profit": 163,
        "Operating Income": 40,
        "EBIT": 79,
        "Net Income": 1
    },
    "2020-03-31": {
        "Diluted EPS": 0.03,
        "Total Revenue": 453,
        "Gross Profit": 197,
        "Operating Income": 55,
        "EBIT": 95,
        "Net Income": 9
    },
    "2019-12-31": {
        "Diluted EPS": 0.28,
        "Total Revenue": 455,
        "Gross Profit": 191,
        "Operating Income": 82,
        "EBIT": 121,
        "Net Income": 74
    },
    "2019-09-30": {
        "Diluted EPS": -0.03,
        "Total Revenue": 465,
        "Gross Profit": 206,
        "Operating Income": 67,
        "EBIT": 105,
        "Net Income": -7
    },
    "2019-06-30": {
        "Diluted EPS": 0.01,
        "Total Revenue": 457,
        "Gross Profit": 193,
        "Operating Income": 56,
        "EBIT": 94,
        "Net Income": 2
    },
    "2019-03-31": {
        "Diluted EPS": 0.09,
        "Total Revenue": 460,
        "Gross Profit": 198,
        "Operating Income": 45,
        "EBIT": 84,
        "Net Income": 23
    },
    "2018-12-31": {
        "Diluted EPS": 0.12,
        "Total Revenue": 478,
        "Gross Profit": 202,
        "Operating Income": 71,
        "EBIT": 109,
        "Net Income": 35
    },
    "2018-09-30": {
        "Diluted EPS": -1.42,
        "Total Revenue": 489,
        "Gross Profit": 210,
        "Operating Income": 60,
        "EBIT": 98,
        "Net Income": -409
    },
    "2018-06-30": {
        "Diluted EPS": 0.04,
        "Total Revenue": 502,
        "Gross Profit": 215,
        "Operating Income": 59,
        "EBIT": 99,
        "Net Income": 12
    },
    "2018-03-31": {
        "Diluted EPS": 0.13,
        "Total Revenue": 493,
        "Gross Profit": 211,
        "Operating Income": 59,
        "EBIT": 99,
        "Net Income": 37
    },
    "2017-12-31": {
        "Diluted EPS": -0.49,
        "Total Revenue": 489,
        "Gross Profit": 212,
        "Operating Income": 53,
        "EBIT": 92,
        "Net Income": -142
    },
    "2017-09-30": {
        "Diluted EPS": -0.24,
        "Total Revenue": 481,
        "Gross Profit": 208,
        "Operating Income": 57,
        "EBIT": 0,
        "Net Income": -69
    },
    "2017-06-30": {
        "Diluted EPS": -0.21,
        "Total Revenue": 941,
        "Gross Profit": 400,
        "Operating Income": 91,
        "EBIT": 178,
        "Net Income": -61
    },
    "2017-03-31": {
        "Diluted EPS": -0.09,
        "Total Revenue": 862,
        "Gross Profit": 378,
        "Operating Income": 99,
        "EBIT": 185,
        "Net Income": -24
    },
    "2016-12-31": {
        "Diluted EPS": 0.13,
        "Total Revenue": -866,
        "Gross Profit": -334,
        "Operating Income": -138,
        "EBIT": -190,
        "Net Income": -2
    },
    "2016-09-30": {
        "Diluted EPS": -0.15,
        "Total Revenue": 891,
        "Gross Profit": 375,
        "Operating Income": 80,
        "EBIT": 167,
        "Net Income": 105
    },
    "2016-06-30": {
        "Diluted EPS": -0.04,
        "Total Revenue": 922,
        "Gross Profit": 381,
        "Operating Income": 95,
        "EBIT": 180,
        "Net Income": -9
    },
    "2016-03-31": {
        "Diluted EPS": -0.59,
        "Total Revenue": 824,
        "Gross Profit": 356,
        "Operating Income": 52,
        "EBIT": 135,
        "Net Income": -135
    },
    "2015-12-31": {
        "Diluted EPS": -0.66,
        "Total Revenue": 735,
        "Gross Profit": 274,
        "Operating Income": -6,
        "EBIT": 69,
        "Net Income": -130
    },
    "2015-09-30": {
        "Diluted EPS": -0.66,
        "Total Revenue": 597,
        "Gross Profit": 243,
        "Operating Income": 31,
        "EBIT": 89,
        "Net Income": -140
    },
    "2015-06-30": {
        "Diluted EPS": -0.06,
        "Total Revenue": 675,
        "Gross Profit": 269,
        "Operating Income": 44,
        "EBIT": 44,
        "Net Income": -12
    },
    "2015-03-31": {
        "Diluted EPS": -0.14,
        "Total Revenue": 535,
        "Gross Profit": 207,
        "Operating Income": 2,
        "EBIT": 2,
        "Net Income": -27
    },
    "2014-12-31": {
        "Diluted EPS": -1.95,
        "Total Revenue": 274,
        "Gross Profit": 113,
        "Operating Income": -23,
        "EBIT": -23,
        "Net Income": -267
    },
    "2014-09-30": {
        "Diluted EPS": 0.08,
        "Total Revenue": 197,
        "Gross Profit": 103,
        "Operating Income": 23,
        "EBIT": 23,
        "Net Income": 12
    },
    "2014-06-30": {
        "Diluted EPS": -0.0,
        "Total Revenue": 189,
        "Gross Profit": 97,
        "Operating Income": 6,
        "EBIT": 6,
        "Net Income": 0
    },
    "2014-03-31": {
        "Diluted EPS": -0.07,
        "Total Revenue": 184,
        "Gross Profit": 84,
        "Operating Income": 4,
        "EBIT": 4,
        "Net Income": -7
    },
    "2013-12-31": {
        "Diluted EPS": -2.2,
        "Total Revenue": -442,
        "Gross Profit": -253,
        "Operating Income": -312,
        "EBIT": -311,
        "Net Income": -213
    },
    "2013-09-30": {
        "Diluted EPS": 0.1,
        "Total Revenue": 188,
        "Gross Profit": 99,
        "Operating Income": 34,
        "EBIT": 46,
        "Net Income": 9
    },
    "2013-06-30": {
        "Diluted EPS": 0.0,
        "Total Revenue": 190,
        "Gross Profit": 97,
        "Operating Income": 37,
        "EBIT": 46,
        "Net Income": -15
    },
    "2013-03-31": {
        "Diluted EPS": 0.0,
        "Total Revenue": 182,
        "Gross Profit": 93,
        "Operating Income": 30,
        "EBIT": 40,
        "Net Income": 15
    },
    "2012-12-31": {
        "Diluted EPS": 0.0,
        "Total Revenue": NaN,
        "Gross Profit": NaN,
        "Operating Income": NaN,
        "EBIT": NaN,
        "Net Income": NaN
    },
    "2011-12-31": {
        "Diluted EPS": 0.0,
        "Total Revenue": NaN,
        "Gross Profit": NaN,
        "Operating Income": NaN,
        "EBIT": NaN,
        "Net Income": NaN
    },
    "2023-09-30": {
        "Tax Effect Of Unusual Items": -17913000.0,
        "Tax Rate For Calcs": 0.21,
        "Normalized EBITDA": 126700000.0,
        "Total Unusual Items": -85300000.0,
        "Total Unusual Items Excluding Goodwill": -85300000.0,
        "Net Income From Continuing Operation Net Minority Interest": -31800000.0,
        "Reconciled Depreciation": 44500000.0,
        "Reconciled Cost Of Revenue": 357400000.0,
        "EBITDA": 41400000.0,
        "EBIT": -3100000.0,
        "Net Interest Income": -13300000.0,
        "Interest Expense": 13300000.0,
        "Normalized Income": 35587000.0,
        "Net Income From Continuing And Discontinued Operation": -31800000.0,
        "Total Expenses": 520200000.0,
        "Total Operating Income As Reported": -900000.0,
        "Diluted Average Shares": 241500000.0,
        "Basic Average Shares": 241500000.0,
        "Diluted EPS": -0.13,
        "Basic EPS": -0.13,
        "Diluted NI Availto Com Stockholders": -31800000.0,
        "Net Income Common Stockholders": -31800000.0,
        "Net Income": -31800000.0,
        "Minority Interests": -100000.0,
        "Net Income Including Noncontrolling Interests": -31700000.0,
        "Net Income Discontinuous Operations": 0.0,
        "Net Income Continuous Operations": -31700000.0,
        "Tax Provision": 15300000.0,
        "Pretax Income": -16400000.0,
        "Other Income Expense": -82200000.0,
        "Other Non Operating Income Expenses": 3100000.0,
        "Special Income Charges": -80000000.0,
        "Impairment Of Capital Assets": 80000000.0,
        "Gain On Sale Of Security": -5300000.0,
        "Net Non Operating Interest Income Expense": -13300000.0,
        "Interest Expense Non Operating": 13300000.0,
        "Operating Income": 79100000.0,
        "Operating Expense": 162800000.0,
        "Research And Development": 12900000.0,
        "Selling General And Administration": 149900000.0,
        "Gross Profit": 241900000.0,
        "Cost Of Revenue": 357400000.0,
        "Total Revenue": 599300000.0,
        "Operating Revenue": 599300000.0
    },
    "2023-12-31": {
        "Tax Effect Of Unusual Items": -1533000.0,
        "Tax Rate For Calcs": 0.21,
        "Normalized EBITDA": 99200000.0,
        "Total Unusual Items": -7300000.0,
        "Total Unusual Items Excluding Goodwill": -7300000.0,
        "Net Income From Continuing Operation Net Minority Interest": 77900000.0,
        "Reconciled Depreciation": 42000000.0,
        "Reconciled Cost Of Revenue": 353100000.0,
        "EBITDA": 91900000.0,
        "EBIT": 49900000.0,
        "Net Interest Income": -12300000.0,
        "Interest Expense": 12300000.0,
        "Normalized Income": 83667000.0,
        "Net Income From Continuing And Discontinued Operation": 77100000.0,
        "Total Expenses": 517900000.0,
        "Total Operating Income As Reported": 55500000.0,
        "Diluted Average Shares": 241900000.0,
        "Basic Average Shares": 241500000.0,
        "Diluted EPS": 0.32,
        "Basic EPS": 0.32,
        "Diluted NI Availto Com Stockholders": 77100000.0,
        "Net Income Common Stockholders": 77100000.0,
        "Net Income": 77100000.0,
        "Minority Interests": -100000.0,
        "Net Income Including Noncontrolling Interests": 77200000.0,
        "Net Income Discontinuous Operations": -800000.0,
        "Net Income Continuous Operations": 78000000.0,
        "Tax Provision": -40400000.0,
        "Pretax Income": 37600000.0,
        "Other Income Expense": -5600000.0,
        "Other Non Operating Income Expenses": 1700000.0,
        "Special Income Charges": -9300000.0,
        "Impairment Of Capital Assets": 0.0,
        "Gain On Sale Of Security": 2000000.0,
        "Net Non Operating Interest Income Expense": -12300000.0,
        "Interest Expense Non Operating": 12300000.0,
        "Operating Income": 55500000.0,
        "Operating Expense": 164800000.0,
        "Research And Development": 13800000.0,
        "Selling General And Administration": 151000000.0,
        "Gross Profit": 220300000.0,
        "Cost Of Revenue": 353100000.0,
        "Total Revenue": 573400000.0,
        "Operating Revenue": 573400000.0
    },
    "2024-03-31": {
        "Tax Effect Of Unusual Items": 1501000.0,
        "Tax Rate For Calcs": 0.19,
        "Normalized EBITDA": 115800000.0,
        "Total Unusual Items": 7900000.0,
        "Total Unusual Items Excluding Goodwill": 7900000.0,
        "Net Income From Continuing Operation Net Minority Interest": 56000000.0,
        "Reconciled Depreciation": 40300000.0,
        "Reconciled Cost Of Revenue": 330000000.0,
        "EBITDA": 123700000.0,
        "EBIT": 83400000.0,
        "Net Interest Income": -13900000.0,
        "Interest Expense": 13900000.0,
        "Normalized Income": 49601000.0,
        "Net Income From Continuing And Discontinued Operation": 56000000.0,
        "Total Expenses": 497200000.0,
        "Total Operating Income As Reported": 77800000.0,
        "Diluted Average Shares": 242500000.0,
        "Basic Average Shares": 241800000.0,
        "Diluted EPS": 0.23,
        "Basic EPS": 0.23,
        "Diluted NI Availto Com Stockholders": 56000000.0,
        "Net Income Common Stockholders": 56000000.0,
        "Net Income": 56000000.0,
        "Minority Interests": 0.0,
        "Net Income Including Noncontrolling Interests": 56000000.0,
        "Net Income Discontinuous Operations": NaN,
        "Net Income Continuous Operations": 56000000.0,
        "Tax Provision": 13500000.0,
        "Pretax Income": 69500000.0,
        "Other Income Expense": 5600000.0,
        "Other Non Operating Income Expenses": -2300000.0,
        "Special Income Charges": NaN,
        "Impairment Of Capital Assets": NaN,
        "Gain On Sale Of Security": 7900000.0,
        "Net Non Operating Interest Income Expense": -13900000.0,
        "Interest Expense Non Operating": 13900000.0,
        "Operating Income": 77800000.0,
        "Operating Expense": 167200000.0,
        "Research And Development": 18100000.0,
        "Selling General And Administration": 149100000.0,
        "Gross Profit": 245000000.0,
        "Cost Of Revenue": 330000000.0,
        "Total Revenue": 575000000.0,
        "Operating Revenue": 575000000.0
    },
    "2024-06-30": {
        "Tax Effect Of Unusual Items": 1050000.0,
        "Tax Rate For Calcs": 0.21,
        "Normalized EBITDA": 123600000.0,
        "Total Unusual Items": 5000000.0,
        "Total Unusual Items Excluding Goodwill": 5000000.0,
        "Net Income From Continuing Operation Net Minority Interest": 91600000.0,
        "Reconciled Depreciation": 40100000.0,
        "Reconciled Cost Of Revenue": 345500000.0,
        "EBITDA": 128600000.0,
        "EBIT": 88500000.0,
        "Net Interest Income": -14300000.0,
        "Interest Expense": 14300000.0,
        "Normalized Income": 87650000.0,
        "Net Income From Continuing And Discontinued Operation": 93200000.0,
        "Total Expenses": 516500000.0,
        "Total Operating Income As Reported": 96200000.0,
        "Diluted Average Shares": 242500000.0,
        "Basic Average Shares": 242100000.0,
        "Diluted EPS": 0.39,
        "Basic EPS": 0.39,
        "Diluted NI Availto Com Stockholders": 93200000.0,
        "Net Income Common Stockholders": 93200000.0,
        "Net Income": 93200000.0,
        "Minority Interests": -100000.0,
        "Net Income Including Noncontrolling Interests": 93300000.0,
        "Net Income Discontinuous Operations": 1600000.0,
        "Net Income Continuous Operations": 91700000.0,
        "Tax Provision": -17500000.0,
        "Pretax Income": 74200000.0,
        "Other Income Expense": -7700000.0,
        "Other Non Operating Income Expenses": -12700000.0,
        "Special Income Charges": NaN,
        "Impairment Of Capital Assets": NaN,
        "Gain On Sale Of Security": 5000000.0,
        "Net Non Operating Interest Income Expense": -14300000.0,
        "Interest Expense Non Operating": 14300000.0,
        "Operating Income": 96200000.0,
        "Operating Expense": 171000000.0,
        "Research And Development": 15600000.0,
        "Selling General And Administration": 155400000.0,
        "Gross Profit": 267200000.0,
        "Cost Of Revenue": 345500000.0,
        "Total Revenue": 612700000.0,
        "Operating Revenue": 612700000.0
    },
    "2024-09-30": {
        "Tax Effect Of Unusual Items": 2331000.0,
        "Tax Rate For Calcs": 0.21,
        "Normalized EBITDA": 119700000.0,
        "Total Unusual Items": 11100000.0,
        "Total Unusual Items Excluding Goodwill": 11100000.0,
        "Net Income From Continuing Operation Net Minority Interest": 40300000.0,
        "Reconciled Depreciation": 39400000.0,
        "Reconciled Cost Of Revenue": 377500000.0,
        "EBITDA": 130800000.0,
        "EBIT": 91400000.0,
        "Net Interest Income": -14200000.0,
        "Interest Expense": 14200000.0,
        "Normalized Income": 31531000.0,
        "Net Income From Continuing And Discontinued Operation": 40300000.0,
        "Total Expenses": 550000000.0,
        "Total Operating Income As Reported": 95000000.0,
        "Diluted Average Shares": 242600000.0,
        "Basic Average Shares": 242100000.0,
        "Diluted EPS": 0.17,
        "Basic EPS": 0.17,
        "Diluted NI Availto Com Stockholders": 40300000.0,
        "Net Income Common Stockholders": 40300000.0,
        "Net Income": 40300000.0,
        "Minority Interests": -100000.0,
        "Net Income Including Noncontrolling Interests": 40400000.0,
        "Net Income Discontinuous Operations": 0.0,
        "Net Income Continuous Operations": 40400000.0,
        "Tax Provision": 36800000.0,
        "Pretax Income": 77200000.0,
        "Other Income Expense": -3600000.0,
        "Other Non Operating Income Expenses": -14700000.0,
        "Special Income Charges": 0.0,
        "Impairment Of Capital Assets": 0.0,
        "Gain On Sale Of Security": 11100000.0,
        "Net Non Operating Interest Income Expense": -14200000.0,
        "Interest Expense Non Operating": 14200000.0,
        "Operating Income": 95000000.0,
        "Operating Expense": 172500000.0,
        "Research And Development": 14900000.0,
        "Selling General And Administration": 157600000.0,
        "Gross Profit": 267500000.0,
        "Cost Of Revenue": 377500000.0,
        "Total Revenue": 645000000.0,
        "Operating Revenue": 645000000.0
    }
}