{
    "2023-03-31": {
        "Tax Effect Of Unusual Items": NaN,
        "Tax Rate For Calcs": NaN,
        "Normalized EBITDA": NaN,
        "Net Income From Continuing Operation Net Minority Interest": NaN,
        "Reconciled Depreciation": NaN,
        "Reconciled Cost Of Revenue": NaN,
        "EBITDA": NaN,
        "EBIT": NaN,
        "Net Interest Income": NaN,
        "Interest Expense": NaN,
        "Normalized Income": NaN,
        "Net Income From Continuing And Discontinued Operation": NaN,
        "Total Expenses": NaN,
        "Total Operating Income As Reported": NaN,
        "Diluted Average Shares": NaN,
        "Basic Average Shares": NaN,
        "Diluted EPS": NaN,
        "Basic EPS": NaN,
        "Diluted NI Availto Com Stockholders": NaN,
        "Net Income Common Stockholders": NaN,
        "Net Income": NaN,
        "Minority Interests": NaN,
        "Net Income Including Noncontrolling Interests": NaN,
        "Net Income Continuous Operations": NaN,
        "Earnings From Equity Interest Net Of Tax": NaN,
        "Tax Provision": NaN,
        "Pretax Income": NaN,
        "Other Income Expense": NaN,
        "Other Non Operating Income Expenses": NaN,
        "Net Non Operating Interest Income Expense": NaN,
        "Total Other Finance Cost": 24212000.0,
        "Interest Expense Non Operating": NaN,
        "Operating Income": NaN,
        "Operating Expense": NaN,
        "Research And Development": NaN,
        "Selling General And Administration": NaN,
        "Selling And Marketing Expense": NaN,
        "General And Administrative Expense": NaN,
        "Other Gand A": NaN,
        "Gross Profit": NaN,
        "Cost Of Revenue": NaN,
        "Total Revenue": NaN,
        "Operating Revenue": NaN
    },
    "2022-12-31": {
        "Tax Effect Of Unusual Items": NaN,
        "Tax Rate For Calcs": NaN,
        "Normalized EBITDA": NaN,
        "Net Income From Continuing Operation Net Minority Interest": NaN,
        "Reconciled Depreciation": NaN,
        "Reconciled Cost Of Revenue": NaN,
        "EBITDA": NaN,
        "EBIT": NaN,
        "Net Interest Income": NaN,
        "Interest Expense": NaN,
        "Normalized Income": NaN,
        "Net Income From Continuing And Discontinued Operation": NaN,
        "Total Expenses": NaN,
        "Total Operating Income As Reported": NaN,
        "Diluted Average Shares": NaN,
        "Basic Average Shares": NaN,
        "Diluted EPS": NaN,
        "Basic EPS": NaN,
        "Diluted NI Availto Com Stockholders": NaN,
        "Net Income Common Stockholders": NaN,
        "Net Income": NaN,
        "Minority Interests": NaN,
        "Net Income Including Noncontrolling Interests": NaN,
        "Net Income Continuous Operations": NaN,
        "Earnings From Equity Interest Net Of Tax": NaN,
        "Tax Provision": NaN,
        "Pretax Income": NaN,
        "Other Income Expense": NaN,
        "Other Non Operating Income Expenses": NaN,
        "Net Non Operating Interest Income Expense": NaN,
        "Total Other Finance Cost": NaN,
        "Interest Expense Non Operating": NaN,
        "Operating Income": NaN,
        "Operating Expense": NaN,
        "Other Operating Expenses": -28644000.0,
        "Research And Development": NaN,
        "Selling General And Administration": NaN,
        "Selling And Marketing Expense": NaN,
        "General And Administrative Expense": NaN,
        "Other Gand A": NaN,
        "Gross Profit": NaN,
        "Cost Of Revenue": NaN,
        "Total Revenue": NaN,
        "Operating Revenue": NaN
    },
    "2022-09-30": {
        "Tax Effect Of Unusual Items": NaN,
        "Tax Rate For Calcs": NaN,
        "Normalized EBITDA": NaN,
        "Net Income From Continuing Operation Net Minority Interest": NaN,
        "Reconciled Depreciation": NaN,
        "Reconciled Cost Of Revenue": NaN,
        "EBITDA": NaN,
        "EBIT": NaN,
        "Net Interest Income": NaN,
        "Interest Expense": NaN,
        "Normalized Income": NaN,
        "Net Income From Continuing And Discontinued Operation": NaN,
        "Total Expenses": NaN,
        "Total Operating Income As Reported": NaN,
        "Diluted Average Shares": NaN,
        "Basic Average Shares": NaN,
        "Diluted EPS": NaN,
        "Basic EPS": NaN,
        "Diluted NI Availto Com Stockholders": NaN,
        "Net Income Common Stockholders": NaN,
        "Net Income": NaN,
        "Minority Interests": NaN,
        "Net Income Including Noncontrolling Interests": NaN,
        "Net Income Continuous Operations": NaN,
        "Earnings From Equity Interest Net Of Tax": NaN,
        "Tax Provision": NaN,
        "Pretax Income": NaN,
        "Other Income Expense": NaN,
        "Other Non Operating Income Expenses": NaN,
        "Net Non Operating Interest Income Expense": NaN,
        "Total Other Finance Cost": NaN,
        "Interest Expense Non Operating": NaN,
        "Operating Income": NaN,
        "Operating Expense": NaN,
        "Other Operating Expenses": -9374000.0,
        "Research And Development": NaN,
        "Selling General And Administration": NaN,
        "Selling And Marketing Expense": NaN,
        "General And Administrative Expense": NaN,
        "Other Gand A": NaN,
        "Gross Profit": NaN,
        "Cost Of Revenue": NaN,
        "Total Revenue": NaN,
        "Operating Revenue": NaN
    },
    "2022-06-30": {
        "Tax Effect Of Unusual Items": 0.0,
        "Tax Rate For Calcs": 0.136302,
        "Normalized EBITDA": 145526000.0,
        "Net Income From Continuing Operation Net Minority Interest": 81167000.0,
        "Reconciled Depreciation": 42503000.0,
        "Reconciled Cost Of Revenue": 963647000.0,
        "EBITDA": 145526000.0,
        "EBIT": 103023000.0,
        "Net Interest Income": -9290000.0,
        "Interest Expense": 9290000.0,
        "Normalized Income": 81167000.0,
        "Net Income From Continuing And Discontinued Operation": 81167000.0,
        "Total Expenses": 1188260000.0,
        "Total Operating Income As Reported": 115114000.0,
        "Diluted Average Shares": 44580000.0,
        "Basic Average Shares": 44321000.0,
        "Diluted EPS": 1.82,
        "Basic EPS": 1.83,
        "Diluted NI Availto Com Stockholders": 81167000.0,
        "Net Income Common Stockholders": 81167000.0,
        "Net Income": 81167000.0,
        "Minority Interests": 345000.0,
        "Net Income Including Noncontrolling Interests": 80822000.0,
        "Net Income Continuous Operations": 80822000.0,
        "Earnings From Equity Interest Net Of Tax": -135000.0,
        "Tax Provision": 12776000.0,
        "Pretax Income": 93733000.0,
        "Other Income Expense": -12091000.0,
        "Other Non Operating Income Expenses": -12091000.0,
        "Net Non Operating Interest Income Expense": -9290000.0,
        "Total Other Finance Cost": NaN,
        "Interest Expense Non Operating": 9290000.0,
        "Operating Income": 115114000.0,
        "Operating Expense": 224613000.0,
        "Other Operating Expenses": -27249000.0,
        "Research And Development": 96353000.0,
        "Selling General And Administration": 155509000.0,
        "Selling And Marketing Expense": 82779000.0,
        "General And Administrative Expense": 72730000.0,
        "Other Gand A": 72730000.0,
        "Gross Profit": 339727000.0,
        "Cost Of Revenue": 963647000.0,
        "Total Revenue": 1303374000.0,
        "Operating Revenue": 1303374000.0
    },
    "2022-03-31": {
        "Diluted EPS": 1.19,
        "Total Revenue": NaN,
        "Gross Profit": 327,
        "Operating Income": 59,
        "EBIT": 98,
        "Net Income": 53
    },
    "2021-12-31": {
        "Diluted EPS": 0.18,
        "Total Revenue": NaN,
        "Gross Profit": 374,
        "Operating Income": 107,
        "EBIT": 148,
        "Net Income": 8
    },
    "2021-09-30": {
        "Diluted EPS": 2.08,
        "Total Revenue": NaN,
        "Gross Profit": 363,
        "Operating Income": 110,
        "EBIT": 150,
        "Net Income": 92
    },
    "2021-06-30": {
        "Diluted EPS": 2.3,
        "Total Revenue": NaN,
        "Gross Profit": 339,
        "Operating Income": 117,
        "EBIT": 156,
        "Net Income": 102
    },
    "2021-03-31": {
        "Diluted EPS": 1.64,
        "Total Revenue": NaN,
        "Gross Profit": 281,
        "Operating Income": 84,
        "EBIT": 118,
        "Net Income": 73
    },
    "2020-12-31": {
        "Diluted EPS": 1.54,
        "Total Revenue": NaN,
        "Gross Profit": 358,
        "Operating Income": 105,
        "EBIT": 140,
        "Net Income": 68
    },
    "2020-09-30": {
        "Diluted EPS": 0.38,
        "Total Revenue": NaN,
        "Gross Profit": 237,
        "Operating Income": 24,
        "EBIT": 59,
        "Net Income": 17
    },
    "2020-06-30": {
        "Diluted EPS": 2.02,
        "Total Revenue": NaN,
        "Gross Profit": 281,
        "Operating Income": 117,
        "EBIT": 156,
        "Net Income": 89
    },
    "2020-03-31": {
        "Diluted EPS": 1.44,
        "Total Revenue": NaN,
        "Gross Profit": 289,
        "Operating Income": 80,
        "EBIT": 116,
        "Net Income": 64
    },
    "2019-12-31": {
        "Diluted EPS": 1.17,
        "Total Revenue": NaN,
        "Gross Profit": 284,
        "Operating Income": 64,
        "EBIT": 102,
        "Net Income": 52
    },
    "2019-09-30": {
        "Diluted EPS": 1.63,
        "Total Revenue": NaN,
        "Gross Profit": 286,
        "Operating Income": 102,
        "EBIT": 133,
        "Net Income": 72
    },
    "2019-06-30": {
        "Diluted EPS": 1.22,
        "Total Revenue": NaN,
        "Gross Profit": 288,
        "Operating Income": 80,
        "EBIT": 114,
        "Net Income": 54
    },
    "2019-03-31": {
        "Diluted EPS": 1.18,
        "Total Revenue": NaN,
        "Gross Profit": 278,
        "Operating Income": 76,
        "EBIT": 109,
        "Net Income": 50
    },
    "2018-12-31": {
        "Diluted EPS": 0.02,
        "Total Revenue": NaN,
        "Gross Profit": 235,
        "Operating Income": 39,
        "EBIT": 72,
        "Net Income": 1
    },
    "2018-09-30": {
        "Diluted EPS": 1.5,
        "Total Revenue": 895,
        "Gross Profit": 256,
        "Operating Income": 79,
        "EBIT": 108,
        "Net Income": 64
    },
    "2018-06-30": {
        "Diluted EPS": 2.15,
        "Total Revenue": 892,
        "Gross Profit": 250,
        "Operating Income": 112,
        "EBIT": 140,
        "Net Income": 92
    },
    "2018-03-31": {
        "Diluted EPS": 1.16,
        "Total Revenue": 819,
        "Gross Profit": 235,
        "Operating Income": 63,
        "EBIT": 91,
        "Net Income": 50
    },
    "2017-12-31": {
        "Diluted EPS": 1.62,
        "Total Revenue": NaN,
        "Gross Profit": 289,
        "Operating Income": 109,
        "EBIT": 138,
        "Net Income": 69
    },
    "2017-09-30": {
        "Diluted EPS": 1.44,
        "Total Revenue": 801,
        "Gross Profit": 251,
        "Operating Income": 82,
        "EBIT": 111,
        "Net Income": 61
    },
    "2017-06-30": {
        "Diluted EPS": 1.46,
        "Total Revenue": 818,
        "Gross Profit": 242,
        "Operating Income": 75,
        "EBIT": 104,
        "Net Income": 63
    },
    "2017-03-31": {
        "Diluted EPS": 1.07,
        "Total Revenue": 749,
        "Gross Profit": 221,
        "Operating Income": 58,
        "EBIT": 86,
        "Net Income": 46
    },
    "2016-12-31": {
        "Diluted EPS": 1.57,
        "Total Revenue": 954,
        "Gross Profit": 281,
        "Operating Income": 87,
        "EBIT": 121,
        "Net Income": 67
    },
    "2016-09-30": {
        "Diluted EPS": 1.48,
        "Total Revenue": 781,
        "Gross Profit": 230,
        "Operating Income": 78,
        "EBIT": 108,
        "Net Income": 63
    },
    "2016-06-30": {
        "Diluted EPS": 1.27,
        "Total Revenue": 805,
        "Gross Profit": 236,
        "Operating Income": 70,
        "EBIT": 100,
        "Net Income": 54
    },
    "2016-03-31": {
        "Diluted EPS": 1.22,
        "Total Revenue": 721,
        "Gross Profit": 212,
        "Operating Income": 63,
        "EBIT": 93,
        "Net Income": 52
    },
    "2015-12-31": {
        "Diluted EPS": 1.48,
        "Total Revenue": 887,
        "Gross Profit": 253,
        "Operating Income": 78,
        "EBIT": 110,
        "Net Income": 63
    },
    "2015-09-30": {
        "Diluted EPS": 1.16,
        "Total Revenue": 765,
        "Gross Profit": 223,
        "Operating Income": 65,
        "EBIT": 100,
        "Net Income": 50
    },
    "2015-06-30": {
        "Diluted EPS": 1.06,
        "Total Revenue": 750,
        "Gross Profit": 219,
        "Operating Income": 65,
        "EBIT": 94,
        "Net Income": 45
    },
    "2015-03-31": {
        "Diluted EPS": 1.04,
        "Total Revenue": 707,
        "Gross Profit": 201,
        "Operating Income": 60,
        "EBIT": 88,
        "Net Income": 45
    },
    "2014-12-31": {
        "Diluted EPS": 1.03,
        "Total Revenue": 850,
        "Gross Profit": 230,
        "Operating Income": 64,
        "EBIT": 94,
        "Net Income": 44
    },
    "2014-09-30": {
        "Diluted EPS": 0.82,
        "Total Revenue": 723,
        "Gross Profit": 203,
        "Operating Income": 60,
        "EBIT": 90,
        "Net Income": 35
    },
    "2014-06-30": {
        "Diluted EPS": 1.03,
        "Total Revenue": 703,
        "Gross Profit": 199,
        "Operating Income": 63,
        "EBIT": 93,
        "Net Income": 44
    },
    "2014-03-31": {
        "Diluted EPS": 1.13,
        "Total Revenue": 683,
        "Gross Profit": 193,
        "Operating Income": 60,
        "EBIT": 92,
        "Net Income": 48
    },
    "2013-12-31": {
        "Diluted EPS": 1.02,
        "Total Revenue": 811,
        "Gross Profit": 222,
        "Operating Income": 58,
        "EBIT": 91,
        "Net Income": 43
    },
    "2013-09-30": {
        "Diluted EPS": 1.17,
        "Total Revenue": 731,
        "Gross Profit": 207,
        "Operating Income": 61,
        "EBIT": 93,
        "Net Income": 50
    },
    "2013-06-30": {
        "Diluted EPS": 1.17,
        "Total Revenue": 703,
        "Gross Profit": 203,
        "Operating Income": 67,
        "EBIT": 98,
        "Net Income": 50
    },
    "2013-03-31": {
        "Diluted EPS": 0.98,
        "Total Revenue": 680,
        "Gross Profit": 193,
        "Operating Income": 54,
        "EBIT": 87,
        "Net Income": 41
    },
    "2012-12-31": {
        "Diluted EPS": 1.35,
        "Total Revenue": 844,
        "Gross Profit": 239,
        "Operating Income": 70,
        "EBIT": 105,
        "Net Income": 57
    },
    "2012-09-30": {
        "Diluted EPS": 0.95,
        "Total Revenue": 677,
        "Gross Profit": 191,
        "Operating Income": 49,
        "EBIT": 84,
        "Net Income": 40
    },
    "2012-06-30": {
        "Diluted EPS": 0.9,
        "Total Revenue": 676,
        "Gross Profit": 190,
        "Operating Income": 42,
        "EBIT": 76,
        "Net Income": 38
    },
    "2012-03-31": {
        "Diluted EPS": 0.77,
        "Total Revenue": 691,
        "Gross Profit": 196,
        "Operating Income": 42,
        "EBIT": 77,
        "Net Income": 33
    },
    "2011-12-31": {
        "Diluted EPS": -0.31,
        "Total Revenue": 842,
        "Gross Profit": 142,
        "Operating Income": -34,
        "EBIT": 5,
        "Net Income": -13
    },
    "2011-09-30": {
        "Diluted EPS": 0.85,
        "Total Revenue": 664,
        "Gross Profit": 204,
        "Operating Income": 56,
        "EBIT": 94,
        "Net Income": 37
    },
    "2011-06-30": {
        "Diluted EPS": 0.9,
        "Total Revenue": 692,
        "Gross Profit": 201,
        "Operating Income": 53,
        "EBIT": 90,
        "Net Income": 39
    },
    "2011-03-31": {
        "Diluted EPS": 0.65,
        "Total Revenue": 620,
        "Gross Profit": 186,
        "Operating Income": 41,
        "EBIT": 78,
        "Net Income": 28
    },
    "2010-12-31": {
        "Diluted EPS": 1.01,
        "Total Revenue": 799,
        "Gross Profit": 232,
        "Operating Income": 57,
        "EBIT": 95,
        "Net Income": 44
    },
    "2010-09-30": {
        "Diluted EPS": 1.05,
        "Total Revenue": 650,
        "Gross Profit": 198,
        "Operating Income": 52,
        "EBIT": 85,
        "Net Income": 45
    },
    "2010-06-30": {
        "Diluted EPS": 1.04,
        "Total Revenue": 603,
        "Gross Profit": 184,
        "Operating Income": 49,
        "EBIT": 80,
        "Net Income": 45
    },
    "2010-03-31": {
        "Diluted EPS": 1.15,
        "Total Revenue": 618,
        "Gross Profit": 185,
        "Operating Income": 49,
        "EBIT": 79,
        "Net Income": 50
    },
    "2009-12-31": {
        "Diluted EPS": 1.24,
        "Total Revenue": 715,
        "Gross Profit": 212,
        "Operating Income": 58,
        "EBIT": 89,
        "Net Income": 54
    },
    "2009-09-30": {
        "Diluted EPS": 1.35,
        "Total Revenue": 733,
        "Gross Profit": 217,
        "Operating Income": 66,
        "EBIT": 96,
        "Net Income": 58
    },
    "2009-06-30": {
        "Diluted EPS": 1.39,
        "Total Revenue": 728,
        "Gross Profit": 212,
        "Operating Income": 62,
        "EBIT": 95,
        "Net Income": 60
    },
    "2009-03-31": {
        "Diluted EPS": 1.02,
        "Total Revenue": 657,
        "Gross Profit": 208,
        "Operating Income": 77,
        "EBIT": 107,
        "Net Income": 43
    },
    "2023-06-30": {
        "Tax Effect Of Unusual Items": 0.0,
        "Tax Rate For Calcs": 0.136307,
        "Normalized EBITDA": 139581000.0,
        "Net Income From Continuing Operation Net Minority Interest": 62351000.0,
        "Reconciled Depreciation": 39677000.0,
        "Reconciled Cost Of Revenue": 1081739000.0,
        "EBITDA": 139581000.0,
        "EBIT": 99904000.0,
        "Net Interest Income": -32057000.0,
        "Interest Expense": 32057000.0,
        "Normalized Income": 62351000.0,
        "Net Income From Continuing And Discontinued Operation": 62351000.0,
        "Total Expenses": 1352313000.0,
        "Total Operating Income As Reported": 101582000.0,
        "Diluted Average Shares": 44637000.0,
        "Basic Average Shares": 44348000.0,
        "Diluted EPS": 1.4,
        "Basic EPS": 1.41,
        "Diluted NI Availto Com Stockholders": 62351000.0,
        "Net Income Common Stockholders": 62351000.0,
        "Net Income": 62351000.0,
        "Minority Interests": -72000.0,
        "Net Income Including Noncontrolling Interests": 62423000.0,
        "Net Income Continuous Operations": 62423000.0,
        "Earnings From Equity Interest Net Of Tax": 3824000.0,
        "Tax Provision": 9248000.0,
        "Pretax Income": 67847000.0,
        "Other Income Expense": -1678000.0,
        "Other Non Operating Income Expenses": -1678000.0,
        "Net Non Operating Interest Income Expense": -32057000.0,
        "Total Other Finance Cost": NaN,
        "Interest Expense Non Operating": 32057000.0,
        "Operating Income": 101582000.0,
        "Operating Expense": 270574000.0,
        "Research And Development": 93432000.0,
        "Selling General And Administration": 177142000.0,
        "Selling And Marketing Expense": 101718000.0,
        "General And Administrative Expense": 75424000.0,
        "Other Gand A": 75424000.0,
        "Gross Profit": 372156000.0,
        "Cost Of Revenue": 1081739000.0,
        "Total Revenue": 1453895000.0,
        "Operating Revenue": 1453895000.0
    },
    "2023-09-30": {
        "Tax Effect Of Unusual Items": 0.0,
        "Tax Rate For Calcs": 0.146239,
        "Normalized EBITDA": 146941000.0,
        "Net Income From Continuing Operation Net Minority Interest": 60703000.0,
        "Reconciled Depreciation": 42742000.0,
        "Reconciled Cost Of Revenue": 1134393000.0,
        "EBITDA": 146941000.0,
        "EBIT": 104199000.0,
        "Net Interest Income": -35722000.0,
        "Interest Expense": 35722000.0,
        "Normalized Income": 60703000.0,
        "Net Income From Continuing And Discontinued Operation": 60703000.0,
        "Total Expenses": 1395517000.0,
        "Total Operating Income As Reported": 106050000.0,
        "Diluted Average Shares": 44642000.0,
        "Basic Average Shares": 44360000.0,
        "Diluted EPS": 1.36,
        "Basic EPS": 1.37,
        "Diluted NI Availto Com Stockholders": 60703000.0,
        "Net Income Common Stockholders": 60703000.0,
        "Net Income": 60703000.0,
        "Minority Interests": -155000.0,
        "Net Income Including Noncontrolling Interests": 60858000.0,
        "Net Income Continuous Operations": 60858000.0,
        "Earnings From Equity Interest Net Of Tax": 2395000.0,
        "Tax Provision": 10014000.0,
        "Pretax Income": 68477000.0,
        "Other Income Expense": -1851000.0,
        "Other Non Operating Income Expenses": -1851000.0,
        "Net Non Operating Interest Income Expense": -35722000.0,
        "Total Other Finance Cost": NaN,
        "Interest Expense Non Operating": 35722000.0,
        "Operating Income": 106050000.0,
        "Operating Expense": 261124000.0,
        "Research And Development": 103315000.0,
        "Selling General And Administration": 157809000.0,
        "Selling And Marketing Expense": 85967000.0,
        "General And Administrative Expense": 71842000.0,
        "Other Gand A": 71842000.0,
        "Gross Profit": 367174000.0,
        "Cost Of Revenue": 1134393000.0,
        "Total Revenue": 1501567000.0,
        "Operating Revenue": 1501567000.0
    },
    "2023-12-31": {
        "Tax Effect Of Unusual Items": 0.0,
        "Tax Rate For Calcs": 0.23,
        "Normalized EBITDA": 48128000.0,
        "Net Income From Continuing Operation Net Minority Interest": 30008000.0,
        "Reconciled Depreciation": 41322000.0,
        "Reconciled Cost Of Revenue": 1243686000.0,
        "EBITDA": 48128000.0,
        "EBIT": 6806000.0,
        "Net Interest Income": -45836000.0,
        "Interest Expense": -15524000.0,
        "Normalized Income": 30008000.0,
        "Net Income From Continuing And Discontinued Operation": 30008000.0,
        "Total Expenses": 1564812000.0,
        "Total Operating Income As Reported": 67578000.0,
        "Diluted Average Shares": 44630000.0,
        "Basic Average Shares": 44445000.0,
        "Diluted EPS": 0.67,
        "Basic EPS": 0.68,
        "Diluted NI Availto Com Stockholders": 30008000.0,
        "Net Income Common Stockholders": 30008000.0,
        "Net Income": 30008000.0,
        "Minority Interests": -394000.0,
        "Net Income Including Noncontrolling Interests": 30402000.0,
        "Net Income Continuous Operations": 30402000.0,
        "Earnings From Equity Interest Net Of Tax": 3028000.0,
        "Tax Provision": -5044000.0,
        "Pretax Income": 22330000.0,
        "Other Income Expense": 7184000.0,
        "Other Non Operating Income Expenses": 4947000.0,
        "Net Non Operating Interest Income Expense": -45836000.0,
        "Total Other Finance Cost": NaN,
        "Interest Expense Non Operating": -15524000.0,
        "Operating Income": 60982000.0,
        "Operating Expense": 321126000.0,
        "Research And Development": 117355000.0,
        "Selling General And Administration": 203771000.0,
        "Selling And Marketing Expense": 91296000.0,
        "General And Administrative Expense": 112475000.0,
        "Other Gand A": 105879000.0,
        "Gross Profit": 382108000.0,
        "Cost Of Revenue": 1243686000.0,
        "Total Revenue": 1625794000.0,
        "Operating Revenue": 1625794000.0
    },
    "2024-03-31": {
        "Tax Effect Of Unusual Items": 0.0,
        "Tax Rate For Calcs": 0.145933,
        "Normalized EBITDA": 150620000.0,
        "Net Income From Continuing Operation Net Minority Interest": 73673000.0,
        "Reconciled Depreciation": 39960000.0,
        "Reconciled Cost Of Revenue": 1179802000.0,
        "EBITDA": 150620000.0,
        "EBIT": 110660000.0,
        "Net Interest Income": -31185000.0,
        "Interest Expense": 31185000.0,
        "Normalized Income": 73673000.0,
        "Net Income From Continuing And Discontinued Operation": 73673000.0,
        "Total Expenses": 1448587000.0,
        "Total Operating Income As Reported": 105364000.0,
        "Diluted Average Shares": 44659000.0,
        "Basic Average Shares": 44462000.0,
        "Diluted EPS": 1.65,
        "Basic EPS": 1.66,
        "Diluted NI Availto Com Stockholders": 73673000.0,
        "Net Income Common Stockholders": 73673000.0,
        "Net Income": 73673000.0,
        "Minority Interests": -53000.0,
        "Net Income Including Noncontrolling Interests": 73726000.0,
        "Net Income Continuous Operations": 73726000.0,
        "Earnings From Equity Interest Net Of Tax": 5849000.0,
        "Tax Provision": 11598000.0,
        "Pretax Income": 79475000.0,
        "Other Income Expense": 5296000.0,
        "Other Non Operating Income Expenses": 5296000.0,
        "Net Non Operating Interest Income Expense": -31185000.0,
        "Total Other Finance Cost": NaN,
        "Interest Expense Non Operating": 31185000.0,
        "Operating Income": 105364000.0,
        "Operating Expense": 268785000.0,
        "Research And Development": 98521000.0,
        "Selling General And Administration": 170264000.0,
        "Selling And Marketing Expense": 89082000.0,
        "General And Administrative Expense": 81182000.0,
        "Other Gand A": 81182000.0,
        "Gross Profit": 374149000.0,
        "Cost Of Revenue": 1179802000.0,
        "Total Revenue": 1553951000.0,
        "Operating Revenue": 1553951000.0
    },
    "2024-06-30": {
        "Tax Effect Of Unusual Items": 0.0,
        "Tax Rate For Calcs": 0.131904,
        "Normalized EBITDA": 152616000.0,
        "Net Income From Continuing Operation Net Minority Interest": 78365000.0,
        "Reconciled Depreciation": 38162000.0,
        "Reconciled Cost Of Revenue": 1236472000.0,
        "EBITDA": 152616000.0,
        "EBIT": 114454000.0,
        "Net Interest Income": -29081000.0,
        "Interest Expense": 29081000.0,
        "Normalized Income": 78365000.0,
        "Net Income From Continuing And Discontinued Operation": 78365000.0,
        "Total Expenses": 1509674000.0,
        "Total Operating Income As Reported": 116483000.0,
        "Diluted Average Shares": 44623000.0,
        "Basic Average Shares": 44476000.0,
        "Diluted EPS": 1.76,
        "Basic EPS": 1.76,
        "Diluted NI Availto Com Stockholders": 78365000.0,
        "Net Income Common Stockholders": 78365000.0,
        "Net Income": 78365000.0,
        "Minority Interests": -239000.0,
        "Net Income Including Noncontrolling Interests": 78604000.0,
        "Net Income Continuous Operations": 78604000.0,
        "Earnings From Equity Interest Net Of Tax": 4492000.0,
        "Tax Provision": 11261000.0,
        "Pretax Income": 85373000.0,
        "Other Income Expense": -2029000.0,
        "Other Non Operating Income Expenses": -2029000.0,
        "Net Non Operating Interest Income Expense": -29081000.0,
        "Total Other Finance Cost": NaN,
        "Interest Expense Non Operating": 29081000.0,
        "Operating Income": 116483000.0,
        "Operating Expense": 273202000.0,
        "Research And Development": 116799000.0,
        "Selling General And Administration": 156403000.0,
        "Selling And Marketing Expense": 87713000.0,
        "General And Administrative Expense": 68690000.0,
        "Other Gand A": 68690000.0,
        "Gross Profit": 389685000.0,
        "Cost Of Revenue": 1236472000.0,
        "Total Revenue": 1626157000.0,
        "Operating Revenue": 1626157000.0
    },
    "2024-09-30": {
        "Tax Effect Of Unusual Items": 0.0,
        "Tax Rate For Calcs": 0.146031,
        "Normalized EBITDA": 171834000.0,
        "Net Income From Continuing Operation Net Minority Interest": 79106000.0,
        "Reconciled Depreciation": 39023000.0,
        "Reconciled Cost Of Revenue": 1304763000.0,
        "EBITDA": 171834000.0,
        "EBIT": 132811000.0,
        "Net Interest Income": -44953000.0,
        "Interest Expense": 44953000.0,
        "Normalized Income": 79106000.0,
        "Net Income From Continuing And Discontinued Operation": 79106000.0,
        "Total Expenses": 1591738000.0,
        "Total Operating Income As Reported": 125809000.0,
        "Diluted Average Shares": 44618000.0,
        "Basic Average Shares": 44478000.0,
        "Diluted EPS": 1.77,
        "Basic EPS": 1.78,
        "Diluted NI Availto Com Stockholders": 79106000.0,
        "Net Income Common Stockholders": 79106000.0,
        "Net Income": 79106000.0,
        "Minority Interests": -206000.0,
        "Net Income Including Noncontrolling Interests": 79312000.0,
        "Net Income Continuous Operations": 79312000.0,
        "Earnings From Equity Interest Net Of Tax": 4284000.0,
        "Tax Provision": 12830000.0,
        "Pretax Income": 87858000.0,
        "Other Income Expense": 7002000.0,
        "Other Non Operating Income Expenses": 7002000.0,
        "Net Non Operating Interest Income Expense": -44953000.0,
        "Total Other Finance Cost": NaN,
        "Interest Expense Non Operating": 44953000.0,
        "Operating Income": 125809000.0,
        "Operating Expense": 286975000.0,
        "Research And Development": 119890000.0,
        "Selling General And Administration": 167085000.0,
        "Selling And Marketing Expense": 91349000.0,
        "General And Administrative Expense": 75736000.0,
        "Other Gand A": 75736000.0,
        "Gross Profit": 412784000.0,
        "Cost Of Revenue": 1304763000.0,
        "Total Revenue": 1717547000.0,
        "Operating Revenue": 1717547000.0
    }
}