{
    "2023-03-31": {
        "Tax Effect Of Unusual Items": 0.0,
        "Tax Rate For Calcs": 0.15136,
        "Net Income From Continuing Operation Net Minority Interest": 170827000.0,
        "Reconciled Depreciation": 698000.0,
        "EBIT": 208231000.0,
        "Net Interest Income": -6936000.0,
        "Interest Expense": 6936000.0,
        "Normalized Income": 170827000.0,
        "Net Income From Continuing And Discontinued Operation": 170827000.0,
        "Total Expenses": 57653000.0,
        "Diluted Average Shares": 107585000.0,
        "Basic Average Shares": 106943000.0,
        "Diluted EPS": 1.59,
        "Basic EPS": 1.6,
        "Diluted NI Availto Com Stockholders": 170827000.0,
        "Net Income Common Stockholders": 170827000.0,
        "Net Income": 170827000.0,
        "Net Income Including Noncontrolling Interests": 170827000.0,
        "Net Income Continuous Operations": 170827000.0,
        "Tax Provision": 30468000.0,
        "Pretax Income": 201295000.0,
        "Other Income Expense": 4942000.0,
        "Net Non Operating Interest Income Expense": -6936000.0,
        "Interest Expense Non Operating": 6936000.0,
        "Other Operating Expenses": 4653000.0,
        "Selling General And Administration": 26629000.0,
        "General And Administrative Expense": 26629000.0,
        "Salaries And Wages": 26629000.0,
        "Total Revenue": 258948000.0,
        "Operating Revenue": 258948000.0,
        "Loss Adjustment Expense": -180000.0,
        "Net Policyholder Benefits And Claims": -180000.0
    },
    "2022-12-31": {
        "Tax Effect Of Unusual Items": 0.0,
        "Tax Rate For Calcs": 0.148154,
        "Net Income From Continuing Operation Net Minority Interest": 147366000.0,
        "Reconciled Depreciation": 794000.0,
        "EBIT": 179041000.0,
        "Net Interest Income": -6045000.0,
        "Interest Expense": 6045000.0,
        "Normalized Income": 147366000.0,
        "Net Income From Continuing And Discontinued Operation": 147366000.0,
        "Total Expenses": 64644000.0,
        "Diluted Average Shares": 107419000.0,
        "Basic Average Shares": 106881000.0,
        "Diluted EPS": 1.37,
        "Basic EPS": 1.38,
        "Diluted NI Availto Com Stockholders": 147366000.0,
        "Net Income Common Stockholders": 147366000.0,
        "Net Income": 147366000.0,
        "Net Income Including Noncontrolling Interests": 147366000.0,
        "Net Income Continuous Operations": 147366000.0,
        "Tax Provision": 25630000.0,
        "Pretax Income": 172996000.0,
        "Other Income Expense": -1888000.0,
        "Net Non Operating Interest Income Expense": -6045000.0,
        "Interest Expense Non Operating": 6045000.0,
        "Other Operating Expenses": 4563000.0,
        "Selling General And Administration": 25205000.0,
        "General And Administrative Expense": 25205000.0,
        "Salaries And Wages": 25205000.0,
        "Total Revenue": 237636000.0,
        "Operating Revenue": 237636000.0
    },
    "2022-09-30": {
        "Tax Effect Of Unusual Items": 0.0,
        "Tax Rate For Calcs": 0.15584,
        "Net Income From Continuing Operation Net Minority Interest": 178051000.0,
        "Reconciled Depreciation": 740000.0,
        "EBIT": 215371000.0,
        "Net Interest Income": -4450000.0,
        "Interest Expense": 4450000.0,
        "Normalized Income": 178051000.0,
        "Net Income From Continuing And Discontinued Operation": 178051000.0,
        "Total Expenses": 41229000.0,
        "Diluted Average Shares": 107337000.0,
        "Basic Average Shares": 106870000.0,
        "Diluted EPS": 1.66,
        "Basic EPS": 1.67,
        "Diluted NI Availto Com Stockholders": 178051000.0,
        "Net Income Common Stockholders": 178051000.0,
        "Net Income": 178051000.0,
        "Net Income Including Noncontrolling Interests": 178051000.0,
        "Net Income Continuous Operations": 178051000.0,
        "Tax Provision": 32870000.0,
        "Pretax Income": 210921000.0,
        "Other Income Expense": 11447000.0,
        "Net Non Operating Interest Income Expense": -4450000.0,
        "Interest Expense Non Operating": 4450000.0,
        "Other Operating Expenses": 4680000.0,
        "Selling General And Administration": 24977000.0,
        "General And Administrative Expense": 24977000.0,
        "Salaries And Wages": 24977000.0,
        "Total Revenue": 252150000.0,
        "Operating Revenue": 252150000.0
    },
    "2022-06-30": {
        "Tax Effect Of Unusual Items": 0.0,
        "Tax Rate For Calcs": 0.159718,
        "Net Income From Continuing Operation Net Minority Interest": 231769000.0,
        "Reconciled Depreciation": 735000.0,
        "EBIT": 278710000.0,
        "Net Interest Income": -2887000.0,
        "Interest Expense": 2887000.0,
        "Normalized Income": 231769000.0,
        "Net Income From Continuing And Discontinued Operation": 231769000.0,
        "Total Expenses": -33367000.0,
        "Diluted Average Shares": 107283000.0,
        "Basic Average Shares": 106921000.0,
        "Diluted EPS": 2.16,
        "Basic EPS": 2.17,
        "Diluted NI Availto Com Stockholders": 231769000.0,
        "Net Income Common Stockholders": 231769000.0,
        "Net Income": 231769000.0,
        "Net Income Including Noncontrolling Interests": 231769000.0,
        "Net Income Continuous Operations": 231769000.0,
        "Tax Provision": 44054000.0,
        "Pretax Income": 275823000.0,
        "Other Income Expense": 1577000.0,
        "Net Non Operating Interest Income Expense": -2887000.0,
        "Interest Expense Non Operating": 2887000.0,
        "Other Operating Expenses": 4545000.0,
        "Selling General And Administration": 25291000.0,
        "General And Administrative Expense": 25291000.0,
        "Salaries And Wages": 25291000.0,
        "Total Revenue": 242456000.0,
        "Operating Revenue": 242456000.0
    },
    "2022-03-31": {
        "Diluted EPS": 2.52,
        "Total Revenue": 265,
        "Gross Profit": 331,
        "Operating Income": 331,
        "EBIT": 339,
        "Net Income": 274
    },
    "2021-12-31": {
        "Diluted EPS": 1.64,
        "Total Revenue": 257,
        "Gross Profit": 219,
        "Operating Income": 219,
        "EBIT": 228,
        "Net Income": 181
    },
    "2021-09-30": {
        "Diluted EPS": 1.84,
        "Total Revenue": 284,
        "Gross Profit": 249,
        "Operating Income": 249,
        "EBIT": 259,
        "Net Income": 205
    },
    "2021-06-30": {
        "Diluted EPS": 1.42,
        "Total Revenue": 243,
        "Gross Profit": 192,
        "Operating Income": 192,
        "EBIT": 203,
        "Net Income": 160
    },
    "2021-03-31": {
        "Diluted EPS": 1.21,
        "Total Revenue": 245,
        "Gross Profit": 170,
        "Operating Income": 170,
        "EBIT": 178,
        "Net Income": 136
    },
    "2020-12-31": {
        "Diluted EPS": 1.1,
        "Total Revenue": 247,
        "Gross Profit": 148,
        "Operating Income": 148,
        "EBIT": 154,
        "Net Income": 124
    },
    "2020-09-30": {
        "Diluted EPS": 1.11,
        "Total Revenue": 243,
        "Gross Profit": 151,
        "Operating Income": 151,
        "EBIT": 158,
        "Net Income": 125
    },
    "2020-06-30": {
        "Diluted EPS": 0.15,
        "Total Revenue": 236,
        "Gross Profit": 21,
        "Operating Income": 21,
        "EBIT": 28,
        "Net Income": 15
    },
    "2020-03-31": {
        "Diluted EPS": 1.52,
        "Total Revenue": 229,
        "Gross Profit": 179,
        "Operating Income": 179,
        "EBIT": 186,
        "Net Income": 150
    },
    "2019-12-31": {
        "Diluted EPS": 1.5,
        "Total Revenue": 229,
        "Gross Profit": 177,
        "Operating Income": 177,
        "EBIT": 182,
        "Net Income": 147
    },
    "2019-09-30": {
        "Diluted EPS": 1.47,
        "Total Revenue": 226,
        "Gross Profit": 175,
        "Operating Income": 175,
        "EBIT": 180,
        "Net Income": 145
    },
    "2019-06-30": {
        "Diluted EPS": 1.39,
        "Total Revenue": 212,
        "Gross Profit": 165,
        "Operating Income": 165,
        "EBIT": 170,
        "Net Income": 136
    },
    "2019-03-31": {
        "Diluted EPS": 1.3,
        "Total Revenue": 201,
        "Gross Profit": 152,
        "Operating Income": 152,
        "EBIT": 157,
        "Net Income": 128
    },
    "2018-12-31": {
        "Diluted EPS": 1.32,
        "Total Revenue": 193,
        "Gross Profit": 155,
        "Operating Income": 155,
        "EBIT": 159,
        "Net Income": 129
    },
    "2018-09-30": {
        "Diluted EPS": 1.18,
        "Total Revenue": 185,
        "Gross Profit": 143,
        "Operating Income": 143,
        "EBIT": 147,
        "Net Income": 116
    },
    "2018-06-30": {
        "Diluted EPS": 1.14,
        "Total Revenue": 174,
        "Gross Profit": 136,
        "Operating Income": 136,
        "EBIT": 140,
        "Net Income": 112
    },
    "2018-03-31": {
        "Diluted EPS": 1.13,
        "Total Revenue": 167,
        "Gross Profit": 124,
        "Operating Income": 124,
        "EBIT": 128,
        "Net Income": 111
    },
    "2017-12-31": {
        "Diluted EPS": 1.68,
        "Total Revenue": 161,
        "Gross Profit": 107,
        "Operating Income": 107,
        "EBIT": 111,
        "Net Income": 163
    },
    "2017-09-30": {
        "Diluted EPS": 0.82,
        "Total Revenue": 150,
        "Gross Profit": 109,
        "Operating Income": 109,
        "EBIT": 113,
        "Net Income": 78
    },
    "2017-06-30": {
        "Diluted EPS": 0.77,
        "Total Revenue": 138,
        "Gross Profit": 100,
        "Operating Income": 100,
        "EBIT": 104,
        "Net Income": 72
    },
    "2017-03-31": {
        "Diluted EPS": 0.72,
        "Total Revenue": 128,
        "Gross Profit": 88,
        "Operating Income": 88,
        "EBIT": 92,
        "Net Income": 67
    },
    "2016-12-31": {
        "Diluted EPS": 0.67,
        "Total Revenue": 126,
        "Gross Profit": 88,
        "Operating Income": 88,
        "EBIT": 91,
        "Net Income": 63
    },
    "2016-09-30": {
        "Diluted EPS": 0.65,
        "Total Revenue": 121,
        "Gross Profit": 83,
        "Operating Income": 83,
        "EBIT": 87,
        "Net Income": 60
    },
    "2016-06-30": {
        "Diluted EPS": 0.57,
        "Total Revenue": 108,
        "Gross Profit": 74,
        "Operating Income": 74,
        "EBIT": 77,
        "Net Income": 52
    },
    "2016-03-31": {
        "Diluted EPS": 0.52,
        "Total Revenue": 102,
        "Gross Profit": 67,
        "Operating Income": 67,
        "EBIT": 71,
        "Net Income": 48
    },
    "2015-12-31": {
        "Diluted EPS": 0.49,
        "Total Revenue": 97,
        "Gross Profit": 64,
        "Operating Income": 64,
        "EBIT": 67,
        "Net Income": 44
    },
    "2015-09-30": {
        "Diluted EPS": 0.44,
        "Total Revenue": 92,
        "Gross Profit": 60,
        "Operating Income": 60,
        "EBIT": 63,
        "Net Income": 41
    },
    "2015-06-30": {
        "Diluted EPS": 0.41,
        "Total Revenue": 84,
        "Gross Profit": 55,
        "Operating Income": 55,
        "EBIT": 58,
        "Net Income": 37
    },
    "2015-03-31": {
        "Diluted EPS": 0.38,
        "Total Revenue": 80,
        "Gross Profit": 51,
        "Operating Income": 51,
        "EBIT": 54,
        "Net Income": 35
    },
    "2014-12-31": {
        "Diluted EPS": 0.33,
        "Total Revenue": 73,
        "Gross Profit": 44,
        "Operating Income": 44,
        "EBIT": 47,
        "Net Income": 29
    },
    "2014-09-30": {
        "Diluted EPS": 0.29,
        "Total Revenue": 65,
        "Gross Profit": 39,
        "Operating Income": 39,
        "EBIT": 41,
        "Net Income": 25
    },
    "2014-06-30": {
        "Diluted EPS": 0.23,
        "Total Revenue": 54,
        "Gross Profit": 30,
        "Operating Income": 30,
        "EBIT": 32,
        "Net Income": 20
    },
    "2014-03-31": {
        "Diluted EPS": 0.18,
        "Total Revenue": 48,
        "Gross Profit": 23,
        "Operating Income": 23,
        "EBIT": 25,
        "Net Income": 15
    },
    "2013-12-31": {
        "Diluted EPS": 0.22,
        "Total Revenue": 42,
        "Gross Profit": 19,
        "Operating Income": 19,
        "EBIT": 21,
        "Net Income": 12
    },
    "2013-09-30": {
        "Diluted EPS": 0.31,
        "Total Revenue": 36,
        "Gross Profit": 18,
        "Operating Income": 18,
        "EBIT": 19,
        "Net Income": 16
    },
    "2013-06-30": {
        "Diluted EPS": 0.55,
        "Total Revenue": 30,
        "Gross Profit": 13,
        "Operating Income": 13,
        "EBIT": 15,
        "Net Income": 24
    },
    "2013-03-31": {
        "Diluted EPS": 0.23,
        "Total Revenue": 23,
        "Gross Profit": 7,
        "Operating Income": 7,
        "EBIT": 9,
        "Net Income": 7
    },
    "2012-12-31": {
        "Diluted EPS": 0.0,
        "Total Revenue": NaN,
        "Gross Profit": NaN,
        "Operating Income": NaN,
        "EBIT": NaN,
        "Net Income": NaN
    },
    "2011-12-31": {
        "Diluted EPS": 0.0,
        "Total Revenue": NaN,
        "Gross Profit": NaN,
        "Operating Income": NaN,
        "EBIT": NaN,
        "Net Income": NaN
    },
    "2010-12-31": {
        "Diluted EPS": 0.0,
        "Total Revenue": NaN,
        "Gross Profit": NaN,
        "Operating Income": NaN,
        "EBIT": NaN,
        "Net Income": NaN
    },
    "2023-06-30": {
        "Tax Effect Of Unusual Items": 0.0,
        "Tax Rate For Calcs": 0.1771,
        "Net Income From Continuing Operation Net Minority Interest": 172233000.0,
        "Reconciled Depreciation": 741000.0,
        "EBIT": 216694000.0,
        "Net Interest Income": -7394000.0,
        "Interest Expense": 7394000.0,
        "Normalized Income": 172233000.0,
        "Net Income From Continuing And Discontinued Operation": 172233000.0,
        "Total Expenses": 50828000.0,
        "Diluted Average Shares": 107093000.0,
        "Basic Average Shares": 106249000.0,
        "Diluted EPS": 1.61,
        "Basic EPS": 1.62,
        "Diluted NI Availto Com Stockholders": 172233000.0,
        "Net Income Common Stockholders": 172233000.0,
        "Net Income": 172233000.0,
        "Net Income Including Noncontrolling Interests": 172233000.0,
        "Net Income Continuous Operations": 172233000.0,
        "Tax Provision": 37067000.0,
        "Pretax Income": 209300000.0,
        "Other Income Expense": 8090000.0,
        "Net Non Operating Interest Income Expense": -7394000.0,
        "Interest Expense Non Operating": 7394000.0,
        "Other Operating Expenses": 4738000.0,
        "Selling General And Administration": 24530000.0,
        "General And Administrative Expense": 24530000.0,
        "Salaries And Wages": 24530000.0,
        "Total Revenue": 260128000.0,
        "Operating Revenue": 260128000.0,
        "Loss Adjustment Expense": 1260000.0,
        "Net Policyholder Benefits And Claims": 1260000.0
    },
    "2023-09-30": {
        "Tax Effect Of Unusual Items": 0.0,
        "Tax Rate For Calcs": 0.150323,
        "Net Income From Continuing Operation Net Minority Interest": 177959000.0,
        "Reconciled Depreciation": 1744000.0,
        "EBIT": 217297000.0,
        "Net Interest Income": -7854000.0,
        "Interest Expense": 7854000.0,
        "Normalized Income": 177959000.0,
        "Net Income From Continuing And Discontinued Operation": 177959000.0,
        "Total Expenses": 86665000.0,
        "Diluted Average Shares": 107025000.0,
        "Basic Average Shares": 105979000.0,
        "Diluted EPS": 1.66,
        "Basic EPS": 1.68,
        "Diluted NI Availto Com Stockholders": 177959000.0,
        "Net Income Common Stockholders": 177959000.0,
        "Net Income": 177959000.0,
        "Net Income Including Noncontrolling Interests": 177959000.0,
        "Net Income Continuous Operations": 177959000.0,
        "Tax Provision": 31484000.0,
        "Pretax Income": 209443000.0,
        "Other Income Expense": 5609000.0,
        "Net Non Operating Interest Income Expense": -7854000.0,
        "Interest Expense Non Operating": 7854000.0,
        "Other Operating Expenses": 17978000.0,
        "Selling General And Administration": 31368000.0,
        "General And Administrative Expense": 31368000.0,
        "Salaries And Wages": 31368000.0,
        "Total Revenue": 296108000.0,
        "Operating Revenue": 296108000.0,
        "Loss Adjustment Expense": 10822000.0,
        "Net Policyholder Benefits And Claims": 10822000.0
    },
    "2023-12-31": {
        "Tax Effect Of Unusual Items": 0.0,
        "Tax Rate For Calcs": 0.135957,
        "Net Income From Continuing Operation Net Minority Interest": 175367000.0,
        "Reconciled Depreciation": 1342000.0,
        "EBIT": 210914000.0,
        "Net Interest Income": -7953000.0,
        "Interest Expense": 7953000.0,
        "Normalized Income": 175367000.0,
        "Net Income From Continuing And Discontinued Operation": 175367000.0,
        "Total Expenses": 94316000.0,
        "Diluted Average Shares": 106823000.0,
        "Basic Average Shares": 105733000.0,
        "Diluted EPS": 1.64,
        "Basic EPS": 1.66,
        "Diluted NI Availto Com Stockholders": 175367000.0,
        "Net Income Common Stockholders": 175367000.0,
        "Net Income": 175367000.0,
        "Net Income Including Noncontrolling Interests": 175367000.0,
        "Net Income Continuous Operations": 175367000.0,
        "Tax Provision": 27594000.0,
        "Pretax Income": 202961000.0,
        "Other Income Expense": 6395000.0,
        "Net Non Operating Interest Income Expense": -7953000.0,
        "Interest Expense Non Operating": 7953000.0,
        "Other Operating Expenses": 16309000.0,
        "Selling General And Administration": 32371000.0,
        "General And Administrative Expense": 32371000.0,
        "Salaries And Wages": 32371000.0,
        "Total Revenue": 297277000.0,
        "Operating Revenue": 297277000.0,
        "Loss Adjustment Expense": 19640000.0,
        "Net Policyholder Benefits And Claims": 19640000.0
    },
    "2024-03-31": {
        "Tax Effect Of Unusual Items": 0.0,
        "Tax Rate For Calcs": 0.149821,
        "Net Income From Continuing Operation Net Minority Interest": 181719000.0,
        "Reconciled Depreciation": 1390000.0,
        "EBIT": 221604000.0,
        "Net Interest Income": -7862000.0,
        "Interest Expense": 7862000.0,
        "Normalized Income": 181719000.0,
        "Net Income From Continuing And Discontinued Operation": 181719000.0,
        "Total Expenses": 84615000.0,
        "Diluted Average Shares": 106770000.0,
        "Basic Average Shares": 105697000.0,
        "Diluted EPS": 1.7,
        "Basic EPS": 1.72,
        "Diluted NI Availto Com Stockholders": 181719000.0,
        "Net Income Common Stockholders": 181719000.0,
        "Net Income": 181719000.0,
        "Net Income Including Noncontrolling Interests": 181719000.0,
        "Net Income Continuous Operations": 181719000.0,
        "Tax Provision": 32023000.0,
        "Pretax Income": 213742000.0,
        "Other Income Expense": 3737000.0,
        "Net Non Operating Interest Income Expense": -7862000.0,
        "Interest Expense Non Operating": 7862000.0,
        "Other Operating Expenses": 14410000.0,
        "Selling General And Administration": 34708000.0,
        "General And Administrative Expense": 34708000.0,
        "Salaries And Wages": 34708000.0,
        "Total Revenue": 298357000.0,
        "Operating Revenue": 298357000.0,
        "Loss Adjustment Expense": 9913000.0,
        "Net Policyholder Benefits And Claims": 9913000.0
    },
    "2024-06-30": {
        "Tax Effect Of Unusual Items": 0.0,
        "Tax Rate For Calcs": 0.148881,
        "Net Income From Continuing Operation Net Minority Interest": 203609000.0,
        "Reconciled Depreciation": 1469000.0,
        "EBIT": 247074000.0,
        "Net Interest Income": -7849000.0,
        "Interest Expense": 7849000.0,
        "Normalized Income": 203609000.0,
        "Net Income From Continuing And Discontinued Operation": 203609000.0,
        "Total Expenses": 73717000.0,
        "Diluted Average Shares": 106778000.0,
        "Basic Average Shares": 105657000.0,
        "Diluted EPS": 1.91,
        "Basic EPS": 1.93,
        "Diluted NI Availto Com Stockholders": 203609000.0,
        "Net Income Common Stockholders": 203609000.0,
        "Net Income": 203609000.0,
        "Net Income Including Noncontrolling Interests": 203609000.0,
        "Net Income Continuous Operations": 203609000.0,
        "Tax Provision": 35616000.0,
        "Pretax Income": 239225000.0,
        "Other Income Expense": 6548000.0,
        "Net Non Operating Interest Income Expense": -7849000.0,
        "Interest Expense Non Operating": 7849000.0,
        "Other Operating Expenses": 15094000.0,
        "Selling General And Administration": 33364000.0,
        "General And Administrative Expense": 33364000.0,
        "Salaries And Wages": 33364000.0,
        "Total Revenue": 312942000.0,
        "Operating Revenue": 312942000.0,
        "Loss Adjustment Expense": -334000.0,
        "Net Policyholder Benefits And Claims": -334000.0
    },
    "2024-09-30": {
        "Tax Effect Of Unusual Items": 0.0,
        "Tax Rate For Calcs": 0.151267,
        "Net Income From Continuing Operation Net Minority Interest": 176175000.0,
        "Reconciled Depreciation": 1493000.0,
        "EBIT": 219031000.0,
        "Net Interest Income": -11457000.0,
        "Interest Expense": 11457000.0,
        "Normalized Income": 176175000.0,
        "Net Income From Continuing And Discontinued Operation": 176175000.0,
        "Total Expenses": 109004000.0,
        "Diluted Average Shares": 106554000.0,
        "Basic Average Shares": 105266000.0,
        "Diluted EPS": 1.65,
        "Basic EPS": 1.67,
        "Diluted NI Availto Com Stockholders": 176175000.0,
        "Net Income Common Stockholders": 176175000.0,
        "Net Income": 176175000.0,
        "Net Income Including Noncontrolling Interests": 176175000.0,
        "Net Income Continuous Operations": 176175000.0,
        "Tax Provision": 31399000.0,
        "Pretax Income": 207574000.0,
        "Other Income Expense": 7414000.0,
        "Net Non Operating Interest Income Expense": -11457000.0,
        "Interest Expense Non Operating": 11457000.0,
        "Other Operating Expenses": 15916000.0,
        "Selling General And Administration": 33792000.0,
        "General And Administrative Expense": 33792000.0,
        "Salaries And Wages": 33792000.0,
        "Total Revenue": 316578000.0,
        "Operating Revenue": 316578000.0,
        "Loss Adjustment Expense": 30666000.0,
        "Net Policyholder Benefits And Claims": 30666000.0
    }
}