{
    "2023-12-31": {
        "Tax Effect Of Unusual Items": 0.0,
        "Tax Rate For Calcs": 0.205465,
        "Normalized EBITDA": 2207019.0,
        "Net Income From Continuing Operation Net Minority Interest": 1795370.0,
        "Reconciled Depreciation": 114134.0,
        "Reconciled Cost Of Revenue": 7159966.0,
        "EBITDA": 2207019.0,
        "EBIT": 2092885.0,
        "Net Interest Income": 161513.0,
        "Interest Income": 161513.0,
        "Normalized Income": 1795370.0,
        "Net Income From Continuing And Discontinued Operation": 1795370.0,
        "Total Expenses": 8209656.0,
        "Total Operating Income As Reported": 2092885.0,
        "Diluted Average Shares": 2499210.0,
        "Basic Average Shares": 2478588.0,
        "Diluted EPS": 0.72,
        "Basic EPS": 0.73,
        "Diluted NI Availto Com Stockholders": 1795370.0,
        "Net Income Common Stockholders": 1795370.0,
        "Net Income": 1795370.0,
        "Net Income Including Noncontrolling Interests": 1795370.0,
        "Net Income Continuous Operations": 1795370.0,
        "Tax Provision": 464279.0,
        "Pretax Income": 2259649.0,
        "Other Income Expense": 5251.0,
        "Other Non Operating Income Expenses": 5251.0,
        "Net Non Operating Interest Income Expense": 161513.0,
        "Interest Income Non Operating": 161513.0,
        "Operating Income": 2092885.0,
        "Operating Expense": 1049690.0,
        "Selling General And Administration": 1049690.0,
        "Gross Profit": 3142575.0,
        "Cost Of Revenue": 7159966.0,
        "Total Revenue": 10302541.0,
        "Operating Revenue": 10302541.0
    },
    "2023-09-30": {
        "Tax Effect Of Unusual Items": 0.0,
        "Tax Rate For Calcs": 0.208727,
        "Normalized EBITDA": 1341088.0,
        "Net Income From Continuing Operation Net Minority Interest": 1094544.0,
        "Reconciled Depreciation": 119392.0,
        "Reconciled Cost Of Revenue": 6322837.0,
        "EBITDA": 1341088.0,
        "EBIT": 1221696.0,
        "Net Interest Income": 147430.0,
        "Interest Income": 147430.0,
        "Normalized Income": 1094544.0,
        "Net Income From Continuing And Discontinued Operation": 1094544.0,
        "Total Expenses": 7346518.0,
        "Total Operating Income As Reported": 1221696.0,
        "Diluted Average Shares": 2485789.0,
        "Basic Average Shares": 2470092.0,
        "Diluted EPS": 0.44,
        "Basic EPS": 0.44,
        "Diluted NI Availto Com Stockholders": 1094544.0,
        "Net Income Common Stockholders": 1094544.0,
        "Net Income": 1094544.0,
        "Net Income Including Noncontrolling Interests": 1094544.0,
        "Net Income Continuous Operations": 1094544.0,
        "Tax Provision": 288725.0,
        "Pretax Income": 1383269.0,
        "Other Income Expense": 14143.0,
        "Other Non Operating Income Expenses": 14143.0,
        "Net Non Operating Interest Income Expense": 147430.0,
        "Interest Income Non Operating": 147430.0,
        "Operating Income": 1221696.0,
        "Operating Expense": 1023681.0,
        "Selling General And Administration": 1023681.0,
        "Gross Profit": 2245377.0,
        "Cost Of Revenue": 6322837.0,
        "Total Revenue": 8568214.0,
        "Operating Revenue": 8568214.0
    },
    "2023-06-30": {
        "Tax Effect Of Unusual Items": 0.0,
        "Tax Rate For Calcs": 0.225951,
        "Normalized EBITDA": 1103396.0,
        "Net Income From Continuing Operation Net Minority Interest": 895535.0,
        "Reconciled Depreciation": 120975.0,
        "Reconciled Cost Of Revenue": 6338558.0,
        "EBITDA": 1103396.0,
        "EBIT": 982421.0,
        "Net Interest Income": 153040.0,
        "Interest Income": 153040.0,
        "Normalized Income": 895535.0,
        "Net Income From Continuing And Discontinued Operation": 895535.0,
        "Total Expenses": 7360382.0,
        "Total Operating Income As Reported": 982421.0,
        "Diluted Average Shares": NaN,
        "Basic Average Shares": NaN,
        "Diluted EPS": NaN,
        "Basic EPS": NaN,
        "Diluted NI Availto Com Stockholders": 895535.0,
        "Net Income Common Stockholders": 895535.0,
        "Net Income": 895535.0,
        "Net Income Including Noncontrolling Interests": 895535.0,
        "Net Income Continuous Operations": 895535.0,
        "Tax Provision": 261413.0,
        "Pretax Income": 1156948.0,
        "Other Income Expense": 21487.0,
        "Other Non Operating Income Expenses": 21487.0,
        "Net Non Operating Interest Income Expense": 153040.0,
        "Interest Income Non Operating": 153040.0,
        "Operating Income": 982421.0,
        "Operating Expense": 1021824.0,
        "Selling General And Administration": 1021824.0,
        "Gross Profit": 2004245.0,
        "Cost Of Revenue": 6338558.0,
        "Total Revenue": 8342803.0,
        "Operating Revenue": 8342803.0
    },
    "2023-03-31": {
        "Tax Effect Of Unusual Items": NaN,
        "Tax Rate For Calcs": NaN,
        "Normalized EBITDA": NaN,
        "Net Income From Continuing Operation Net Minority Interest": NaN,
        "Reconciled Depreciation": NaN,
        "Reconciled Cost Of Revenue": NaN,
        "EBITDA": NaN,
        "EBIT": NaN,
        "Net Interest Income": NaN,
        "Interest Income": NaN,
        "Normalized Income": NaN,
        "Net Income From Continuing And Discontinued Operation": NaN,
        "Total Expenses": NaN,
        "Total Operating Income As Reported": NaN,
        "Diluted Average Shares": 2484218.0,
        "Basic Average Shares": 2457727.0,
        "Diluted EPS": 0.35,
        "Basic EPS": 0.35,
        "Diluted NI Availto Com Stockholders": NaN,
        "Net Income Common Stockholders": NaN,
        "Net Income": NaN,
        "Net Income Including Noncontrolling Interests": NaN,
        "Net Income Continuous Operations": NaN,
        "Tax Provision": NaN,
        "Pretax Income": NaN,
        "Other Income Expense": NaN,
        "Other Non Operating Income Expenses": NaN,
        "Net Non Operating Interest Income Expense": NaN,
        "Interest Income Non Operating": NaN,
        "Operating Income": NaN,
        "Operating Expense": NaN,
        "Selling General And Administration": NaN,
        "Gross Profit": NaN,
        "Cost Of Revenue": NaN,
        "Total Revenue": NaN,
        "Operating Revenue": NaN
    },
    "2024-03-31": {
        "Tax Effect Of Unusual Items": 0.0,
        "Tax Rate For Calcs": 0.192412,
        "Normalized EBITDA": 1203270.0,
        "Net Income From Continuing Operation Net Minority Interest": 1031930.0,
        "Reconciled Depreciation": 110299.0,
        "Reconciled Cost Of Revenue": 6190462.0,
        "EBITDA": 1203270.0,
        "EBIT": 1092971.0,
        "Net Interest Income": 181940.0,
        "Interest Income": 181940.0,
        "Normalized Income": 1031930.0,
        "Net Income From Continuing And Discontinued Operation": 1031930.0,
        "Total Expenses": 7161682.0,
        "Total Operating Income As Reported": 1092971.0,
        "Diluted Average Shares": 2571921.0,
        "Basic Average Shares": 2491906.0,
        "Diluted EPS": 0.4,
        "Basic EPS": 0.41,
        "Diluted NI Availto Com Stockholders": 1031930.0,
        "Net Income Common Stockholders": 1031930.0,
        "Net Income": 1031930.0,
        "Net Income Including Noncontrolling Interests": 1031930.0,
        "Net Income Continuous Operations": 1031930.0,
        "Tax Provision": 245862.0,
        "Pretax Income": 1277792.0,
        "Other Income Expense": 2881.0,
        "Other Non Operating Income Expenses": 2881.0,
        "Net Non Operating Interest Income Expense": 181940.0,
        "Interest Income Non Operating": 181940.0,
        "Operating Income": 1092971.0,
        "Operating Expense": 971220.0,
        "Selling General And Administration": 971220.0,
        "Gross Profit": 2064191.0,
        "Cost Of Revenue": 6190462.0,
        "Total Revenue": 8254653.0,
        "Operating Revenue": 8254653.0
    },
    "2022-12-31": {
        "Tax Effect Of Unusual Items": NaN,
        "Tax Rate For Calcs": NaN,
        "Normalized EBITDA": NaN,
        "Net Income From Continuing Operation Net Minority Interest": NaN,
        "Reconciled Depreciation": NaN,
        "Reconciled Cost Of Revenue": NaN,
        "EBITDA": NaN,
        "EBIT": NaN,
        "Net Interest Income": NaN,
        "Interest Income": NaN,
        "Normalized Income": NaN,
        "Net Income From Continuing And Discontinued Operation": NaN,
        "Total Expenses": NaN,
        "Total Operating Income As Reported": NaN,
        "Diluted Average Shares": 2452064.0,
        "Basic Average Shares": 2452064.0,
        "Diluted EPS": 0.47,
        "Basic EPS": 0.47,
        "Diluted NI Availto Com Stockholders": NaN,
        "Net Income Common Stockholders": NaN,
        "Net Income": NaN,
        "Net Income Including Noncontrolling Interests": NaN,
        "Net Income Continuous Operations": NaN,
        "Tax Provision": NaN,
        "Pretax Income": NaN,
        "Other Income Expense": NaN,
        "Other Non Operating Income Expenses": NaN,
        "Net Non Operating Interest Income Expense": NaN,
        "Interest Income Non Operating": NaN,
        "Operating Income": NaN,
        "Operating Expense": NaN,
        "Selling General And Administration": NaN,
        "Gross Profit": NaN,
        "Cost Of Revenue": NaN,
        "Total Revenue": NaN,
        "Operating Revenue": NaN
    },
    "2024-06-30": {
        "Tax Effect Of Unusual Items": 0.0,
        "Tax Rate For Calcs": 0.202589,
        "Normalized EBITDA": 2241592.0,
        "Net Income From Continuing Operation Net Minority Interest": 1893296.0,
        "Reconciled Depreciation": 109692.0,
        "Reconciled Cost Of Revenue": 8409994.0,
        "EBITDA": 2241592.0,
        "EBIT": 2131900.0,
        "Net Interest Income": 237416.0,
        "Interest Income": 237416.0,
        "Normalized Income": 1893296.0,
        "Net Income From Continuing And Discontinued Operation": 1893296.0,
        "Total Expenses": 9479011.0,
        "Total Operating Income As Reported": 2131900.0,
        "Diluted Average Shares": NaN,
        "Basic Average Shares": NaN,
        "Diluted EPS": NaN,
        "Basic EPS": NaN,
        "Diluted NI Availto Com Stockholders": 1893296.0,
        "Net Income Common Stockholders": 1893296.0,
        "Net Income": 1893296.0,
        "Net Income Including Noncontrolling Interests": 1893296.0,
        "Net Income Continuous Operations": 1893296.0,
        "Tax Provision": 481008.0,
        "Pretax Income": 2374304.0,
        "Other Income Expense": 4988.0,
        "Other Non Operating Income Expenses": 4988.0,
        "Net Non Operating Interest Income Expense": 237416.0,
        "Interest Income Non Operating": 237416.0,
        "Operating Income": 2131900.0,
        "Operating Expense": 1069017.0,
        "Selling General And Administration": 1069017.0,
        "Gross Profit": 3200917.0,
        "Cost Of Revenue": 8409994.0,
        "Total Revenue": 11610911.0,
        "Operating Revenue": 11610911.0
    },
    "2024-09-30": {
        "Tax Effect Of Unusual Items": 0.0,
        "Tax Rate For Calcs": 0.19989,
        "Normalized EBITDA": 1828594.0,
        "Net Income From Continuing Operation Net Minority Interest": 1598317.0,
        "Reconciled Depreciation": 109381.0,
        "Reconciled Cost Of Revenue": 7642336.0,
        "EBITDA": 1828594.0,
        "EBIT": 1719213.0,
        "Net Interest Income": 267617.0,
        "Interest Income": 267617.0,
        "Normalized Income": 1598317.0,
        "Net Income From Continuing And Discontinued Operation": 1598317.0,
        "Total Expenses": 8724005.0,
        "Total Operating Income As Reported": 1719213.0,
        "Diluted Average Shares": 2600237.0,
        "Basic Average Shares": 2525937.0,
        "Diluted EPS": 0.61,
        "Basic EPS": 0.63,
        "Diluted NI Availto Com Stockholders": 1598317.0,
        "Net Income Common Stockholders": 1598317.0,
        "Net Income": 1598317.0,
        "Net Income Including Noncontrolling Interests": 1598317.0,
        "Net Income Continuous Operations": 1598317.0,
        "Tax Provision": 399304.0,
        "Pretax Income": 1997621.0,
        "Other Income Expense": 10791.0,
        "Other Non Operating Income Expenses": 10791.0,
        "Net Non Operating Interest Income Expense": 267617.0,
        "Interest Income Non Operating": 267617.0,
        "Operating Income": 1719213.0,
        "Operating Expense": 1081669.0,
        "Selling General And Administration": 1081669.0,
        "Gross Profit": 2800882.0,
        "Cost Of Revenue": 7642336.0,
        "Total Revenue": 10443218.0,
        "Operating Revenue": 10443218.0
    }
}