{
    "2023-06-30": {
        "Tax Effect Of Unusual Items": NaN,
        "Tax Rate For Calcs": NaN,
        "Net Income From Continuing Operation Net Minority Interest": NaN,
        "Reconciled Depreciation": NaN,
        "Net Interest Income": NaN,
        "Interest Expense": NaN,
        "Interest Income": NaN,
        "Normalized Income": NaN,
        "Net Income From Continuing And Discontinued Operation": NaN,
        "Diluted Average Shares": 9734708.0,
        "Basic Average Shares": 9734708.0,
        "Diluted EPS": 0.45,
        "Basic EPS": 0.45,
        "Diluted NI Availto Com Stockholders": NaN,
        "Net Income Common Stockholders": NaN,
        "Net Income": NaN,
        "Net Income Including Noncontrolling Interests": NaN,
        "Net Income Continuous Operations": NaN,
        "Tax Provision": NaN,
        "Pretax Income": NaN,
        "Gain On Sale Of Security": NaN,
        "Depreciation Amortization Depletion Income Statement": NaN,
        "Depreciation And Amortization In Income Statement": NaN,
        "Amortization": NaN,
        "Amortization Of Intangibles Income Statement": NaN,
        "Selling General And Administration": NaN,
        "Selling And Marketing Expense": NaN,
        "General And Administrative Expense": NaN,
        "Insurance And Claims": NaN,
        "Salaries And Wages": NaN,
        "Total Revenue": NaN,
        "Operating Revenue": NaN,
        "Occupancy And Equipment": NaN,
        "Professional Expense And Contract Services Expense": NaN,
        "Other Non Interest Expense": NaN
    },
    "2023-03-31": {
        "Tax Effect Of Unusual Items": 0.0,
        "Tax Rate For Calcs": 0.191,
        "Net Income From Continuing Operation Net Minority Interest": 4685000.0,
        "Reconciled Depreciation": 519000.0,
        "Net Interest Income": 15110000.0,
        "Interest Expense": 4944000.0,
        "Interest Income": 20054000.0,
        "Normalized Income": 4685000.0,
        "Net Income From Continuing And Discontinued Operation": 4685000.0,
        "Diluted Average Shares": 9720618.0,
        "Basic Average Shares": 9717944.0,
        "Diluted EPS": 0.48,
        "Basic EPS": 0.48,
        "Diluted NI Availto Com Stockholders": 4685000.0,
        "Net Income Common Stockholders": 4685000.0,
        "Net Income": 4685000.0,
        "Net Income Including Noncontrolling Interests": 4685000.0,
        "Net Income Continuous Operations": 4685000.0,
        "Tax Provision": 1052000.0,
        "Pretax Income": 5737000.0,
        "Gain On Sale Of Security": -5000.0,
        "Depreciation Amortization Depletion Income Statement": 48000.0,
        "Depreciation And Amortization In Income Statement": 48000.0,
        "Amortization": 48000.0,
        "Amortization Of Intangibles Income Statement": 48000.0,
        "Selling General And Administration": 7140000.0,
        "Selling And Marketing Expense": 168000.0,
        "General And Administrative Expense": 6972000.0,
        "Insurance And Claims": 180000.0,
        "Salaries And Wages": 6792000.0,
        "Total Revenue": 17179000.0,
        "Operating Revenue": 17179000.0,
        "Occupancy And Equipment": 1109000.0,
        "Professional Expense And Contract Services Expense": 1115000.0,
        "Other Non Interest Expense": 1880000.0
    },
    "2022-12-31": {
        "Tax Effect Of Unusual Items": 0.0,
        "Tax Rate For Calcs": 0.188,
        "Net Income From Continuing Operation Net Minority Interest": 4866000.0,
        "Reconciled Depreciation": 567000.0,
        "Net Interest Income": 15660000.0,
        "Interest Expense": 2959000.0,
        "Interest Income": 18619000.0,
        "Normalized Income": 4866000.0,
        "Net Income From Continuing And Discontinued Operation": 4866000.0,
        "Diluted Average Shares": 9705673.0,
        "Basic Average Shares": 9696855.0,
        "Diluted EPS": 0.5,
        "Basic EPS": 0.5,
        "Diluted NI Availto Com Stockholders": 4866000.0,
        "Net Income Common Stockholders": 4866000.0,
        "Net Income": 4866000.0,
        "Net Income Including Noncontrolling Interests": 4866000.0,
        "Net Income Continuous Operations": 4866000.0,
        "Tax Provision": 1125000.0,
        "Pretax Income": 5991000.0,
        "Gain On Sale Of Security": 2000.0,
        "Depreciation Amortization Depletion Income Statement": 47000.0,
        "Depreciation And Amortization In Income Statement": 47000.0,
        "Amortization": 47000.0,
        "Amortization Of Intangibles Income Statement": 47000.0,
        "Selling General And Administration": 7114000.0,
        "Selling And Marketing Expense": 186000.0,
        "General And Administrative Expense": 6928000.0,
        "Insurance And Claims": 188000.0,
        "Salaries And Wages": 6740000.0,
        "Total Revenue": 17575000.0,
        "Operating Revenue": 17575000.0
    },
    "2022-09-30": {
        "Tax Effect Of Unusual Items": 0.0,
        "Tax Rate For Calcs": 0.202355,
        "Total Unusual Items": 0.0,
        "Total Unusual Items Excluding Goodwill": 0.0,
        "Net Income From Continuing Operation Net Minority Interest": 5826000.0,
        "Reconciled Depreciation": 48000.0,
        "Net Interest Income": 17036000.0,
        "Interest Expense": 961000.0,
        "Interest Income": 17997000.0,
        "Normalized Income": 5826000.0,
        "Net Income From Continuing And Discontinued Operation": 5826000.0,
        "Diluted Average Shares": 9715943.0,
        "Basic Average Shares": 9712603.0,
        "Diluted EPS": 0.6,
        "Basic EPS": 0.6,
        "Diluted NI Availto Com Stockholders": 5826000.0,
        "Net Income Common Stockholders": 5826000.0,
        "Net Income": 5826000.0,
        "Net Income Including Noncontrolling Interests": 5826000.0,
        "Net Income Continuous Operations": 5826000.0,
        "Tax Provision": 1478000.0,
        "Pretax Income": 7304000.0,
        "Special Income Charges": 0.0,
        "Gain On Sale Of Security": -1000.0,
        "Depreciation Amortization Depletion Income Statement": 48000.0,
        "Depreciation And Amortization In Income Statement": 48000.0,
        "Amortization": 48000.0,
        "Amortization Of Intangibles Income Statement": 48000.0,
        "Selling General And Administration": 7419000.0,
        "Selling And Marketing Expense": 140000.0,
        "General And Administrative Expense": 7279000.0,
        "Other Gand A": 1039000.0,
        "Insurance And Claims": 141000.0,
        "Salaries And Wages": 7138000.0,
        "Total Revenue": 19098000.0,
        "Operating Revenue": 19098000.0
    },
    "2022-06-30": {
        "Tax Effect Of Unusual Items": 0.0,
        "Tax Rate For Calcs": 0.205831,
        "Total Unusual Items": NaN,
        "Total Unusual Items Excluding Goodwill": NaN,
        "Net Income From Continuing Operation Net Minority Interest": 5039000.0,
        "Reconciled Depreciation": 59000.0,
        "Net Interest Income": 14958000.0,
        "Interest Expense": 541000.0,
        "Interest Income": 15499000.0,
        "Normalized Income": 5039000.0,
        "Net Income From Continuing And Discontinued Operation": 5039000.0,
        "Diluted Average Shares": 9790209.0,
        "Basic Average Shares": 9788244.0,
        "Diluted EPS": 0.51,
        "Basic EPS": 0.51,
        "Diluted NI Availto Com Stockholders": 5039000.0,
        "Net Income Common Stockholders": 5039000.0,
        "Net Income": 5039000.0,
        "Net Income Including Noncontrolling Interests": 5039000.0,
        "Net Income Continuous Operations": 5039000.0,
        "Tax Provision": 1306000.0,
        "Pretax Income": 6345000.0,
        "Special Income Charges": NaN,
        "Gain On Sale Of Security": 4000.0,
        "Depreciation Amortization Depletion Income Statement": 59000.0,
        "Depreciation And Amortization In Income Statement": 59000.0,
        "Amortization": 59000.0,
        "Amortization Of Intangibles Income Statement": 59000.0,
        "Selling General And Administration": 6858000.0,
        "Selling And Marketing Expense": 254000.0,
        "General And Administrative Expense": 6604000.0,
        "Other Gand A": 1207000.0,
        "Insurance And Claims": 148000.0,
        "Salaries And Wages": 6456000.0,
        "Total Revenue": 17092000.0,
        "Operating Revenue": 17092000.0
    },
    "2022-03-31": {
        "Diluted EPS": 0.47,
        "Total Revenue": 17,
        "Gross Profit": 16,
        "Operating Income": 6,
        "EBIT": NaN,
        "Net Income": 5
    },
    "2021-12-31": {
        "Diluted EPS": 0.47,
        "Total Revenue": 17,
        "Gross Profit": 16,
        "Operating Income": 6,
        "EBIT": NaN,
        "Net Income": 5
    },
    "2021-09-30": {
        "Diluted EPS": 0.4,
        "Total Revenue": 17,
        "Gross Profit": 16,
        "Operating Income": 5,
        "EBIT": NaN,
        "Net Income": 4
    },
    "2021-06-30": {
        "Diluted EPS": 0.41,
        "Total Revenue": 17,
        "Gross Profit": 15,
        "Operating Income": 5,
        "EBIT": NaN,
        "Net Income": 4
    },
    "2021-03-31": {
        "Diluted EPS": 0.43,
        "Total Revenue": 18,
        "Gross Profit": 17,
        "Operating Income": 5,
        "EBIT": NaN,
        "Net Income": 4
    },
    "2020-12-31": {
        "Diluted EPS": 0.41,
        "Total Revenue": 18,
        "Gross Profit": 16,
        "Operating Income": 5,
        "EBIT": NaN,
        "Net Income": 4
    },
    "2020-09-30": {
        "Diluted EPS": 0.36,
        "Total Revenue": 21,
        "Gross Profit": 18,
        "Operating Income": 5,
        "EBIT": NaN,
        "Net Income": 4
    },
    "2020-06-30": {
        "Diluted EPS": 0.37,
        "Total Revenue": 19,
        "Gross Profit": 15,
        "Operating Income": 5,
        "EBIT": NaN,
        "Net Income": 4
    },
    "2020-03-31": {
        "Diluted EPS": 0.33,
        "Total Revenue": 19,
        "Gross Profit": 14,
        "Operating Income": 4,
        "EBIT": NaN,
        "Net Income": 3
    },
    "2019-12-31": {
        "Diluted EPS": 0.33,
        "Total Revenue": 19,
        "Gross Profit": 14,
        "Operating Income": 4,
        "EBIT": NaN,
        "Net Income": 3
    },
    "2019-09-30": {
        "Diluted EPS": 0.36,
        "Total Revenue": 19,
        "Gross Profit": 14,
        "Operating Income": 4,
        "EBIT": NaN,
        "Net Income": 4
    },
    "2019-06-30": {
        "Diluted EPS": 0.29,
        "Total Revenue": 19,
        "Gross Profit": 14,
        "Operating Income": 4,
        "EBIT": NaN,
        "Net Income": 3
    },
    "2019-03-31": {
        "Diluted EPS": 0.26,
        "Total Revenue": 19,
        "Gross Profit": 14,
        "Operating Income": 3,
        "EBIT": NaN,
        "Net Income": 3
    },
    "2018-12-31": {
        "Diluted EPS": 0.27,
        "Total Revenue": 19,
        "Gross Profit": 14,
        "Operating Income": 3,
        "EBIT": NaN,
        "Net Income": 3
    },
    "2018-09-30": {
        "Diluted EPS": 0.28,
        "Total Revenue": 19,
        "Gross Profit": 14,
        "Operating Income": 4,
        "EBIT": NaN,
        "Net Income": 3
    },
    "2018-06-30": {
        "Diluted EPS": 0.26,
        "Total Revenue": 19,
        "Gross Profit": 14,
        "Operating Income": 3,
        "EBIT": NaN,
        "Net Income": 3
    },
    "2018-03-31": {
        "Diluted EPS": 0.21,
        "Total Revenue": 18,
        "Gross Profit": 14,
        "Operating Income": 3,
        "EBIT": NaN,
        "Net Income": 2
    },
    "2017-12-31": {
        "Diluted EPS": -0.15,
        "Total Revenue": 17,
        "Gross Profit": 14,
        "Operating Income": 2,
        "EBIT": NaN,
        "Net Income": -2
    },
    "2017-09-30": {
        "Diluted EPS": 0.2,
        "Total Revenue": 17,
        "Gross Profit": 14,
        "Operating Income": 3,
        "EBIT": NaN,
        "Net Income": 2
    },
    "2017-06-30": {
        "Diluted EPS": 0.16,
        "Total Revenue": 17,
        "Gross Profit": 13,
        "Operating Income": 2,
        "EBIT": NaN,
        "Net Income": 2
    },
    "2017-03-31": {
        "Diluted EPS": 0.15,
        "Total Revenue": 16,
        "Gross Profit": 13,
        "Operating Income": 2,
        "EBIT": NaN,
        "Net Income": 2
    },
    "2016-12-31": {
        "Diluted EPS": 0.18,
        "Total Revenue": 17,
        "Gross Profit": 13,
        "Operating Income": 2,
        "EBIT": NaN,
        "Net Income": 2
    },
    "2016-09-30": {
        "Diluted EPS": 0.14,
        "Total Revenue": 17,
        "Gross Profit": 14,
        "Operating Income": 2,
        "EBIT": NaN,
        "Net Income": 2
    },
    "2016-06-30": {
        "Diluted EPS": 0.2,
        "Total Revenue": 17,
        "Gross Profit": 14,
        "Operating Income": 3,
        "EBIT": NaN,
        "Net Income": 2
    },
    "2016-03-31": {
        "Diluted EPS": 0.2,
        "Total Revenue": 17,
        "Gross Profit": 15,
        "Operating Income": 3,
        "EBIT": NaN,
        "Net Income": 2
    },
    "2015-12-31": {
        "Diluted EPS": 0.19,
        "Total Revenue": 16,
        "Gross Profit": 13,
        "Operating Income": 3,
        "EBIT": NaN,
        "Net Income": 2
    },
    "2015-09-30": {
        "Diluted EPS": 0.22,
        "Total Revenue": 16,
        "Gross Profit": 13,
        "Operating Income": 3,
        "EBIT": NaN,
        "Net Income": 2
    },
    "2015-06-30": {
        "Diluted EPS": 0.23,
        "Total Revenue": 16,
        "Gross Profit": 13,
        "Operating Income": 3,
        "EBIT": NaN,
        "Net Income": 2
    },
    "2015-03-31": {
        "Diluted EPS": 0.23,
        "Total Revenue": 15,
        "Gross Profit": 13,
        "Operating Income": 3,
        "EBIT": NaN,
        "Net Income": 2
    },
    "2014-12-31": {
        "Diluted EPS": 0.25,
        "Total Revenue": 16,
        "Gross Profit": 13,
        "Operating Income": 3,
        "EBIT": NaN,
        "Net Income": 3
    },
    "2014-09-30": {
        "Diluted EPS": 0.23,
        "Total Revenue": 15,
        "Gross Profit": 13,
        "Operating Income": 3,
        "EBIT": NaN,
        "Net Income": 2
    },
    "2014-06-30": {
        "Diluted EPS": 0.24,
        "Total Revenue": 16,
        "Gross Profit": 13,
        "Operating Income": 4,
        "EBIT": NaN,
        "Net Income": 3
    },
    "2014-03-31": {
        "Diluted EPS": 0.14,
        "Total Revenue": 13,
        "Gross Profit": 11,
        "Operating Income": 2,
        "EBIT": NaN,
        "Net Income": 2
    },
    "2013-12-31": {
        "Diluted EPS": 0.18,
        "Total Revenue": 14,
        "Gross Profit": 11,
        "Operating Income": 3,
        "EBIT": NaN,
        "Net Income": 2
    },
    "2013-09-30": {
        "Diluted EPS": 0.19,
        "Total Revenue": 14,
        "Gross Profit": 11,
        "Operating Income": 2,
        "EBIT": NaN,
        "Net Income": 2
    },
    "2013-06-30": {
        "Diluted EPS": 0.16,
        "Total Revenue": 14,
        "Gross Profit": 12,
        "Operating Income": 2,
        "EBIT": NaN,
        "Net Income": 2
    },
    "2013-03-31": {
        "Diluted EPS": 0.17,
        "Total Revenue": 15,
        "Gross Profit": 12,
        "Operating Income": 3,
        "EBIT": NaN,
        "Net Income": 2
    },
    "2012-12-31": {
        "Diluted EPS": 0.24,
        "Total Revenue": 16,
        "Gross Profit": 13,
        "Operating Income": 4,
        "EBIT": NaN,
        "Net Income": 3
    },
    "2012-09-30": {
        "Diluted EPS": -0.19,
        "Total Revenue": 15,
        "Gross Profit": 11,
        "Operating Income": -2,
        "EBIT": NaN,
        "Net Income": -2
    },
    "2012-06-30": {
        "Diluted EPS": 0.07,
        "Total Revenue": 12,
        "Gross Profit": 8,
        "Operating Income": 1,
        "EBIT": NaN,
        "Net Income": 1
    },
    "2012-03-31": {
        "Diluted EPS": 0.06,
        "Total Revenue": 12,
        "Gross Profit": 8,
        "Operating Income": 1,
        "EBIT": NaN,
        "Net Income": 1
    },
    "2011-12-31": {
        "Diluted EPS": 0.08,
        "Total Revenue": 13,
        "Gross Profit": 8,
        "Operating Income": 1,
        "EBIT": NaN,
        "Net Income": 1
    },
    "2011-09-30": {
        "Diluted EPS": 0.16,
        "Total Revenue": 14,
        "Gross Profit": 9,
        "Operating Income": 2,
        "EBIT": NaN,
        "Net Income": 2
    },
    "2011-06-30": {
        "Diluted EPS": 0.11,
        "Total Revenue": 13,
        "Gross Profit": 9,
        "Operating Income": 2,
        "EBIT": NaN,
        "Net Income": 1
    },
    "2011-03-31": {
        "Diluted EPS": 0.1,
        "Total Revenue": 13,
        "Gross Profit": 9,
        "Operating Income": 2,
        "EBIT": NaN,
        "Net Income": 1
    },
    "2010-12-31": {
        "Diluted EPS": 0.09,
        "Total Revenue": 13,
        "Gross Profit": 8,
        "Operating Income": 1,
        "EBIT": NaN,
        "Net Income": 1
    },
    "2010-09-30": {
        "Diluted EPS": 0.09,
        "Total Revenue": 14,
        "Gross Profit": 9,
        "Operating Income": 2,
        "EBIT": NaN,
        "Net Income": 1
    },
    "2010-06-30": {
        "Diluted EPS": 0.09,
        "Total Revenue": 14,
        "Gross Profit": 8,
        "Operating Income": 1,
        "EBIT": NaN,
        "Net Income": 1
    },
    "2010-03-31": {
        "Diluted EPS": 0.12,
        "Total Revenue": 14,
        "Gross Profit": 9,
        "Operating Income": 2,
        "EBIT": NaN,
        "Net Income": 2
    },
    "2009-12-31": {
        "Diluted EPS": 0.06,
        "Total Revenue": 14,
        "Gross Profit": 9,
        "Operating Income": 1,
        "EBIT": NaN,
        "Net Income": 1
    },
    "2009-09-30": {
        "Diluted EPS": 0.1,
        "Total Revenue": 14,
        "Gross Profit": 9,
        "Operating Income": 2,
        "EBIT": NaN,
        "Net Income": 1
    },
    "2009-06-30": {
        "Diluted EPS": 0.13,
        "Total Revenue": 15,
        "Gross Profit": 9,
        "Operating Income": 3,
        "EBIT": NaN,
        "Net Income": 2
    },
    "2009-03-31": {
        "Diluted EPS": 0.11,
        "Total Revenue": 15,
        "Gross Profit": 8,
        "Operating Income": 2,
        "EBIT": NaN,
        "Net Income": 2
    },
    "2023-09-30": {
        "Tax Effect Of Unusual Items": 0.0,
        "Tax Rate For Calcs": 0.202172,
        "Net Income From Continuing Operation Net Minority Interest": 4629000.0,
        "Reconciled Depreciation": 494000.0,
        "Net Interest Income": 15540000.0,
        "Interest Expense": 9521000.0,
        "Interest Income": 25061000.0,
        "Normalized Income": 4629000.0,
        "Net Income From Continuing And Discontinued Operation": 4629000.0,
        "Diluted Average Shares": 9750944.0,
        "Basic Average Shares": 9750944.0,
        "Diluted EPS": 0.47,
        "Basic EPS": 0.47,
        "Diluted NI Availto Com Stockholders": 4629000.0,
        "Net Income Common Stockholders": 4629000.0,
        "Net Income": 4629000.0,
        "Net Income Including Noncontrolling Interests": 4629000.0,
        "Net Income Continuous Operations": 4629000.0,
        "Tax Provision": 1173000.0,
        "Pretax Income": 5802000.0,
        "Gain On Sale Of Security": -121000.0,
        "Depreciation Amortization Depletion Income Statement": 48000.0,
        "Depreciation And Amortization In Income Statement": 48000.0,
        "Amortization": 48000.0,
        "Amortization Of Intangibles Income Statement": 48000.0,
        "Selling General And Administration": 6910000.0,
        "Selling And Marketing Expense": 113000.0,
        "General And Administrative Expense": 6797000.0,
        "Insurance And Claims": 330000.0,
        "Salaries And Wages": 6467000.0,
        "Total Revenue": 17615000.0,
        "Operating Revenue": 17615000.0,
        "Occupancy And Equipment": 1118000.0,
        "Professional Expense And Contract Services Expense": 1179000.0,
        "Other Non Interest Expense": 2308000.0
    },
    "2023-12-31": {
        "Tax Effect Of Unusual Items": 0.0,
        "Tax Rate For Calcs": 0.192,
        "Net Income From Continuing Operation Net Minority Interest": 4337000.0,
        "Reconciled Depreciation": 552000.0,
        "Net Interest Income": 14864000.0,
        "Interest Expense": 11226000.0,
        "Interest Income": 26090000.0,
        "Normalized Income": 4337000.0,
        "Net Income From Continuing And Discontinued Operation": 4337000.0,
        "Diluted Average Shares": 9616316.0,
        "Basic Average Shares": 9614550.0,
        "Diluted EPS": 0.45,
        "Basic EPS": 0.45,
        "Diluted NI Availto Com Stockholders": 4337000.0,
        "Net Income Common Stockholders": 4337000.0,
        "Net Income": 4337000.0,
        "Net Income Including Noncontrolling Interests": 4337000.0,
        "Net Income Continuous Operations": 4337000.0,
        "Tax Provision": 1028000.0,
        "Pretax Income": 5365000.0,
        "Gain On Sale Of Security": -3000.0,
        "Depreciation Amortization Depletion Income Statement": 47000.0,
        "Depreciation And Amortization In Income Statement": 47000.0,
        "Amortization": 47000.0,
        "Amortization Of Intangibles Income Statement": 47000.0,
        "Selling General And Administration": 7262000.0,
        "Selling And Marketing Expense": 136000.0,
        "General And Administrative Expense": 7126000.0,
        "Insurance And Claims": 380000.0,
        "Salaries And Wages": 6746000.0,
        "Total Revenue": 16825000.0,
        "Operating Revenue": 16825000.0,
        "Occupancy And Equipment": 1229000.0,
        "Professional Expense And Contract Services Expense": 1025000.0,
        "Other Non Interest Expense": 2294000.0
    },
    "2024-03-31": {
        "Tax Effect Of Unusual Items": 0.0,
        "Tax Rate For Calcs": 0.191,
        "Net Income From Continuing Operation Net Minority Interest": 4562000.0,
        "Reconciled Depreciation": 550000.0,
        "Net Interest Income": 14854000.0,
        "Interest Expense": 10796000.0,
        "Interest Income": 25650000.0,
        "Normalized Income": 4562000.0,
        "Net Income From Continuing And Discontinued Operation": 4562000.0,
        "Diluted Average Shares": 9513798.0,
        "Basic Average Shares": 9513656.0,
        "Diluted EPS": 0.48,
        "Basic EPS": 0.48,
        "Diluted NI Availto Com Stockholders": 4562000.0,
        "Net Income Common Stockholders": 4562000.0,
        "Net Income": 4562000.0,
        "Net Income Including Noncontrolling Interests": 4562000.0,
        "Net Income Continuous Operations": 4562000.0,
        "Tax Provision": 1078000.0,
        "Pretax Income": 5640000.0,
        "Gain On Sale Of Security": -2000.0,
        "Depreciation Amortization Depletion Income Statement": 44000.0,
        "Depreciation And Amortization In Income Statement": 44000.0,
        "Amortization": 44000.0,
        "Amortization Of Intangibles Income Statement": 44000.0,
        "Selling General And Administration": 7387000.0,
        "Selling And Marketing Expense": 239000.0,
        "General And Administrative Expense": 7148000.0,
        "Insurance And Claims": 475000.0,
        "Salaries And Wages": 6673000.0,
        "Total Revenue": 16858000.0,
        "Operating Revenue": 16858000.0,
        "Occupancy And Equipment": 1228000.0,
        "Professional Expense And Contract Services Expense": 1039000.0,
        "Other Non Interest Expense": 2016000.0
    },
    "2024-06-30": {
        "Tax Effect Of Unusual Items": 0.0,
        "Tax Rate For Calcs": 0.188,
        "Net Income From Continuing Operation Net Minority Interest": 3914000.0,
        "Reconciled Depreciation": 507000.0,
        "Net Interest Income": 14165000.0,
        "Interest Expense": 11497000.0,
        "Interest Income": 25662000.0,
        "Normalized Income": 3914000.0,
        "Net Income From Continuing And Discontinued Operation": 3914000.0,
        "Diluted Average Shares": 9517948.0,
        "Basic Average Shares": 9517948.0,
        "Diluted EPS": 0.41,
        "Basic EPS": 0.41,
        "Diluted NI Availto Com Stockholders": 3914000.0,
        "Net Income Common Stockholders": 3914000.0,
        "Net Income": 3914000.0,
        "Net Income Including Noncontrolling Interests": 3914000.0,
        "Net Income Continuous Operations": 3914000.0,
        "Tax Provision": 909000.0,
        "Pretax Income": 4823000.0,
        "Gain On Sale Of Security": -1000.0,
        "Depreciation Amortization Depletion Income Statement": 0.0,
        "Depreciation And Amortization In Income Statement": 0.0,
        "Amortization": 0.0,
        "Amortization Of Intangibles Income Statement": 0.0,
        "Selling General And Administration": 7341000.0,
        "Selling And Marketing Expense": 116000.0,
        "General And Administrative Expense": 7225000.0,
        "Insurance And Claims": 454000.0,
        "Salaries And Wages": 6771000.0,
        "Total Revenue": 16157000.0,
        "Operating Revenue": 16157000.0,
        "Occupancy And Equipment": 1170000.0,
        "Professional Expense And Contract Services Expense": 1218000.0,
        "Other Non Interest Expense": 1952000.0
    },
    "2024-09-30": {
        "Tax Effect Of Unusual Items": 0.0,
        "Tax Rate For Calcs": 0.186015,
        "Net Income From Continuing Operation Net Minority Interest": 4179000.0,
        "Reconciled Depreciation": 496000.0,
        "Net Interest Income": 14396000.0,
        "Interest Expense": 11659000.0,
        "Interest Income": 26055000.0,
        "Normalized Income": 4179000.0,
        "Net Income From Continuing And Discontinued Operation": 4179000.0,
        "Diluted Average Shares": NaN,
        "Basic Average Shares": NaN,
        "Diluted EPS": NaN,
        "Basic EPS": NaN,
        "Diluted NI Availto Com Stockholders": 4179000.0,
        "Net Income Common Stockholders": 4179000.0,
        "Net Income": 4179000.0,
        "Net Income Including Noncontrolling Interests": 4179000.0,
        "Net Income Continuous Operations": 4179000.0,
        "Tax Provision": 955000.0,
        "Pretax Income": 5134000.0,
        "Gain On Sale Of Security": 0.0,
        "Depreciation Amortization Depletion Income Statement": 0.0,
        "Depreciation And Amortization In Income Statement": 0.0,
        "Amortization": 0.0,
        "Amortization Of Intangibles Income Statement": 0.0,
        "Selling General And Administration": 7234000.0,
        "Selling And Marketing Expense": 189000.0,
        "General And Administrative Expense": 7045000.0,
        "Insurance And Claims": 329000.0,
        "Salaries And Wages": 6716000.0,
        "Total Revenue": 16863000.0,
        "Operating Revenue": 16863000.0,
        "Occupancy And Equipment": 1215000.0,
        "Professional Expense And Contract Services Expense": 1013000.0,
        "Other Non Interest Expense": 2387000.0
    }
}