{
    "2023-03-31": {
        "Tax Effect Of Unusual Items": 0.0,
        "Tax Rate For Calcs": 0.4,
        "Normalized EBITDA": -7356000.0,
        "Total Unusual Items": NaN,
        "Total Unusual Items Excluding Goodwill": NaN,
        "Net Income From Continuing Operation Net Minority Interest": -11942000.0,
        "Reconciled Depreciation": 1113000.0,
        "Reconciled Cost Of Revenue": 16445000.0,
        "EBITDA": -7356000.0,
        "EBIT": -7356000.0,
        "Net Interest Income": -3681000.0,
        "Interest Expense": 3756000.0,
        "Interest Income": 75000.0,
        "Normalized Income": -11942000.0,
        "Net Income From Continuing And Discontinued Operation": -11942000.0,
        "Total Expenses": 54684000.0,
        "Total Operating Income As Reported": -8160000.0,
        "Diluted Average Shares": 24678113.0,
        "Basic Average Shares": 24678113.0,
        "Diluted EPS": -0.48,
        "Basic EPS": -0.48,
        "Diluted NI Availto Com Stockholders": -11942000.0,
        "Net Income Common Stockholders": -11942000.0,
        "Net Income": -11942000.0,
        "Net Income Including Noncontrolling Interests": -11942000.0,
        "Net Income Continuous Operations": -11942000.0,
        "Tax Provision": 830000.0,
        "Pretax Income": -11112000.0,
        "Other Income Expense": 729000.0,
        "Other Non Operating Income Expenses": 729000.0,
        "Special Income Charges": NaN,
        "Other Special Charges": NaN,
        "Gain On Sale Of Security": NaN,
        "Net Non Operating Interest Income Expense": -3681000.0,
        "Interest Expense Non Operating": 3756000.0,
        "Interest Income Non Operating": 75000.0,
        "Operating Income": -8160000.0,
        "Operating Expense": 38239000.0,
        "Research And Development": 6533000.0,
        "Selling General And Administration": 31706000.0,
        "Gross Profit": 30079000.0,
        "Cost Of Revenue": 16445000.0,
        "Total Revenue": 46524000.0,
        "Operating Revenue": 46524000.0
    },
    "2022-12-31": {
        "Tax Effect Of Unusual Items": 0.0,
        "Tax Rate For Calcs": 0.4,
        "Normalized EBITDA": -10543000.0,
        "Total Unusual Items": 0.0,
        "Total Unusual Items Excluding Goodwill": 0.0,
        "Net Income From Continuing Operation Net Minority Interest": -13562000.0,
        "Reconciled Depreciation": 1147000.0,
        "Reconciled Cost Of Revenue": 15648000.0,
        "EBITDA": -10543000.0,
        "EBIT": -10543000.0,
        "Net Interest Income": -2175000.0,
        "Interest Expense": 2200000.0,
        "Interest Income": 25000.0,
        "Normalized Income": -13562000.0,
        "Net Income From Continuing And Discontinued Operation": -13562000.0,
        "Total Expenses": 56973000.0,
        "Total Operating Income As Reported": -13160000.0,
        "Diluted Average Shares": 24612005.0,
        "Basic Average Shares": 24612005.0,
        "Diluted EPS": -0.55,
        "Basic EPS": -0.55,
        "Diluted NI Availto Com Stockholders": -13562000.0,
        "Net Income Common Stockholders": -13562000.0,
        "Net Income": -13562000.0,
        "Net Income Including Noncontrolling Interests": -13562000.0,
        "Net Income Continuous Operations": -13562000.0,
        "Tax Provision": 819000.0,
        "Pretax Income": -12743000.0,
        "Other Income Expense": 2592000.0,
        "Other Non Operating Income Expenses": 2592000.0,
        "Special Income Charges": 0.0,
        "Other Special Charges": 0.0,
        "Gain On Sale Of Security": 0.0,
        "Net Non Operating Interest Income Expense": -2175000.0,
        "Interest Expense Non Operating": 2200000.0,
        "Interest Income Non Operating": 25000.0,
        "Operating Income": -13160000.0,
        "Operating Expense": 41325000.0,
        "Research And Development": 6479000.0,
        "Selling General And Administration": 34846000.0,
        "Gross Profit": 28165000.0,
        "Cost Of Revenue": 15648000.0,
        "Total Revenue": 43813000.0,
        "Operating Revenue": 43813000.0
    },
    "2022-09-30": {
        "Tax Effect Of Unusual Items": 0.0,
        "Tax Rate For Calcs": 0.4,
        "Normalized EBITDA": -14125000.0,
        "Total Unusual Items": 0.0,
        "Total Unusual Items Excluding Goodwill": 0.0,
        "Net Income From Continuing Operation Net Minority Interest": -18608000.0,
        "Reconciled Depreciation": 1102000.0,
        "Reconciled Cost Of Revenue": 12205000.0,
        "EBITDA": -14125000.0,
        "EBIT": -14125000.0,
        "Net Interest Income": -3870000.0,
        "Interest Expense": 3880000.0,
        "Interest Income": 10000.0,
        "Normalized Income": -18608000.0,
        "Net Income From Continuing And Discontinued Operation": -18608000.0,
        "Total Expenses": 48762000.0,
        "Total Operating Income As Reported": -10517000.0,
        "Diluted Average Shares": 24511495.0,
        "Basic Average Shares": 24511495.0,
        "Diluted EPS": -0.76,
        "Basic EPS": -0.76,
        "Diluted NI Availto Com Stockholders": -18608000.0,
        "Net Income Common Stockholders": -18608000.0,
        "Net Income": -18608000.0,
        "Net Income Including Noncontrolling Interests": -18608000.0,
        "Net Income Continuous Operations": -18608000.0,
        "Tax Provision": 603000.0,
        "Pretax Income": -18005000.0,
        "Other Income Expense": -3618000.0,
        "Other Non Operating Income Expenses": -3618000.0,
        "Special Income Charges": 0.0,
        "Other Special Charges": NaN,
        "Gain On Sale Of Security": NaN,
        "Net Non Operating Interest Income Expense": -3870000.0,
        "Interest Expense Non Operating": 3880000.0,
        "Interest Income Non Operating": 10000.0,
        "Operating Income": -10517000.0,
        "Operating Expense": 36557000.0,
        "Research And Development": 5289000.0,
        "Selling General And Administration": 31268000.0,
        "Gross Profit": 26040000.0,
        "Cost Of Revenue": 12205000.0,
        "Total Revenue": 38245000.0,
        "Operating Revenue": 38245000.0
    },
    "2022-06-30": {
        "Tax Effect Of Unusual Items": -7168000.0,
        "Tax Rate For Calcs": 0.4,
        "Normalized EBITDA": -15234000.0,
        "Total Unusual Items": -17920000.0,
        "Total Unusual Items Excluding Goodwill": -17920000.0,
        "Net Income From Continuing Operation Net Minority Interest": -37106000.0,
        "Reconciled Depreciation": 1042000.0,
        "Reconciled Cost Of Revenue": 13736000.0,
        "EBITDA": -33154000.0,
        "EBIT": -33154000.0,
        "Net Interest Income": -3356000.0,
        "Interest Expense": 3388000.0,
        "Interest Income": 32000.0,
        "Normalized Income": -26354000.0,
        "Net Income From Continuing And Discontinued Operation": -37106000.0,
        "Total Expenses": 51596000.0,
        "Total Operating Income As Reported": -10406000.0,
        "Diluted Average Shares": 24396847.0,
        "Basic Average Shares": 24396847.0,
        "Diluted EPS": -1.52,
        "Basic EPS": -1.52,
        "Diluted NI Availto Com Stockholders": -37106000.0,
        "Net Income Common Stockholders": -37106000.0,
        "Net Income": -37106000.0,
        "Net Income Including Noncontrolling Interests": -37106000.0,
        "Net Income Continuous Operations": -37106000.0,
        "Tax Provision": 564000.0,
        "Pretax Income": -36542000.0,
        "Other Income Expense": -22780000.0,
        "Other Non Operating Income Expenses": -4860000.0,
        "Special Income Charges": -19019000.0,
        "Other Special Charges": 19019000.0,
        "Gain On Sale Of Security": 1099000.0,
        "Net Non Operating Interest Income Expense": -3356000.0,
        "Interest Expense Non Operating": 3388000.0,
        "Interest Income Non Operating": 32000.0,
        "Operating Income": -10406000.0,
        "Operating Expense": 37860000.0,
        "Research And Development": 4903000.0,
        "Selling General And Administration": 32957000.0,
        "Gross Profit": 27454000.0,
        "Cost Of Revenue": 13736000.0,
        "Total Revenue": 41190000.0,
        "Operating Revenue": 41190000.0
    },
    "2022-03-31": {
        "Diluted EPS": -0.24,
        "Total Revenue": 38,
        "Gross Profit": 25,
        "Operating Income": -6,
        "EBIT": -4,
        "Net Income": -6
    },
    "2021-12-31": {
        "Diluted EPS": -0.6,
        "Total Revenue": 35,
        "Gross Profit": 24,
        "Operating Income": -9,
        "EBIT": -6,
        "Net Income": -14
    },
    "2021-09-30": {
        "Diluted EPS": -0.61,
        "Total Revenue": 29,
        "Gross Profit": 20,
        "Operating Income": -9,
        "EBIT": -9,
        "Net Income": -15
    },
    "2021-06-30": {
        "Diluted EPS": -0.22,
        "Total Revenue": 32,
        "Gross Profit": 21,
        "Operating Income": -5,
        "EBIT": -3,
        "Net Income": -5
    },
    "2021-03-31": {
        "Diluted EPS": -0.29,
        "Total Revenue": 30,
        "Gross Profit": 20,
        "Operating Income": -2,
        "EBIT": -1,
        "Net Income": -7
    },
    "2020-12-31": {
        "Diluted EPS": -0.21,
        "Total Revenue": 27,
        "Gross Profit": 15,
        "Operating Income": -8,
        "EBIT": -5,
        "Net Income": -6
    },
    "2020-09-30": {
        "Diluted EPS": -0.18,
        "Total Revenue": 23,
        "Gross Profit": 15,
        "Operating Income": -3,
        "EBIT": -2,
        "Net Income": -4
    },
    "2020-06-30": {
        "Diluted EPS": -0.45,
        "Total Revenue": 10,
        "Gross Profit": 7,
        "Operating Income": -10,
        "EBIT": -9,
        "Net Income": -10
    },
    "2020-03-31": {
        "Diluted EPS": -0.79,
        "Total Revenue": 24,
        "Gross Profit": 15,
        "Operating Income": -8,
        "EBIT": -7,
        "Net Income": -18
    },
    "2019-12-31": {
        "Diluted EPS": -0.27,
        "Total Revenue": 24,
        "Gross Profit": 16,
        "Operating Income": -4,
        "EBIT": -3,
        "Net Income": -6
    },
    "2019-09-30": {
        "Diluted EPS": -0.62,
        "Total Revenue": 23,
        "Gross Profit": 14,
        "Operating Income": -9,
        "EBIT": -8,
        "Net Income": -13
    },
    "2019-06-30": {
        "Diluted EPS": -0.44,
        "Total Revenue": 22,
        "Gross Profit": 13,
        "Operating Income": -9,
        "EBIT": -9,
        "Net Income": -9
    },
    "2019-03-31": {
        "Diluted EPS": -0.53,
        "Total Revenue": 21,
        "Gross Profit": 11,
        "Operating Income": -8,
        "EBIT": -8,
        "Net Income": -11
    },
    "2018-12-31": {
        "Diluted EPS": -0.48,
        "Total Revenue": 16,
        "Gross Profit": 10,
        "Operating Income": -9,
        "EBIT": -8,
        "Net Income": -11
    },
    "2018-09-30": {
        "Diluted EPS": 0.06,
        "Total Revenue": 16,
        "Gross Profit": 10,
        "Operating Income": -6,
        "EBIT": -5,
        "Net Income": 1
    },
    "2018-06-30": {
        "Diluted EPS": -0.35,
        "Total Revenue": 14,
        "Gross Profit": 8,
        "Operating Income": -6,
        "EBIT": -6,
        "Net Income": -5
    },
    "2018-03-31": {
        "Diluted EPS": -0.45,
        "Total Revenue": 15,
        "Gross Profit": 8,
        "Operating Income": -3,
        "EBIT": -2,
        "Net Income": -7
    },
    "2017-12-31": {
        "Diluted EPS": 0.0,
        "Total Revenue": 12,
        "Gross Profit": 7,
        "Operating Income": -5,
        "EBIT": -4,
        "Net Income": -7
    },
    "2017-09-30": {
        "Diluted EPS": -1.21,
        "Total Revenue": 7,
        "Gross Profit": 4,
        "Operating Income": -6,
        "EBIT": -5,
        "Net Income": -11
    },
    "2017-06-30": {
        "Diluted EPS": -1.55,
        "Total Revenue": 9,
        "Gross Profit": 4,
        "Operating Income": -5,
        "EBIT": -5,
        "Net Income": -12
    },
    "2017-03-31": {
        "Diluted EPS": -0.75,
        "Total Revenue": 7,
        "Gross Profit": 3,
        "Operating Income": -4,
        "EBIT": -4,
        "Net Income": -5
    },
    "2016-12-31": {
        "Diluted EPS": 0.0,
        "Total Revenue": NaN,
        "Gross Profit": NaN,
        "Operating Income": NaN,
        "EBIT": NaN,
        "Net Income": NaN
    },
    "2023-06-30": {
        "Tax Effect Of Unusual Items": 0.0,
        "Tax Rate For Calcs": 0.4,
        "Normalized EBITDA": -12200000.0,
        "Total Unusual Items": 0.0,
        "Total Unusual Items Excluding Goodwill": 0.0,
        "Net Income From Continuing Operation Net Minority Interest": -16745000.0,
        "Reconciled Depreciation": 1129000.0,
        "Reconciled Cost Of Revenue": 18300000.0,
        "EBITDA": -12200000.0,
        "EBIT": -12200000.0,
        "Net Interest Income": -3450000.0,
        "Interest Expense": 3620000.0,
        "Interest Income": 170000.0,
        "Normalized Income": -16745000.0,
        "Net Income From Continuing And Discontinued Operation": -16745000.0,
        "Total Expenses": 62274000.0,
        "Total Operating Income As Reported": -13713000.0,
        "Diluted Average Shares": 25615444.0,
        "Basic Average Shares": 25615444.0,
        "Diluted EPS": -0.65,
        "Basic EPS": -0.65,
        "Diluted NI Availto Com Stockholders": -16745000.0,
        "Net Income Common Stockholders": -16745000.0,
        "Net Income": -16745000.0,
        "Net Income Including Noncontrolling Interests": -16745000.0,
        "Net Income Continuous Operations": -16745000.0,
        "Tax Provision": 925000.0,
        "Pretax Income": -15820000.0,
        "Other Income Expense": 1343000.0,
        "Other Non Operating Income Expenses": 1343000.0,
        "Special Income Charges": 0.0,
        "Other Special Charges": NaN,
        "Gain On Sale Of Security": NaN,
        "Net Non Operating Interest Income Expense": -3450000.0,
        "Interest Expense Non Operating": 3620000.0,
        "Interest Income Non Operating": 170000.0,
        "Operating Income": -13713000.0,
        "Operating Expense": 43974000.0,
        "Research And Development": 6947000.0,
        "Selling General And Administration": 37027000.0,
        "Gross Profit": 30261000.0,
        "Cost Of Revenue": 18300000.0,
        "Total Revenue": 48561000.0,
        "Operating Revenue": 48561000.0
    }
}