{
    "2023-03-31": {
        "Tax Effect Of Unusual Items": 0.0,
        "Tax Rate For Calcs": 0.21,
        "Normalized EBITDA": 207264000.0,
        "Total Unusual Items": NaN,
        "Total Unusual Items Excluding Goodwill": NaN,
        "Net Income From Continuing Operation Net Minority Interest": 101682000.0,
        "Reconciled Depreciation": 85609000.0,
        "Reconciled Cost Of Revenue": 85609000.0,
        "EBITDA": 207264000.0,
        "EBIT": 207264000.0,
        "Net Interest Income": -104957000.0,
        "Interest Expense": 104957000.0,
        "Normalized Income": 101682000.0,
        "Net Income From Continuing And Discontinued Operation": 101682000.0,
        "Total Expenses": 161093000.0,
        "Total Operating Income As Reported": 215244000.0,
        "Diluted Average Shares": 434254000.0,
        "Basic Average Shares": 433707000.0,
        "Diluted EPS": 0.2,
        "Basic EPS": 0.2,
        "Diluted NI Availto Com Stockholders": 87054000.0,
        "Net Income Common Stockholders": 87054000.0,
        "Preferred Stock Dividends": 14628000.0,
        "Net Income": 101682000.0,
        "Minority Interests": -4409000.0,
        "Net Income Including Noncontrolling Interests": 106091000.0,
        "Net Income Continuous Operations": 106091000.0,
        "Tax Provision": -3784000.0,
        "Pretax Income": 102307000.0,
        "Other Income Expense": -7980000.0,
        "Other Non Operating Income Expenses": -8102000.0,
        "Special Income Charges": NaN,
        "Other Special Charges": NaN,
        "Write Off": NaN,
        "Impairment Of Capital Assets": NaN,
        "Earnings From Equity Interest": 122000.0,
        "Net Non Operating Interest Income Expense": -104957000.0,
        "Interest Expense Non Operating": 104957000.0,
        "Operating Income": 215244000.0,
        "Operating Expense": 75484000.0,
        "Selling General And Administration": 32622000.0,
        "Gross Profit": 290728000.0,
        "Cost Of Revenue": 85609000.0,
        "Total Revenue": 376337000.0,
        "Operating Revenue": 376337000.0
    },
    "2022-12-31": {
        "Tax Effect Of Unusual Items": 0.0,
        "Tax Rate For Calcs": 0.21,
        "Normalized EBITDA": 185690000.0,
        "Total Unusual Items": 0.0,
        "Total Unusual Items Excluding Goodwill": 0.0,
        "Net Income From Continuing Operation Net Minority Interest": 80614000.0,
        "Reconciled Depreciation": 85128000.0,
        "Reconciled Cost Of Revenue": 85128000.0,
        "EBITDA": 185690000.0,
        "EBIT": 185690000.0,
        "Net Interest Income": -105010000.0,
        "Interest Expense": 105010000.0,
        "Normalized Income": 80614000.0,
        "Net Income From Continuing And Discontinued Operation": 80614000.0,
        "Total Expenses": 175373000.0,
        "Total Operating Income As Reported": 179866000.0,
        "Diluted Average Shares": 433365000.0,
        "Basic Average Shares": 433365000.0,
        "Diluted EPS": 0.15,
        "Basic EPS": 0.15,
        "Diluted NI Availto Com Stockholders": 65986000.0,
        "Net Income Common Stockholders": 65986000.0,
        "Preferred Stock Dividends": 14628000.0,
        "Net Income": 80614000.0,
        "Minority Interests": -1549000.0,
        "Net Income Including Noncontrolling Interests": 82163000.0,
        "Net Income Continuous Operations": 82163000.0,
        "Tax Provision": -1483000.0,
        "Pretax Income": 80680000.0,
        "Other Income Expense": 5824000.0,
        "Other Non Operating Income Expenses": 5747000.0,
        "Special Income Charges": 0.0,
        "Other Special Charges": 0.0,
        "Write Off": 0.0,
        "Impairment Of Capital Assets": 0.0,
        "Earnings From Equity Interest": 77000.0,
        "Net Non Operating Interest Income Expense": -105010000.0,
        "Interest Expense Non Operating": 105010000.0,
        "Operating Income": 179866000.0,
        "Operating Expense": 90245000.0,
        "Selling General And Administration": 36398000.0,
        "Gross Profit": 270111000.0,
        "Cost Of Revenue": 85128000.0,
        "Total Revenue": 355239000.0,
        "Operating Revenue": 355239000.0
    },
    "2022-09-30": {
        "Tax Effect Of Unusual Items": -1472450.73494,
        "Tax Rate For Calcs": 0.002525,
        "Normalized EBITDA": 179271000.0,
        "Total Unusual Items": -583057000.0,
        "Total Unusual Items Excluding Goodwill": -583057000.0,
        "Net Income From Continuing Operation Net Minority Interest": -506528000.0,
        "Reconciled Depreciation": 84776000.0,
        "Reconciled Cost Of Revenue": 84776000.0,
        "EBITDA": -403786000.0,
        "EBIT": -403786000.0,
        "Net Interest Income": -101085000.0,
        "Interest Expense": 101085000.0,
        "Normalized Income": 75056549.26506,
        "Net Income From Continuing And Discontinued Operation": -506528000.0,
        "Total Expenses": 153421000.0,
        "Total Operating Income As Reported": 178330000.0,
        "Diluted Average Shares": 433348000.0,
        "Basic Average Shares": 433348000.0,
        "Diluted EPS": -1.2,
        "Basic EPS": -1.2,
        "Diluted NI Availto Com Stockholders": -521156000.0,
        "Net Income Common Stockholders": -521156000.0,
        "Preferred Stock Dividends": 14628000.0,
        "Net Income": -506528000.0,
        "Minority Interests": -2932000.0,
        "Net Income Including Noncontrolling Interests": -503596000.0,
        "Net Income Continuous Operations": -503596000.0,
        "Tax Provision": -1275000.0,
        "Pretax Income": -504871000.0,
        "Other Income Expense": -582116000.0,
        "Other Non Operating Income Expenses": 893000.0,
        "Special Income Charges": -583057000.0,
        "Other Special Charges": NaN,
        "Write Off": 583057000.0,
        "Impairment Of Capital Assets": 0.0,
        "Earnings From Equity Interest": 48000.0,
        "Net Non Operating Interest Income Expense": -101085000.0,
        "Interest Expense Non Operating": 101085000.0,
        "Operating Income": 178330000.0,
        "Operating Expense": 68645000.0,
        "Selling General And Administration": 33348000.0,
        "Gross Profit": 246975000.0,
        "Cost Of Revenue": 84776000.0,
        "Total Revenue": 331751000.0,
        "Operating Revenue": 331751000.0
    },
    "2022-06-30": {
        "Tax Effect Of Unusual Items": -1172039.0,
        "Tax Rate For Calcs": 0.047,
        "Normalized EBITDA": 281372000.0,
        "Total Unusual Items": -24937000.0,
        "Total Unusual Items Excluding Goodwill": -24937000.0,
        "Net Income From Continuing Operation Net Minority Interest": 69858000.0,
        "Reconciled Depreciation": 83862000.0,
        "Reconciled Cost Of Revenue": 83862000.0,
        "EBITDA": 256435000.0,
        "EBIT": 172573000.0,
        "Net Interest Income": -95117000.0,
        "Interest Expense": 95117000.0,
        "Normalized Income": 93622961.0,
        "Net Income From Continuing And Discontinued Operation": 69858000.0,
        "Total Expenses": 145313000.0,
        "Total Operating Income As Reported": 183298000.0,
        "Diluted Average Shares": 434025000.0,
        "Basic Average Shares": 433333000.0,
        "Diluted EPS": 0.11,
        "Basic EPS": 0.11,
        "Diluted NI Availto Com Stockholders": 55230000.0,
        "Net Income Common Stockholders": 55230000.0,
        "Preferred Stock Dividends": 14628000.0,
        "Net Income": 69858000.0,
        "Minority Interests": -3948000.0,
        "Net Income Including Noncontrolling Interests": 73806000.0,
        "Net Income Continuous Operations": 73806000.0,
        "Tax Provision": 3650000.0,
        "Pretax Income": 77456000.0,
        "Other Income Expense": -10725000.0,
        "Other Non Operating Income Expenses": 14173000.0,
        "Special Income Charges": -24937000.0,
        "Other Special Charges": 24937000.0,
        "Write Off": NaN,
        "Impairment Of Capital Assets": 0.0,
        "Earnings From Equity Interest": 39000.0,
        "Net Non Operating Interest Income Expense": -95117000.0,
        "Interest Expense Non Operating": 95117000.0,
        "Operating Income": 183298000.0,
        "Operating Expense": 61451000.0,
        "Selling General And Administration": 29009000.0,
        "Gross Profit": 244749000.0,
        "Cost Of Revenue": 83862000.0,
        "Total Revenue": 328611000.0,
        "Operating Revenue": 328611000.0
    },
    "2023-06-30": {
        "Tax Effect Of Unusual Items": 0.0,
        "Tax Rate For Calcs": 0.007,
        "Normalized EBITDA": 259265000.0,
        "Total Unusual Items": 0.0,
        "Total Unusual Items Excluding Goodwill": 0.0,
        "Net Income From Continuing Operation Net Minority Interest": 67245000.0,
        "Reconciled Depreciation": 86236000.0,
        "Reconciled Cost Of Revenue": 86236000.0,
        "EBITDA": 259265000.0,
        "EBIT": 173029000.0,
        "Net Interest Income": -103644000.0,
        "Interest Expense": 103644000.0,
        "Normalized Income": 67245000.0,
        "Net Income From Continuing And Discontinued Operation": 67245000.0,
        "Total Expenses": 188935000.0,
        "Total Operating Income As Reported": 129534000.0,
        "Diluted Average Shares": 435476000.0,
        "Basic Average Shares": 433961000.0,
        "Diluted EPS": 0.12,
        "Basic EPS": 0.12,
        "Diluted NI Availto Com Stockholders": 52617000.0,
        "Net Income Common Stockholders": 52617000.0,
        "Preferred Stock Dividends": 14628000.0,
        "Net Income": 67245000.0,
        "Minority Interests": -1675000.0,
        "Net Income Including Noncontrolling Interests": 68920000.0,
        "Net Income Continuous Operations": 68920000.0,
        "Tax Provision": 465000.0,
        "Pretax Income": 69385000.0,
        "Other Income Expense": 43495000.0,
        "Other Non Operating Income Expenses": 19809000.0,
        "Special Income Charges": 0.0,
        "Other Special Charges": NaN,
        "Write Off": NaN,
        "Impairment Of Capital Assets": NaN,
        "Earnings From Equity Interest": 23686000.0,
        "Net Non Operating Interest Income Expense": -103644000.0,
        "Interest Expense Non Operating": 103644000.0,
        "Operating Income": 129534000.0,
        "Operating Expense": 102699000.0,
        "Selling General And Administration": 56932000.0,
        "Gross Profit": 232233000.0,
        "Cost Of Revenue": 86236000.0,
        "Total Revenue": 318469000.0,
        "Operating Revenue": 318469000.0
    },
    "2022-03-31": {
        "Diluted EPS": 0.19,
        "Total Revenue": 342,
        "Gross Profit": 309,
        "Operating Income": 196,
        "EBIT": 279,
        "Net Income": 80
    },
    "2021-12-31": {
        "Diluted EPS": -3.75,
        "Total Revenue": 247,
        "Gross Profit": 204,
        "Operating Income": 89,
        "EBIT": 172,
        "Net Income": NaN
    },
    "2021-09-30": {
        "Diluted EPS": 0.17,
        "Total Revenue": 342,
        "Gross Profit": 303,
        "Operating Income": 188,
        "EBIT": 270,
        "Net Income": 73
    },
    "2021-06-30": {
        "Diluted EPS": 0.05,
        "Total Revenue": 348,
        "Gross Profit": 310,
        "Operating Income": 133,
        "EBIT": 218,
        "Net Income": 22
    },
    "2021-03-31": {
        "Diluted EPS": 0.13,
        "Total Revenue": 380,
        "Gross Profit": 346,
        "Operating Income": 226,
        "EBIT": 310,
        "Net Income": 58
    },
    "2020-12-31": {
        "Diluted EPS": 0.31,
        "Total Revenue": 367,
        "Gross Profit": 327,
        "Operating Income": 207,
        "EBIT": 291,
        "Net Income": 113
    },
    "2020-09-30": {
        "Diluted EPS": 0.35,
        "Total Revenue": 350,
        "Gross Profit": 316,
        "Operating Income": 201,
        "EBIT": 283,
        "Net Income": 150
    },
    "2020-06-30": {
        "Diluted EPS": 0.1,
        "Total Revenue": 341,
        "Gross Profit": 299,
        "Operating Income": 175,
        "EBIT": 255,
        "Net Income": 27
    },
    "2020-03-31": {
        "Diluted EPS": 0.28,
        "Total Revenue": 453,
        "Gross Profit": 415,
        "Operating Income": 242,
        "EBIT": 318,
        "Net Income": 70
    },
    "2019-12-31": {
        "Diluted EPS": -1.05,
        "Total Revenue": 426,
        "Gross Profit": 378,
        "Operating Income": -312,
        "EBIT": -237,
        "Net Income": -269
    },
    "2019-09-30": {
        "Diluted EPS": -0.26,
        "Total Revenue": 408,
        "Gross Profit": 365,
        "Operating Income": -38,
        "EBIT": 36,
        "Net Income": -66
    },
    "2019-06-30": {
        "Diluted EPS": 0.29,
        "Total Revenue": 406,
        "Gross Profit": 360,
        "Operating Income": 166,
        "EBIT": 237,
        "Net Income": 75
    },
    "2019-03-31": {
        "Diluted EPS": 0.22,
        "Total Revenue": 390,
        "Gross Profit": 362,
        "Operating Income": 260,
        "EBIT": 321,
        "Net Income": 56
    },
    "2018-12-31": {
        "Diluted EPS": -0.18,
        "Total Revenue": 385,
        "Gross Profit": 340,
        "Operating Income": -59,
        "EBIT": 0,
        "Net Income": -48
    },
    "2018-09-30": {
        "Diluted EPS": 0.32,
        "Total Revenue": 365,
        "Gross Profit": 316,
        "Operating Income": 218,
        "EBIT": 272,
        "Net Income": 83
    },
    "2018-06-30": {
        "Diluted EPS": 0.4,
        "Total Revenue": 375,
        "Gross Profit": 331,
        "Operating Income": 235,
        "EBIT": 287,
        "Net Income": 101
    },
    "2018-03-31": {
        "Diluted EPS": 0.32,
        "Total Revenue": 371,
        "Gross Profit": 344,
        "Operating Income": 249,
        "EBIT": 301,
        "Net Income": 83
    },
    "2017-12-31": {
        "Diluted EPS": 0.0,
        "Total Revenue": NaN,
        "Gross Profit": NaN,
        "Operating Income": NaN,
        "EBIT": NaN,
        "Net Income": NaN
    },
    "2017-09-30": {
        "Diluted EPS": 0.0,
        "Total Revenue": 206,
        "Gross Profit": 187,
        "Operating Income": 141,
        "EBIT": 141,
        "Net Income": 33
    },
    "2016-12-31": {
        "Diluted EPS": 0.0,
        "Total Revenue": NaN,
        "Gross Profit": NaN,
        "Operating Income": NaN,
        "EBIT": NaN,
        "Net Income": NaN
    }
}