{
    "2023-03-31": {
        "Tax Effect Of Unusual Items": 0.0,
        "Tax Rate For Calcs": 0.082859,
        "Normalized EBITDA": 101371000.0,
        "Total Unusual Items": NaN,
        "Total Unusual Items Excluding Goodwill": NaN,
        "Net Income From Continuing Operation Net Minority Interest": 74537000.0,
        "Reconciled Depreciation": 23172000.0,
        "Reconciled Cost Of Revenue": 195453000.0,
        "EBITDA": 101371000.0,
        "EBIT": 78199000.0,
        "Normalized Income": 74537000.0,
        "Net Income From Continuing And Discontinued Operation": 74537000.0,
        "Total Expenses": 562678000.0,
        "Total Operating Income As Reported": 78199000.0,
        "Diluted Average Shares": 142965820.0,
        "Basic Average Shares": 124336969.0,
        "Diluted EPS": 0.53,
        "Basic EPS": 0.6,
        "Diluted NI Availto Com Stockholders": 74537000.0,
        "Average Dilution Earnings": 1595000.0,
        "Net Income Common Stockholders": 74537000.0,
        "Net Income": 74537000.0,
        "Net Income Including Noncontrolling Interests": 74537000.0,
        "Net Income Continuous Operations": 74537000.0,
        "Tax Provision": 6734000.0,
        "Pretax Income": 81271000.0,
        "Other Income Expense": 3072000.0,
        "Other Non Operating Income Expenses": 3072000.0,
        "Special Income Charges": NaN,
        "Impairment Of Capital Assets": NaN,
        "Operating Income": 78199000.0,
        "Operating Expense": 367225000.0,
        "Research And Development": 115924000.0,
        "Selling General And Administration": 251301000.0,
        "Selling And Marketing Expense": 171314000.0,
        "General And Administrative Expense": 79987000.0,
        "Other Gand A": 79987000.0,
        "Salaries And Wages": NaN,
        "Gross Profit": 445424000.0,
        "Cost Of Revenue": 195453000.0,
        "Total Revenue": 640877000.0,
        "Operating Revenue": 640877000.0
    },
    "2022-12-31": {
        "Tax Effect Of Unusual Items": 0.0,
        "Tax Rate For Calcs": 0.14342,
        "Normalized EBITDA": 162138000.0,
        "Total Unusual Items": 0.0,
        "Total Unusual Items Excluding Goodwill": 0.0,
        "Net Income From Continuing Operation Net Minority Interest": 109548000.0,
        "Reconciled Depreciation": 22794000.0,
        "Reconciled Cost Of Revenue": 225775000.0,
        "EBITDA": 162138000.0,
        "EBIT": 139344000.0,
        "Normalized Income": 109548000.0,
        "Net Income From Continuing And Discontinued Operation": 109548000.0,
        "Total Expenses": 667897000.0,
        "Total Operating Income As Reported": 139344000.0,
        "Diluted Average Shares": 143981481.0,
        "Basic Average Shares": 125656123.0,
        "Diluted EPS": 0.77,
        "Basic EPS": 0.87,
        "Diluted NI Availto Com Stockholders": 109548000.0,
        "Average Dilution Earnings": 0.0,
        "Net Income Common Stockholders": 109548000.0,
        "Net Income": 109548000.0,
        "Net Income Including Noncontrolling Interests": 109548000.0,
        "Net Income Continuous Operations": 109548000.0,
        "Tax Provision": 18342000.0,
        "Pretax Income": 127890000.0,
        "Other Income Expense": -11454000.0,
        "Other Non Operating Income Expenses": -11454000.0,
        "Special Income Charges": 0.0,
        "Impairment Of Capital Assets": 0.0,
        "Operating Income": 139344000.0,
        "Operating Expense": 442122000.0,
        "Research And Development": 112787000.0,
        "Selling General And Administration": 329335000.0,
        "Selling And Marketing Expense": 244809000.0,
        "General And Administrative Expense": 84526000.0,
        "Other Gand A": 84526000.0,
        "Salaries And Wages": NaN,
        "Gross Profit": 581466000.0,
        "Cost Of Revenue": 225775000.0,
        "Total Revenue": 807241000.0,
        "Operating Revenue": 807241000.0
    },
    "2022-09-30": {
        "Tax Effect Of Unusual Items": -219454620.0,
        "Tax Rate For Calcs": 0.21,
        "Normalized EBITDA": 1159391000.0,
        "Total Unusual Items": -1045022000.0,
        "Total Unusual Items Excluding Goodwill": -1045022000.0,
        "Net Income From Continuing Operation Net Minority Interest": -963068000.0,
        "Reconciled Depreciation": 24127000.0,
        "Reconciled Cost Of Revenue": 174401000.0,
        "EBITDA": 114369000.0,
        "EBIT": 90242000.0,
        "Normalized Income": -137500620.0,
        "Net Income From Continuing And Discontinued Operation": -963068000.0,
        "Total Expenses": 504227000.0,
        "Total Operating Income As Reported": -954780000.0,
        "Diluted Average Shares": 126349250.0,
        "Basic Average Shares": 126349250.0,
        "Diluted EPS": -7.62,
        "Basic EPS": -7.62,
        "Diluted NI Availto Com Stockholders": -963068000.0,
        "Average Dilution Earnings": 0.0,
        "Net Income Common Stockholders": -963068000.0,
        "Net Income": -963068000.0,
        "Net Income Including Noncontrolling Interests": -963068000.0,
        "Net Income Continuous Operations": -963068000.0,
        "Tax Provision": 14051000.0,
        "Pretax Income": -949017000.0,
        "Other Income Expense": -1039259000.0,
        "Other Non Operating Income Expenses": 5763000.0,
        "Special Income Charges": -1045022000.0,
        "Impairment Of Capital Assets": 1045022000.0,
        "Operating Income": 90242000.0,
        "Operating Expense": 329826000.0,
        "Research And Development": 108040000.0,
        "Selling General And Administration": 221786000.0,
        "Selling And Marketing Expense": 147242000.0,
        "General And Administrative Expense": 74544000.0,
        "Other Gand A": 74544000.0,
        "Salaries And Wages": NaN,
        "Gross Profit": 420068000.0,
        "Cost Of Revenue": 174401000.0,
        "Total Revenue": 594469000.0,
        "Operating Revenue": 594469000.0
    },
    "2022-06-30": {
        "Tax Effect Of Unusual Items": 0.0,
        "Tax Rate For Calcs": 0.000533,
        "Normalized EBITDA": 97588000.0,
        "Total Unusual Items": NaN,
        "Total Unusual Items Excluding Goodwill": NaN,
        "Net Income From Continuing Operation Net Minority Interest": 73123000.0,
        "Reconciled Depreciation": 25027000.0,
        "Reconciled Cost Of Revenue": 171421000.0,
        "EBITDA": 97588000.0,
        "EBIT": 72561000.0,
        "Normalized Income": 73123000.0,
        "Net Income From Continuing And Discontinued Operation": 73123000.0,
        "Total Expenses": 512574000.0,
        "Total Operating Income As Reported": 72561000.0,
        "Diluted Average Shares": 145683336.0,
        "Basic Average Shares": 127088053.0,
        "Diluted EPS": 0.51,
        "Basic EPS": 0.58,
        "Diluted NI Availto Com Stockholders": 73123000.0,
        "Average Dilution Earnings": 1591000.0,
        "Net Income Common Stockholders": 73123000.0,
        "Net Income": 73123000.0,
        "Net Income Including Noncontrolling Interests": 73123000.0,
        "Net Income Continuous Operations": 73123000.0,
        "Tax Provision": 39000.0,
        "Pretax Income": 73162000.0,
        "Other Income Expense": 601000.0,
        "Other Non Operating Income Expenses": 601000.0,
        "Special Income Charges": NaN,
        "Impairment Of Capital Assets": NaN,
        "Operating Income": 72561000.0,
        "Operating Expense": 341153000.0,
        "Research And Development": 102095000.0,
        "Selling General And Administration": 239058000.0,
        "Selling And Marketing Expense": 164068000.0,
        "General And Administrative Expense": 74990000.0,
        "Other Gand A": 74990000.0,
        "Salaries And Wages": NaN,
        "Gross Profit": 413714000.0,
        "Cost Of Revenue": 171421000.0,
        "Total Revenue": 585135000.0,
        "Operating Revenue": 585135000.0
    },
    "2023-06-30": {
        "Tax Effect Of Unusual Items": -14299110.0,
        "Tax Rate For Calcs": 0.21,
        "Normalized EBITDA": 156756000.0,
        "Total Unusual Items": -68091000.0,
        "Total Unusual Items Excluding Goodwill": -68091000.0,
        "Net Income From Continuing Operation Net Minority Interest": 61915000.0,
        "Reconciled Depreciation": 22946000.0,
        "Reconciled Cost Of Revenue": 188638000.0,
        "EBITDA": 88665000.0,
        "EBIT": 65719000.0,
        "Normalized Income": 115706890.0,
        "Net Income From Continuing And Discontinued Operation": 61915000.0,
        "Total Expenses": 563157000.0,
        "Total Operating Income As Reported": -2372000.0,
        "Diluted Average Shares": 141010561.0,
        "Basic Average Shares": 123463325.0,
        "Diluted EPS": 0.45,
        "Basic EPS": 0.5,
        "Diluted NI Availto Com Stockholders": 61915000.0,
        "Average Dilution Earnings": 1595000.0,
        "Net Income Common Stockholders": 61915000.0,
        "Net Income": 61915000.0,
        "Net Income Including Noncontrolling Interests": 61915000.0,
        "Net Income Continuous Operations": 61915000.0,
        "Tax Provision": -56501000.0,
        "Pretax Income": 5414000.0,
        "Other Income Expense": -60305000.0,
        "Other Non Operating Income Expenses": 7786000.0,
        "Special Income Charges": -68091000.0,
        "Impairment Of Capital Assets": 68091000.0,
        "Operating Income": 65719000.0,
        "Operating Expense": 374519000.0,
        "Research And Development": 121988000.0,
        "Selling General And Administration": 252531000.0,
        "Selling And Marketing Expense": 165870000.0,
        "General And Administrative Expense": 86661000.0,
        "Other Gand A": 86661000.0,
        "Salaries And Wages": 30890000.0,
        "Gross Profit": 440238000.0,
        "Cost Of Revenue": 188638000.0,
        "Total Revenue": 628876000.0,
        "Operating Revenue": 628876000.0
    },
    "2022-03-31": {
        "Diluted EPS": 0.6,
        "Total Revenue": 579,
        "Gross Profit": 406,
        "Operating Income": 84,
        "EBIT": 109,
        "Net Income": 86
    },
    "2021-12-31": {
        "Diluted EPS": 1.1,
        "Total Revenue": 717,
        "Gross Profit": 508,
        "Operating Income": 142,
        "EBIT": 167,
        "Net Income": 162
    },
    "2021-09-30": {
        "Diluted EPS": 0.62,
        "Total Revenue": 532,
        "Gross Profit": 379,
        "Operating Income": 84,
        "EBIT": 107,
        "Net Income": 90
    },
    "2021-06-30": {
        "Diluted EPS": 0.68,
        "Total Revenue": 529,
        "Gross Profit": 380,
        "Operating Income": 89,
        "EBIT": 102,
        "Net Income": 98
    },
    "2021-03-31": {
        "Diluted EPS": 1.0,
        "Total Revenue": 551,
        "Gross Profit": 408,
        "Operating Income": 151,
        "EBIT": 164,
        "Net Income": 144
    },
    "2020-12-31": {
        "Diluted EPS": 1.14,
        "Total Revenue": 617,
        "Gross Profit": 467,
        "Operating Income": 161,
        "EBIT": 174,
        "Net Income": 149
    },
    "2020-09-30": {
        "Diluted EPS": 0.7,
        "Total Revenue": 451,
        "Gross Profit": 331,
        "Operating Income": 118,
        "EBIT": 134,
        "Net Income": 92
    },
    "2020-06-30": {
        "Diluted EPS": 0.75,
        "Total Revenue": 429,
        "Gross Profit": 317,
        "Operating Income": 119,
        "EBIT": 133,
        "Net Income": 96
    },
    "2020-03-31": {
        "Diluted EPS": 0.1,
        "Total Revenue": 228,
        "Gross Profit": 146,
        "Operating Income": 25,
        "EBIT": 41,
        "Net Income": 13
    },
    "2019-12-31": {
        "Diluted EPS": 0.26,
        "Total Revenue": 270,
        "Gross Profit": 179,
        "Operating Income": 25,
        "EBIT": 42,
        "Net Income": 31
    },
    "2019-09-30": {
        "Diluted EPS": 0.12,
        "Total Revenue": 198,
        "Gross Profit": 129,
        "Operating Income": 14,
        "EBIT": 27,
        "Net Income": 15
    },
    "2019-06-30": {
        "Diluted EPS": 0.14,
        "Total Revenue": 181,
        "Gross Profit": 122,
        "Operating Income": 18,
        "EBIT": 28,
        "Net Income": 18
    },
    "2019-03-31": {
        "Diluted EPS": 0.24,
        "Total Revenue": 169,
        "Gross Profit": 117,
        "Operating Income": 32,
        "EBIT": 42,
        "Net Income": 32
    },
    "2018-12-31": {
        "Diluted EPS": 0.33,
        "Total Revenue": 200,
        "Gross Profit": 143,
        "Operating Income": 29,
        "EBIT": 38,
        "Net Income": 41
    },
    "2018-09-30": {
        "Diluted EPS": 0.15,
        "Total Revenue": 150,
        "Gross Profit": 103,
        "Operating Income": 19,
        "EBIT": 25,
        "Net Income": 20
    },
    "2018-06-30": {
        "Diluted EPS": 0.03,
        "Total Revenue": 132,
        "Gross Profit": 87,
        "Operating Income": 13,
        "EBIT": 19,
        "Net Income": 3
    },
    "2018-03-31": {
        "Diluted EPS": 0.1,
        "Total Revenue": 121,
        "Gross Profit": 80,
        "Operating Income": 14,
        "EBIT": 20,
        "Net Income": 13
    },
    "2017-12-31": {
        "Diluted EPS": 0.37,
        "Total Revenue": 136,
        "Gross Profit": 92,
        "Operating Income": 18,
        "EBIT": 25,
        "Net Income": 45
    },
    "2017-09-30": {
        "Diluted EPS": 0.21,
        "Total Revenue": 106,
        "Gross Profit": 70,
        "Operating Income": 7,
        "EBIT": 15,
        "Net Income": 26
    },
    "2017-06-30": {
        "Diluted EPS": 0.1,
        "Total Revenue": 102,
        "Gross Profit": 66,
        "Operating Income": -12,
        "EBIT": -5,
        "Net Income": 12
    },
    "2017-03-31": {
        "Diluted EPS": 0.0,
        "Total Revenue": 97,
        "Gross Profit": 62,
        "Operating Income": -2,
        "EBIT": 5,
        "Net Income": 0
    },
    "2016-12-31": {
        "Diluted EPS": -0.19,
        "Total Revenue": 110,
        "Gross Profit": 73,
        "Operating Income": 3,
        "EBIT": 15,
        "Net Income": -21
    },
    "2016-09-30": {
        "Diluted EPS": -0.02,
        "Total Revenue": 88,
        "Gross Profit": 58,
        "Operating Income": 3,
        "EBIT": 11,
        "Net Income": -2
    },
    "2016-06-30": {
        "Diluted EPS": -0.06,
        "Total Revenue": 85,
        "Gross Profit": 56,
        "Operating Income": 5,
        "EBIT": 10,
        "Net Income": -7
    },
    "2016-03-31": {
        "Diluted EPS": 0.01,
        "Total Revenue": 82,
        "Gross Profit": 54,
        "Operating Income": 7,
        "EBIT": 21,
        "Net Income": 1
    },
    "2015-12-31": {
        "Diluted EPS": 0.38,
        "Total Revenue": 88,
        "Gross Profit": 58,
        "Operating Income": 8,
        "EBIT": 15,
        "Net Income": -4
    },
    "2015-09-30": {
        "Diluted EPS": -0.06,
        "Total Revenue": 66,
        "Gross Profit": 42,
        "Operating Income": -2,
        "EBIT": 9,
        "Net Income": -7
    },
    "2015-06-30": {
        "Diluted EPS": -0.07,
        "Total Revenue": 61,
        "Gross Profit": 39,
        "Operating Income": -4,
        "EBIT": 3,
        "Net Income": -6
    },
    "2015-03-31": {
        "Diluted EPS": -0.84,
        "Total Revenue": 59,
        "Gross Profit": 38,
        "Operating Income": -5,
        "EBIT": 7,
        "Net Income": -37
    },
    "2014-12-31": {
        "Diluted EPS": -0.12,
        "Total Revenue": 65,
        "Gross Profit": 42,
        "Operating Income": 0,
        "EBIT": 5,
        "Net Income": -6
    },
    "2014-09-30": {
        "Diluted EPS": -0.15,
        "Total Revenue": 48,
        "Gross Profit": 30,
        "Operating Income": -3,
        "EBIT": 1,
        "Net Income": -6
    },
    "2014-06-30": {
        "Diluted EPS": -0.08,
        "Total Revenue": 43,
        "Gross Profit": 25,
        "Operating Income": -4,
        "EBIT": 0,
        "Net Income": -3
    },
    "2014-03-31": {
        "Diluted EPS": -0.01,
        "Total Revenue": 41,
        "Gross Profit": 25,
        "Operating Income": 0,
        "EBIT": 4,
        "Net Income": 0
    },
    "2013-12-31": {
        "Diluted EPS": 0.0,
        "Total Revenue": NaN,
        "Gross Profit": NaN,
        "Operating Income": NaN,
        "EBIT": NaN,
        "Net Income": NaN
    },
    "2012-12-31": {
        "Diluted EPS": 0.0,
        "Total Revenue": NaN,
        "Gross Profit": NaN,
        "Operating Income": NaN,
        "EBIT": NaN,
        "Net Income": NaN
    },
    "2023-09-30": {
        "Tax Effect Of Unusual Items": 0.0,
        "Tax Rate For Calcs": 0.094022,
        "Normalized EBITDA": 110728000.0,
        "Total Unusual Items": 0.0,
        "Total Unusual Items Excluding Goodwill": 0.0,
        "Net Income From Continuing Operation Net Minority Interest": 87850000.0,
        "Reconciled Depreciation": 22172000.0,
        "Reconciled Cost Of Revenue": 188827000.0,
        "EBITDA": 110728000.0,
        "EBIT": 88556000.0,
        "Normalized Income": 87850000.0,
        "Net Income From Continuing And Discontinued Operation": 87850000.0,
        "Total Expenses": 547746000.0,
        "Total Operating Income As Reported": 88556000.0,
        "Diluted Average Shares": 138890567.0,
        "Basic Average Shares": 121807908.0,
        "Diluted EPS": 0.64,
        "Basic EPS": 0.72,
        "Diluted NI Availto Com Stockholders": 87850000.0,
        "Average Dilution Earnings": 1583000.0,
        "Net Income Common Stockholders": 87850000.0,
        "Net Income": 87850000.0,
        "Net Income Including Noncontrolling Interests": 87850000.0,
        "Net Income Continuous Operations": 87850000.0,
        "Tax Provision": 9117000.0,
        "Pretax Income": 96967000.0,
        "Other Income Expense": 8411000.0,
        "Other Non Operating Income Expenses": 8411000.0,
        "Special Income Charges": 0.0,
        "Impairment Of Capital Assets": 0.0,
        "Operating Income": 88556000.0,
        "Operating Expense": 358919000.0,
        "Research And Development": 113932000.0,
        "Selling General And Administration": 244987000.0,
        "Selling And Marketing Expense": 160936000.0,
        "General And Administrative Expense": 84051000.0,
        "Other Gand A": 84051000.0,
        "Salaries And Wages": NaN,
        "Gross Profit": 447475000.0,
        "Cost Of Revenue": 188827000.0,
        "Total Revenue": 636302000.0,
        "Operating Revenue": 636302000.0
    }
}