{
    "2023-05-31": {
        "Tax Effect Of Unusual Items": NaN,
        "Tax Rate For Calcs": NaN,
        "Normalized EBITDA": NaN,
        "Total Unusual Items": NaN,
        "Total Unusual Items Excluding Goodwill": NaN,
        "Net Income From Continuing Operation Net Minority Interest": NaN,
        "Reconciled Depreciation": NaN,
        "Reconciled Cost Of Revenue": NaN,
        "EBITDA": NaN,
        "EBIT": NaN,
        "Net Interest Income": NaN,
        "Interest Expense": NaN,
        "Normalized Income": NaN,
        "Net Income From Continuing And Discontinued Operation": NaN,
        "Total Expenses": NaN,
        "Total Operating Income As Reported": NaN,
        "Diluted Average Shares": NaN,
        "Basic Average Shares": NaN,
        "Diluted EPS": NaN,
        "Basic EPS": NaN,
        "Diluted NI Availto Com Stockholders": NaN,
        "Net Income Common Stockholders": NaN,
        "Net Income": NaN,
        "Minority Interests": NaN,
        "Net Income Including Noncontrolling Interests": NaN,
        "Net Income Continuous Operations": NaN,
        "Tax Provision": NaN,
        "Pretax Income": NaN,
        "Other Income Expense": NaN,
        "Other Non Operating Income Expenses": -2460000.0,
        "Special Income Charges": NaN,
        "Impairment Of Capital Assets": NaN,
        "Restructuring And Mergern Acquisition": NaN,
        "Gain On Sale Of Security": NaN,
        "Net Non Operating Interest Income Expense": NaN,
        "Interest Expense Non Operating": NaN,
        "Operating Income": NaN,
        "Operating Expense": NaN,
        "Other Taxes": NaN,
        "Depreciation Amortization Depletion Income Statement": NaN,
        "Depreciation And Amortization In Income Statement": NaN,
        "Amortization": NaN,
        "Amortization Of Intangibles Income Statement": NaN,
        "Research And Development": NaN,
        "Selling General And Administration": NaN,
        "Selling And Marketing Expense": NaN,
        "General And Administrative Expense": NaN,
        "Other Gand A": NaN,
        "Gross Profit": NaN,
        "Cost Of Revenue": NaN,
        "Total Revenue": NaN,
        "Operating Revenue": NaN
    },
    "2023-02-28": {
        "Tax Effect Of Unusual Items": -110668339.424109,
        "Tax Rate For Calcs": 0.283972,
        "Normalized EBITDA": 43201000.0,
        "Total Unusual Items": -389715000.0,
        "Total Unusual Items Excluding Goodwill": -389715000.0,
        "Net Income From Continuing Operation Net Minority Interest": -273464000.0,
        "Reconciled Depreciation": 55252000.0,
        "Reconciled Cost Of Revenue": 44287000.0,
        "EBITDA": -346514000.0,
        "EBIT": -401766000.0,
        "Net Interest Income": -22099000.0,
        "Interest Expense": 22099000.0,
        "Normalized Income": 5582660.575891,
        "Net Income From Continuing And Discontinued Operation": -273464000.0,
        "Total Expenses": 166341000.0,
        "Total Operating Income As Reported": -388810000.0,
        "Diluted Average Shares": NaN,
        "Basic Average Shares": NaN,
        "Diluted EPS": NaN,
        "Basic EPS": NaN,
        "Diluted NI Availto Com Stockholders": -273464000.0,
        "Net Income Common Stockholders": -273464000.0,
        "Net Income": -273464000.0,
        "Minority Interests": 30035000.0,
        "Net Income Including Noncontrolling Interests": -303499000.0,
        "Net Income Continuous Operations": -303499000.0,
        "Tax Provision": -120366000.0,
        "Pretax Income": -423865000.0,
        "Other Income Expense": -401690000.0,
        "Other Non Operating Income Expenses": -11975000.0,
        "Special Income Charges": -390474000.0,
        "Impairment Of Capital Assets": 386750000.0,
        "Restructuring And Mergern Acquisition": 3724000.0,
        "Gain On Sale Of Security": 759000.0,
        "Net Non Operating Interest Income Expense": -22099000.0,
        "Interest Expense Non Operating": 22099000.0,
        "Operating Income": -76000.0,
        "Operating Expense": 87091000.0,
        "Depreciation Amortization Depletion Income Statement": 20289000.0,
        "Depreciation And Amortization In Income Statement": 20289000.0,
        "Amortization": 20289000.0,
        "Amortization Of Intangibles Income Statement": 20289000.0,
        "Research And Development": 24894000.0,
        "Selling General And Administration": 41908000.0,
        "Selling And Marketing Expense": 20612000.0,
        "General And Administrative Expense": 21296000.0,
        "Other Gand A": 21296000.0,
        "Gross Profit": 87015000.0,
        "Cost Of Revenue": 79250000.0,
        "Total Revenue": 166265000.0,
        "Operating Revenue": 166265000.0
    },
    "2022-11-30": {
        "Tax Effect Of Unusual Items": NaN,
        "Tax Rate For Calcs": NaN,
        "Normalized EBITDA": NaN,
        "Total Unusual Items": NaN,
        "Total Unusual Items Excluding Goodwill": NaN,
        "Net Income From Continuing Operation Net Minority Interest": NaN,
        "Reconciled Depreciation": NaN,
        "Reconciled Cost Of Revenue": NaN,
        "EBITDA": NaN,
        "EBIT": NaN,
        "Net Interest Income": NaN,
        "Interest Expense": NaN,
        "Normalized Income": NaN,
        "Net Income From Continuing And Discontinued Operation": NaN,
        "Total Expenses": NaN,
        "Total Operating Income As Reported": NaN,
        "Diluted Average Shares": 302359000.0,
        "Basic Average Shares": 302201000.0,
        "Diluted EPS": 0.02,
        "Basic EPS": 0.02,
        "Diluted NI Availto Com Stockholders": NaN,
        "Net Income Common Stockholders": NaN,
        "Net Income": NaN,
        "Minority Interests": NaN,
        "Net Income Including Noncontrolling Interests": NaN,
        "Net Income Continuous Operations": NaN,
        "Tax Provision": NaN,
        "Pretax Income": NaN,
        "Other Income Expense": NaN,
        "Other Non Operating Income Expenses": NaN,
        "Special Income Charges": NaN,
        "Impairment Of Capital Assets": NaN,
        "Restructuring And Mergern Acquisition": NaN,
        "Gain On Sale Of Security": NaN,
        "Net Non Operating Interest Income Expense": NaN,
        "Interest Expense Non Operating": NaN,
        "Operating Income": NaN,
        "Operating Expense": NaN,
        "Depreciation Amortization Depletion Income Statement": NaN,
        "Depreciation And Amortization In Income Statement": NaN,
        "Amortization": NaN,
        "Amortization Of Intangibles Income Statement": NaN,
        "Research And Development": NaN,
        "Selling General And Administration": NaN,
        "Selling And Marketing Expense": NaN,
        "General And Administrative Expense": NaN,
        "Other Gand A": NaN,
        "Gross Profit": NaN,
        "Cost Of Revenue": NaN,
        "Total Revenue": NaN,
        "Operating Revenue": NaN
    },
    "2022-08-31": {
        "Tax Effect Of Unusual Items": NaN,
        "Tax Rate For Calcs": NaN,
        "Normalized EBITDA": NaN,
        "Total Unusual Items": NaN,
        "Total Unusual Items Excluding Goodwill": NaN,
        "Net Income From Continuing Operation Net Minority Interest": NaN,
        "Reconciled Depreciation": NaN,
        "Reconciled Cost Of Revenue": NaN,
        "EBITDA": NaN,
        "EBIT": NaN,
        "Net Interest Income": NaN,
        "Interest Expense": NaN,
        "Normalized Income": NaN,
        "Net Income From Continuing And Discontinued Operation": NaN,
        "Total Expenses": NaN,
        "Total Operating Income As Reported": NaN,
        "Diluted Average Shares": 301898000.0,
        "Basic Average Shares": 301898000.0,
        "Diluted EPS": -1.22,
        "Basic EPS": -1.22,
        "Diluted NI Availto Com Stockholders": NaN,
        "Net Income Common Stockholders": NaN,
        "Net Income": NaN,
        "Minority Interests": NaN,
        "Net Income Including Noncontrolling Interests": NaN,
        "Net Income Continuous Operations": NaN,
        "Tax Provision": NaN,
        "Pretax Income": NaN,
        "Other Income Expense": NaN,
        "Other Non Operating Income Expenses": NaN,
        "Special Income Charges": NaN,
        "Impairment Of Capital Assets": NaN,
        "Restructuring And Mergern Acquisition": NaN,
        "Gain On Sale Of Security": NaN,
        "Net Non Operating Interest Income Expense": NaN,
        "Interest Expense Non Operating": NaN,
        "Operating Income": NaN,
        "Operating Expense": NaN,
        "Depreciation Amortization Depletion Income Statement": NaN,
        "Depreciation And Amortization In Income Statement": NaN,
        "Amortization": NaN,
        "Amortization Of Intangibles Income Statement": NaN,
        "Research And Development": NaN,
        "Selling General And Administration": NaN,
        "Selling And Marketing Expense": NaN,
        "General And Administrative Expense": NaN,
        "Other Gand A": NaN,
        "Gross Profit": NaN,
        "Cost Of Revenue": NaN,
        "Total Revenue": NaN,
        "Operating Revenue": NaN
    },
    "2022-05-31": {
        "Tax Effect Of Unusual Items": 1156400.0,
        "Tax Rate For Calcs": 0.4,
        "Normalized EBITDA": 47904000.0,
        "Total Unusual Items": 2891000.0,
        "Total Unusual Items Excluding Goodwill": 2891000.0,
        "Net Income From Continuing Operation Net Minority Interest": -11356000.0,
        "Reconciled Depreciation": 56472000.0,
        "Reconciled Cost Of Revenue": 43744000.0,
        "EBIT": -5677000.0,
        "Net Interest Income": -15413000.0,
        "Interest Expense": 15413000.0,
        "Normalized Income": -13090600.0,
        "Net Income From Continuing And Discontinued Operation": -11356000.0,
        "Total Expenses": 167279000.0,
        "Total Operating Income As Reported": -13662000.0,
        "Diluted Average Shares": 301373000.0,
        "Basic Average Shares": 301373000.0,
        "Diluted EPS": -0.04,
        "Basic EPS": -0.04,
        "Diluted NI Availto Com Stockholders": -11356000.0,
        "Average Dilution Earnings": 0.0,
        "Net Income Common Stockholders": -11356000.0,
        "Net Income": -11356000.0,
        "Minority Interests": 1265000.0,
        "Net Income Including Noncontrolling Interests": -12621000.0,
        "Net Income Continuous Operations": -12621000.0,
        "Tax Provision": -8469000.0,
        "Pretax Income": -21090000.0,
        "Other Income Expense": 1221000.0,
        "Other Non Operating Income Expenses": -1670000.0,
        "Special Income Charges": -2564000.0,
        "Impairment Of Capital Assets": NaN,
        "Restructuring And Mergern Acquisition": 2564000.0,
        "Gain On Sale Of Security": 5455000.0,
        "Net Non Operating Interest Income Expense": -15413000.0,
        "Interest Expense Non Operating": 15413000.0,
        "Operating Income": -6898000.0,
        "Operating Expense": 88598000.0,
        "Depreciation Amortization Depletion Income Statement": 21535000.0,
        "Depreciation And Amortization In Income Statement": 21535000.0,
        "Amortization": 21535000.0,
        "Amortization Of Intangibles Income Statement": 21535000.0,
        "Research And Development": 22562000.0,
        "Selling General And Administration": 44501000.0,
        "Selling And Marketing Expense": 24155000.0,
        "General And Administrative Expense": 20346000.0,
        "Other Gand A": 20346000.0,
        "Gross Profit": 81700000.0,
        "Cost Of Revenue": 78681000.0,
        "Total Revenue": 160381000.0,
        "Operating Revenue": 160381000.0
    },
    "2022-02-28": {
        "Diluted EPS": 0.38,
        "Total Revenue": 144,
        "Gross Profit": 72,
        "Operating Income": -23,
        "EBIT": 37,
        "Net Income": 56
    },
    "2021-11-30": {
        "Diluted EPS": -0.19,
        "Total Revenue": 137,
        "Gross Profit": 64,
        "Operating Income": -54,
        "EBIT": 2,
        "Net Income": -59
    },
    "2021-08-31": {
        "Diluted EPS": -0.11,
        "Total Revenue": 78,
        "Gross Profit": 39,
        "Operating Income": -13,
        "EBIT": 11,
        "Net Income": -21
    },
    "2021-05-31": {
        "Diluted EPS": -0.76,
        "Total Revenue": 66,
        "Gross Profit": 28,
        "Operating Income": -27,
        "EBIT": -5,
        "Net Income": -142
    },
    "2021-02-28": {
        "Diluted EPS": -0.12,
        "Total Revenue": 81,
        "Gross Profit": 43,
        "Operating Income": -118,
        "EBIT": -97,
        "Net Income": -12
    },
    "2020-11-30": {
        "Diluted EPS": -0.12,
        "Total Revenue": 84,
        "Gross Profit": 52,
        "Operating Income": 0,
        "EBIT": 20,
        "Net Income": -27
    },
    "2020-09-30": {
        "Diluted EPS": -0.07,
        "Total Revenue": NaN,
        "Gross Profit": NaN,
        "Operating Income": -1,
        "EBIT": -1,
        "Net Income": -1
    },
    "2020-08-31": {
        "Diluted EPS": -0.09,
        "Total Revenue": 82,
        "Gross Profit": 52,
        "Operating Income": 5,
        "EBIT": 24,
        "Net Income": -18
    },
    "2020-06-30": {
        "Diluted EPS": -0.01,
        "Total Revenue": NaN,
        "Gross Profit": NaN,
        "Operating Income": 0,
        "EBIT": 0,
        "Net Income": 0
    },
    "2020-05-31": {
        "Diluted EPS": 0.0,
        "Total Revenue": 83,
        "Gross Profit": 52,
        "Operating Income": 4,
        "EBIT": 23,
        "Net Income": -24
    },
    "2020-02-29": {
        "Diluted EPS": 0.0,
        "Total Revenue": NaN,
        "Gross Profit": NaN,
        "Operating Income": NaN,
        "EBIT": NaN,
        "Net Income": NaN
    },
    "2019-02-28": {
        "Diluted EPS": 0.0,
        "Total Revenue": NaN,
        "Gross Profit": NaN,
        "Operating Income": NaN,
        "EBIT": NaN,
        "Net Income": NaN
    },
    "2023-08-31": {
        "Tax Effect Of Unusual Items": NaN,
        "Tax Rate For Calcs": NaN,
        "Normalized EBITDA": NaN,
        "Total Unusual Items": NaN,
        "Total Unusual Items Excluding Goodwill": NaN,
        "Net Income From Continuing Operation Net Minority Interest": NaN,
        "Reconciled Depreciation": NaN,
        "Reconciled Cost Of Revenue": NaN,
        "EBITDA": NaN,
        "EBIT": NaN,
        "Net Interest Income": NaN,
        "Interest Expense": NaN,
        "Normalized Income": NaN,
        "Net Income From Continuing And Discontinued Operation": NaN,
        "Total Expenses": NaN,
        "Total Operating Income As Reported": NaN,
        "Diluted Average Shares": 303220000.0,
        "Basic Average Shares": 303220000.0,
        "Diluted EPS": -0.12,
        "Basic EPS": -0.12,
        "Diluted NI Availto Com Stockholders": NaN,
        "Net Income Common Stockholders": NaN,
        "Net Income": NaN,
        "Minority Interests": NaN,
        "Net Income Including Noncontrolling Interests": NaN,
        "Net Income Continuous Operations": NaN,
        "Tax Provision": NaN,
        "Pretax Income": NaN,
        "Other Income Expense": NaN,
        "Other Non Operating Income Expenses": 7927000.0,
        "Special Income Charges": NaN,
        "Impairment Of Capital Assets": NaN,
        "Restructuring And Mergern Acquisition": NaN,
        "Gain On Sale Of Security": NaN,
        "Net Non Operating Interest Income Expense": NaN,
        "Interest Expense Non Operating": NaN,
        "Operating Income": NaN,
        "Operating Expense": NaN,
        "Other Taxes": NaN,
        "Depreciation Amortization Depletion Income Statement": NaN,
        "Depreciation And Amortization In Income Statement": NaN,
        "Amortization": NaN,
        "Amortization Of Intangibles Income Statement": NaN,
        "Research And Development": NaN,
        "Selling General And Administration": NaN,
        "Selling And Marketing Expense": NaN,
        "General And Administrative Expense": NaN,
        "Other Gand A": NaN,
        "Gross Profit": NaN,
        "Cost Of Revenue": NaN,
        "Total Revenue": NaN,
        "Operating Revenue": NaN
    },
    "2023-11-30": {
        "Tax Effect Of Unusual Items": -4969944.0,
        "Tax Rate For Calcs": 0.007,
        "Normalized EBITDA": 44345000.0,
        "Total Unusual Items": -709992000.0,
        "Total Unusual Items Excluding Goodwill": -709992000.0,
        "Net Income From Continuing Operation Net Minority Interest": -667556000.0,
        "Reconciled Depreciation": 55154000.0,
        "Reconciled Cost Of Revenue": 43781000.0,
        "EBITDA": -665647000.0,
        "EBIT": -720801000.0,
        "Net Interest Income": -24643000.0,
        "Interest Expense": 24643000.0,
        "Normalized Income": 37466056.0,
        "Net Income From Continuing And Discontinued Operation": -667556000.0,
        "Total Expenses": 168306000.0,
        "Total Operating Income As Reported": -731406000.0,
        "Diluted Average Shares": 303848000.0,
        "Basic Average Shares": 303848000.0,
        "Diluted EPS": -2.2,
        "Basic EPS": -2.2,
        "Diluted NI Availto Com Stockholders": -667556000.0,
        "Net Income Common Stockholders": -667556000.0,
        "Net Income": -667556000.0,
        "Minority Interests": 72475000.0,
        "Net Income Including Noncontrolling Interests": -740031000.0,
        "Net Income Continuous Operations": -740031000.0,
        "Tax Provision": -5413000.0,
        "Pretax Income": -745444000.0,
        "Other Income Expense": -709992000.0,
        "Other Non Operating Income Expenses": 2888000.0,
        "Special Income Charges": -712609000.0,
        "Impairment Of Capital Assets": 717700000.0,
        "Restructuring And Mergern Acquisition": -5091000.0,
        "Gain On Sale Of Security": 2617000.0,
        "Net Non Operating Interest Income Expense": -24643000.0,
        "Interest Expense Non Operating": 24643000.0,
        "Operating Income": -10809000.0,
        "Operating Expense": 89385000.0,
        "Other Taxes": -2888000.0,
        "Depreciation Amortization Depletion Income Statement": 20014000.0,
        "Depreciation And Amortization In Income Statement": 20014000.0,
        "Amortization": 20014000.0,
        "Amortization Of Intangibles Income Statement": 20014000.0,
        "Research And Development": 24937000.0,
        "Selling General And Administration": 47322000.0,
        "Selling And Marketing Expense": 22583000.0,
        "General And Administrative Expense": 24739000.0,
        "Other Gand A": 24739000.0,
        "Gross Profit": 78576000.0,
        "Cost Of Revenue": 78921000.0,
        "Total Revenue": 157497000.0,
        "Operating Revenue": 157497000.0
    },
    "2024-02-29": {
        "Tax Effect Of Unusual Items": -1483793.044154,
        "Tax Rate For Calcs": 0.158069,
        "Normalized EBITDA": 37811000.0,
        "Total Unusual Items": -9387000.0,
        "Total Unusual Items Excluding Goodwill": -9387000.0,
        "Net Income From Continuing Operation Net Minority Interest": -42201000.0,
        "Reconciled Depreciation": 55934000.0,
        "Reconciled Cost Of Revenue": 42125000.0,
        "EBITDA": 28424000.0,
        "EBIT": -27510000.0,
        "Net Interest Income": -26574000.0,
        "Interest Expense": 26574000.0,
        "Normalized Income": -34297793.044154,
        "Net Income From Continuing And Discontinued Operation": -42201000.0,
        "Total Expenses": 176572000.0,
        "Total Operating Income As Reported": -13622000.0,
        "Diluted Average Shares": NaN,
        "Basic Average Shares": NaN,
        "Diluted EPS": NaN,
        "Basic EPS": NaN,
        "Diluted NI Availto Com Stockholders": -42201000.0,
        "Net Income Common Stockholders": -42201000.0,
        "Net Income": -42201000.0,
        "Minority Interests": 3334000.0,
        "Net Income Including Noncontrolling Interests": -45535000.0,
        "Net Income Continuous Operations": -45535000.0,
        "Tax Provision": -8549000.0,
        "Pretax Income": -54084000.0,
        "Other Income Expense": -9387000.0,
        "Other Non Operating Income Expenses": -6165000.0,
        "Special Income Charges": -5504000.0,
        "Impairment Of Capital Assets": 0.0,
        "Restructuring And Mergern Acquisition": 5504000.0,
        "Gain On Sale Of Security": -3883000.0,
        "Net Non Operating Interest Income Expense": -26574000.0,
        "Interest Expense Non Operating": 26574000.0,
        "Operating Income": -18123000.0,
        "Operating Expense": 98654000.0,
        "Other Taxes": 6165000.0,
        "Depreciation Amortization Depletion Income Statement": 20141000.0,
        "Depreciation And Amortization In Income Statement": 20141000.0,
        "Amortization": 20141000.0,
        "Amortization Of Intangibles Income Statement": 20141000.0,
        "Research And Development": 25672000.0,
        "Selling General And Administration": 46676000.0,
        "Selling And Marketing Expense": 24042000.0,
        "General And Administrative Expense": 22634000.0,
        "Other Gand A": 22634000.0,
        "Gross Profit": 80531000.0,
        "Cost Of Revenue": 77918000.0,
        "Total Revenue": 158449000.0,
        "Operating Revenue": 158449000.0
    },
    "2024-05-31": {
        "Tax Effect Of Unusual Items": 51514.0,
        "Tax Rate For Calcs": 0.043,
        "Normalized EBITDA": 34791000.0,
        "Total Unusual Items": 1198000.0,
        "Total Unusual Items Excluding Goodwill": 1198000.0,
        "Net Income From Continuing Operation Net Minority Interest": -38862000.0,
        "Reconciled Depreciation": 55327000.0,
        "Reconciled Cost Of Revenue": 43262000.0,
        "EBITDA": 35989000.0,
        "EBIT": -19338000.0,
        "Net Interest Income": -25373000.0,
        "Interest Expense": 25373000.0,
        "Normalized Income": -40008486.0,
        "Net Income From Continuing And Discontinued Operation": -38862000.0,
        "Total Expenses": 171699000.0,
        "Total Operating Income As Reported": -16845000.0,
        "Diluted Average Shares": 306732000.0,
        "Basic Average Shares": 306732000.0,
        "Diluted EPS": -0.13,
        "Basic EPS": -0.13,
        "Diluted NI Availto Com Stockholders": -38862000.0,
        "Net Income Common Stockholders": -38862000.0,
        "Net Income": -38862000.0,
        "Minority Interests": 3926000.0,
        "Net Income Including Noncontrolling Interests": -42788000.0,
        "Net Income Continuous Operations": -42788000.0,
        "Tax Provision": -1923000.0,
        "Pretax Income": -44711000.0,
        "Other Income Expense": 1198000.0,
        "Other Non Operating Income Expenses": -3974000.0,
        "Special Income Charges": -2563000.0,
        "Impairment Of Capital Assets": 0.0,
        "Restructuring And Mergern Acquisition": 2563000.0,
        "Gain On Sale Of Security": 3761000.0,
        "Net Non Operating Interest Income Expense": -25373000.0,
        "Interest Expense Non Operating": 25373000.0,
        "Operating Income": -20536000.0,
        "Operating Expense": 93196000.0,
        "Other Taxes": 3974000.0,
        "Depreciation Amortization Depletion Income Statement": 20086000.0,
        "Depreciation And Amortization In Income Statement": 20086000.0,
        "Amortization": 20086000.0,
        "Amortization Of Intangibles Income Statement": 20086000.0,
        "Research And Development": 24797000.0,
        "Selling General And Administration": 44339000.0,
        "Selling And Marketing Expense": 20996000.0,
        "General And Administrative Expense": 23343000.0,
        "Other Gand A": 23343000.0,
        "Gross Profit": 72660000.0,
        "Cost Of Revenue": 78503000.0,
        "Total Revenue": 151163000.0,
        "Operating Revenue": 151163000.0
    },
    "2024-08-31": {
        "Tax Effect Of Unusual Items": 990990.0,
        "Tax Rate For Calcs": 0.21,
        "Normalized EBITDA": 44750000.0,
        "Total Unusual Items": 4719000.0,
        "Total Unusual Items Excluding Goodwill": 4719000.0,
        "Net Income From Continuing Operation Net Minority Interest": -29863000.0,
        "Reconciled Depreciation": 55223000.0,
        "Reconciled Cost Of Revenue": 42467000.0,
        "EBITDA": 49469000.0,
        "EBIT": -5754000.0,
        "Net Interest Income": -25150000.0,
        "Interest Expense": 25150000.0,
        "Normalized Income": -33591010.0,
        "Net Income From Continuing And Discontinued Operation": -29863000.0,
        "Total Expenses": 162665000.0,
        "Total Operating Income As Reported": -15101000.0,
        "Diluted Average Shares": 308059000.0,
        "Basic Average Shares": 308059000.0,
        "Diluted EPS": -0.1,
        "Basic EPS": -0.1,
        "Diluted NI Availto Com Stockholders": -29863000.0,
        "Net Income Common Stockholders": -29863000.0,
        "Net Income": -29863000.0,
        "Minority Interests": 2990000.0,
        "Net Income Including Noncontrolling Interests": -32853000.0,
        "Net Income Continuous Operations": -32853000.0,
        "Tax Provision": 1949000.0,
        "Pretax Income": -30904000.0,
        "Other Income Expense": 4719000.0,
        "Other Non Operating Income Expenses": NaN,
        "Special Income Charges": 320000.0,
        "Impairment Of Capital Assets": 0.0,
        "Restructuring And Mergern Acquisition": -320000.0,
        "Gain On Sale Of Security": 4399000.0,
        "Net Non Operating Interest Income Expense": -25150000.0,
        "Interest Expense Non Operating": 25150000.0,
        "Operating Income": -10473000.0,
        "Operating Expense": 85118000.0,
        "Other Taxes": -2908000.0,
        "Depreciation Amortization Depletion Income Statement": 20143000.0,
        "Depreciation And Amortization In Income Statement": 20143000.0,
        "Amortization": 20143000.0,
        "Amortization Of Intangibles Income Statement": 20143000.0,
        "Research And Development": 25979000.0,
        "Selling General And Administration": 41904000.0,
        "Selling And Marketing Expense": 20325000.0,
        "General And Administrative Expense": 21579000.0,
        "Other Gand A": 21579000.0,
        "Gross Profit": 74645000.0,
        "Cost Of Revenue": 77547000.0,
        "Total Revenue": 152192000.0,
        "Operating Revenue": 152192000.0
    },
    "2024-11-30": {
        "Tax Effect Of Unusual Items": -2194164.0,
        "Tax Rate For Calcs": 0.006,
        "Normalized EBITDA": 46320000.0,
        "Total Unusual Items": -365694000.0,
        "Total Unusual Items Excluding Goodwill": -365694000.0,
        "Net Income From Continuing Operation Net Minority Interest": -346910000.0,
        "Reconciled Depreciation": 39278000.0,
        "Reconciled Cost Of Revenue": 42246000.0,
        "EBITDA": -319374000.0,
        "EBIT": -358652000.0,
        "Net Interest Income": -25423000.0,
        "Interest Expense": 25423000.0,
        "Normalized Income": 16589836.0,
        "Net Income From Continuing And Discontinued Operation": -346910000.0,
        "Total Expenses": 144613000.0,
        "Total Operating Income As Reported": -374775000.0,
        "Diluted Average Shares": 308904000.0,
        "Basic Average Shares": 308904000.0,
        "Diluted EPS": -1.12,
        "Basic EPS": -1.12,
        "Diluted NI Availto Com Stockholders": -346910000.0,
        "Net Income Common Stockholders": -346910000.0,
        "Net Income": -346910000.0,
        "Minority Interests": 34734000.0,
        "Net Income Including Noncontrolling Interests": -381644000.0,
        "Net Income Continuous Operations": -381644000.0,
        "Tax Provision": -2431000.0,
        "Pretax Income": -384075000.0,
        "Other Income Expense": -365694000.0,
        "Other Non Operating Income Expenses": NaN,
        "Special Income Charges": -370587000.0,
        "Impairment Of Capital Assets": 379100000.0,
        "Restructuring And Mergern Acquisition": -8513000.0,
        "Gain On Sale Of Security": 4893000.0,
        "Net Non Operating Interest Income Expense": -25423000.0,
        "Interest Expense Non Operating": 25423000.0,
        "Operating Income": 7042000.0,
        "Operating Expense": 68700000.0,
        "Other Taxes": -2530000.0,
        "Depreciation Amortization Depletion Income Statement": 5611000.0,
        "Depreciation And Amortization In Income Statement": 5611000.0,
        "Amortization": 5611000.0,
        "Amortization Of Intangibles Income Statement": 5611000.0,
        "Research And Development": 23259000.0,
        "Selling General And Administration": 42360000.0,
        "Selling And Marketing Expense": 21529000.0,
        "General And Administrative Expense": 20831000.0,
        "Other Gand A": 20831000.0,
        "Gross Profit": 75742000.0,
        "Cost Of Revenue": 75913000.0,
        "Total Revenue": 151655000.0,
        "Operating Revenue": 151655000.0
    }
}