{
    "2023-03-31": {
        "Tax Effect Of Unusual Items": 5516000.0,
        "Tax Rate For Calcs": 0.25,
        "Normalized EBITDA": 243139000.0,
        "Total Unusual Items": 22064000.0,
        "Total Unusual Items Excluding Goodwill": 22064000.0,
        "Net Income From Continuing Operation Net Minority Interest": 175046000.0,
        "Reconciled Depreciation": 56284000.0,
        "Reconciled Cost Of Revenue": 147953000.0,
        "EBITDA": 265203000.0,
        "EBIT": 208919000.0,
        "Net Interest Income": -30462000.0,
        "Interest Expense": 37151000.0,
        "Interest Income": 6689000.0,
        "Normalized Income": 158498000.0,
        "Net Income From Continuing And Discontinued Operation": 175046000.0,
        "Total Expenses": 159783000.0,
        "Rent Expense Supplemental": 778000.0,
        "Total Operating Income As Reported": 202236000.0,
        "Diluted Average Shares": 201965893.0,
        "Basic Average Shares": 201783532.0,
        "Diluted EPS": 0.87,
        "Basic EPS": 0.87,
        "Diluted NI Availto Com Stockholders": 175046000.0,
        "Net Income Common Stockholders": 175046000.0,
        "Net Income": 175046000.0,
        "Net Income Including Noncontrolling Interests": 175046000.0,
        "Net Income Continuous Operations": 175046000.0,
        "Earnings From Equity Interest Net Of Tax": NaN,
        "Tax Provision": -3278000.0,
        "Pretax Income": 171768000.0,
        "Other Income Expense": 22058000.0,
        "Special Income Charges": 22064000.0,
        "Gain On Sale Of Ppe": 22064000.0,
        "Earnings From Equity Interest": -6000.0,
        "Net Non Operating Interest Income Expense": -30462000.0,
        "Interest Expense Non Operating": 37151000.0,
        "Interest Income Non Operating": 6689000.0,
        "Operating Income": 180172000.0,
        "Operating Expense": 11830000.0,
        "Other Operating Expenses": -4694000.0,
        "Selling General And Administration": 16524000.0,
        "General And Administrative Expense": 16524000.0,
        "Other Gand A": 16524000.0,
        "Gross Profit": 192002000.0,
        "Cost Of Revenue": 147953000.0,
        "Total Revenue": 339955000.0,
        "Operating Revenue": 339955000.0
    },
    "2022-12-31": {
        "Tax Effect Of Unusual Items": 121484.654489,
        "Tax Rate For Calcs": 0.002877,
        "Normalized EBITDA": 258790000.0,
        "Total Unusual Items": 42222000.0,
        "Total Unusual Items Excluding Goodwill": 42222000.0,
        "Net Income From Continuing Operation Net Minority Interest": 235079000.0,
        "Reconciled Depreciation": 57555000.0,
        "Reconciled Cost Of Revenue": 162170000.0,
        "EBITDA": 301012000.0,
        "EBIT": 243457000.0,
        "Net Interest Income": -3431000.0,
        "Interest Expense": -9907000.0,
        "Interest Income": -7408000.0,
        "Normalized Income": 192978484.654489,
        "Net Income From Continuing And Discontinued Operation": 235079000.0,
        "Total Expenses": 171145000.0,
        "Rent Expense Supplemental": 941000.0,
        "Total Operating Income As Reported": 259492000.0,
        "Diluted Average Shares": NaN,
        "Basic Average Shares": NaN,
        "Diluted EPS": NaN,
        "Basic EPS": NaN,
        "Diluted NI Availto Com Stockholders": 235079000.0,
        "Net Income Common Stockholders": 235079000.0,
        "Net Income": 235079000.0,
        "Net Income Including Noncontrolling Interests": 235079000.0,
        "Net Income Continuous Operations": 235079000.0,
        "Earnings From Equity Interest Net Of Tax": NaN,
        "Tax Provision": 729000.0,
        "Pretax Income": 253364000.0,
        "Other Income Expense": 59872000.0,
        "Special Income Charges": 62569000.0,
        "Gain On Sale Of Ppe": 62569000.0,
        "Earnings From Equity Interest": NaN,
        "Net Non Operating Interest Income Expense": -3431000.0,
        "Interest Expense Non Operating": -9907000.0,
        "Interest Income Non Operating": -7408000.0,
        "Operating Income": 196923000.0,
        "Operating Expense": 8975000.0,
        "Other Operating Expenses": -4888000.0,
        "Selling General And Administration": 9520000.0,
        "General And Administrative Expense": 9520000.0,
        "Other Gand A": -146000.0,
        "Gross Profit": 205898000.0,
        "Cost Of Revenue": 162170000.0,
        "Total Revenue": 368068000.0,
        "Operating Revenue": 368068000.0
    },
    "2022-09-30": {
        "Tax Effect Of Unusual Items": 8116230.062549,
        "Tax Rate For Calcs": 0.341966,
        "Normalized EBITDA": 117435000.0,
        "Total Unusual Items": 23734000.0,
        "Total Unusual Items Excluding Goodwill": 23734000.0,
        "Net Income From Continuing Operation Net Minority Interest": 16448000.0,
        "Reconciled Depreciation": 58791000.0,
        "Reconciled Cost Of Revenue": 170797000.0,
        "EBITDA": 141169000.0,
        "EBIT": 82378000.0,
        "Net Interest Income": -43961000.0,
        "Interest Expense": 61914000.0,
        "Interest Income": 13316000.0,
        "Normalized Income": 830230.062549,
        "Net Income From Continuing And Discontinued Operation": 16448000.0,
        "Total Expenses": 182848000.0,
        "Rent Expense Supplemental": 372000.0,
        "Total Operating Income As Reported": 40691000.0,
        "Diluted Average Shares": 201963672.0,
        "Basic Average Shares": 201784320.0,
        "Diluted EPS": 0.08,
        "Basic EPS": 0.08,
        "Diluted NI Availto Com Stockholders": 16448000.0,
        "Net Income Common Stockholders": 16448000.0,
        "Net Income": 16448000.0,
        "Net Income Including Noncontrolling Interests": 16448000.0,
        "Net Income Continuous Operations": 16448000.0,
        "Earnings From Equity Interest Net Of Tax": 2982000.0,
        "Tax Provision": 6998000.0,
        "Pretax Income": 20464000.0,
        "Other Income Expense": 23734000.0,
        "Special Income Charges": 0.0,
        "Gain On Sale Of Ppe": 0.0,
        "Earnings From Equity Interest": NaN,
        "Net Non Operating Interest Income Expense": -43961000.0,
        "Interest Expense Non Operating": 61914000.0,
        "Interest Income Non Operating": 13316000.0,
        "Operating Income": 40691000.0,
        "Operating Expense": 12051000.0,
        "Other Operating Expenses": -2746000.0,
        "Selling General And Administration": 16529000.0,
        "General And Administrative Expense": 16529000.0,
        "Other Gand A": 25488000.0,
        "Gross Profit": 52742000.0,
        "Cost Of Revenue": 170797000.0,
        "Total Revenue": 223539000.0,
        "Operating Revenue": 223539000.0
    },
    "2022-06-30": {
        "Tax Effect Of Unusual Items": -1313580.246914,
        "Tax Rate For Calcs": 0.329218,
        "Normalized EBITDA": 38251000.0,
        "Total Unusual Items": -3990000.0,
        "Total Unusual Items Excluding Goodwill": -3990000.0,
        "Net Income From Continuing Operation Net Minority Interest": -4904000.0,
        "Reconciled Depreciation": 53650000.0,
        "Reconciled Cost Of Revenue": 147894000.0,
        "EBITDA": 34261000.0,
        "EBIT": -19389000.0,
        "Net Interest Income": -4475000.0,
        "Interest Expense": -4323000.0,
        "Interest Income": -4161000.0,
        "Normalized Income": -2227580.246914,
        "Net Income From Continuing And Discontinued Operation": -4904000.0,
        "Total Expenses": 155295000.0,
        "Rent Expense Supplemental": 866000.0,
        "Total Operating Income As Reported": 13143000.0,
        "Diluted Average Shares": 202305037.0,
        "Basic Average Shares": 201745627.0,
        "Diluted EPS": -0.02,
        "Basic EPS": -0.02,
        "Diluted NI Availto Com Stockholders": -4904000.0,
        "Net Income Common Stockholders": -4904000.0,
        "Net Income": -4904000.0,
        "Net Income Including Noncontrolling Interests": -4904000.0,
        "Net Income Continuous Operations": -4904000.0,
        "Earnings From Equity Interest Net Of Tax": 5202000.0,
        "Tax Provision": -4960000.0,
        "Pretax Income": -15066000.0,
        "Other Income Expense": -3990000.0,
        "Special Income Charges": 19744000.0,
        "Gain On Sale Of Ppe": 19744000.0,
        "Earnings From Equity Interest": NaN,
        "Net Non Operating Interest Income Expense": -4475000.0,
        "Interest Expense Non Operating": -4323000.0,
        "Interest Income Non Operating": -4161000.0,
        "Operating Income": -6601000.0,
        "Operating Expense": 7401000.0,
        "Other Operating Expenses": -5247000.0,
        "Selling General And Administration": 10916000.0,
        "General And Administrative Expense": 10916000.0,
        "Other Gand A": 1957000.0,
        "Gross Profit": 800000.0,
        "Cost Of Revenue": 147894000.0,
        "Total Revenue": 148694000.0,
        "Operating Revenue": 148694000.0
    },
    "2022-03-31": {
        "Diluted EPS": -0.21,
        "Total Revenue": 130,
        "Gross Profit": 44,
        "Operating Income": -19,
        "EBIT": 34,
        "Net Income": -43
    },
    "2021-03-31": {
        "Diluted EPS": -0.35,
        "Total Revenue": 112,
        "Gross Profit": 30,
        "Operating Income": -61,
        "EBIT": 23,
        "Net Income": -71
    },
    "2020-03-31": {
        "Diluted EPS": 1.05,
        "Total Revenue": 428,
        "Gross Profit": 341,
        "Operating Income": 242,
        "EBIT": 325,
        "Net Income": 226
    },
    "2019-03-31": {
        "Diluted EPS": 0.09,
        "Total Revenue": 235,
        "Gross Profit": 143,
        "Operating Income": 39,
        "EBIT": 123,
        "Net Income": 20
    },
    "2018-03-31": {
        "Diluted EPS": -0.25,
        "Total Revenue": 99,
        "Gross Profit": 35,
        "Operating Income": -32,
        "EBIT": 21,
        "Net Income": -39
    },
    "2017-03-31": {
        "Diluted EPS": 0.22,
        "Total Revenue": 165,
        "Gross Profit": 103,
        "Operating Income": 35,
        "EBIT": 92,
        "Net Income": 34
    },
    "2016-03-31": {
        "Diluted EPS": 0.72,
        "Total Revenue": 230,
        "Gross Profit": 174,
        "Operating Income": 111,
        "EBIT": 164,
        "Net Income": 114
    },
    "2015-12-31": {
        "Diluted EPS": 0.66,
        "Total Revenue": 226,
        "Gross Profit": 226,
        "Operating Income": 226,
        "EBIT": 281,
        "Net Income": 105
    },
    "2015-09-30": {
        "Diluted EPS": 0.46,
        "Total Revenue": 204,
        "Gross Profit": 204,
        "Operating Income": 204,
        "EBIT": 258,
        "Net Income": 72
    },
    "2015-06-30": {
        "Diluted EPS": 0.59,
        "Total Revenue": 212,
        "Gross Profit": 212,
        "Operating Income": 212,
        "EBIT": 265,
        "Net Income": 92
    },
    "2015-03-31": {
        "Diluted EPS": 0.54,
        "Total Revenue": 209,
        "Gross Profit": 141,
        "Operating Income": 82,
        "EBIT": 131,
        "Net Income": 81
    },
    "2014-12-31": {
        "Diluted EPS": -0.03,
        "Total Revenue": 145,
        "Gross Profit": 145,
        "Operating Income": 145,
        "EBIT": 145,
        "Net Income": -4
    },
    "2014-09-30": {
        "Diluted EPS": 0.45,
        "Total Revenue": 204,
        "Gross Profit": 204,
        "Operating Income": 204,
        "EBIT": 204,
        "Net Income": 72
    },
    "2014-06-30": {
        "Diluted EPS": -0.21,
        "Total Revenue": 105,
        "Gross Profit": 105,
        "Operating Income": 105,
        "EBIT": 105,
        "Net Income": -23
    },
    "2014-03-31": {
        "Diluted EPS": 0.01,
        "Total Revenue": 106,
        "Gross Profit": 106,
        "Operating Income": 106,
        "EBIT": 106,
        "Net Income": 1
    },
    "2013-12-31": {
        "Diluted EPS": 0.0,
        "Total Revenue": NaN,
        "Gross Profit": NaN,
        "Operating Income": NaN,
        "EBIT": NaN,
        "Net Income": NaN
    },
    "2023-06-30": {
        "Tax Effect Of Unusual Items": 0.0,
        "Tax Rate For Calcs": 0.008929,
        "Normalized EBITDA": 265408000.0,
        "Total Unusual Items": 0.0,
        "Total Unusual Items Excluding Goodwill": 0.0,
        "Net Income From Continuing Operation Net Minority Interest": 161820000.0,
        "Reconciled Depreciation": 55623000.0,
        "Reconciled Cost Of Revenue": 155047000.0,
        "EBITDA": 265408000.0,
        "EBIT": 209785000.0,
        "Net Interest Income": -29682000.0,
        "Interest Expense": 46498000.0,
        "Interest Income": 16816000.0,
        "Normalized Income": 161820000.0,
        "Net Income From Continuing And Discontinued Operation": 161820000.0,
        "Total Expenses": 155198000.0,
        "Rent Expense Supplemental": 753000.0,
        "Total Operating Income As Reported": 192963000.0,
        "Diluted Average Shares": NaN,
        "Basic Average Shares": NaN,
        "Diluted EPS": NaN,
        "Basic EPS": NaN,
        "Diluted NI Availto Com Stockholders": 161820000.0,
        "Net Income Common Stockholders": 161820000.0,
        "Net Income": 161820000.0,
        "Net Income Including Noncontrolling Interests": 161820000.0,
        "Net Income Continuous Operations": 161820000.0,
        "Earnings From Equity Interest Net Of Tax": NaN,
        "Tax Provision": 1458000.0,
        "Pretax Income": 163287000.0,
        "Other Income Expense": 6000.0,
        "Special Income Charges": 0.0,
        "Gain On Sale Of Ppe": 0.0,
        "Earnings From Equity Interest": NaN,
        "Net Non Operating Interest Income Expense": -29682000.0,
        "Interest Expense Non Operating": 46498000.0,
        "Interest Income Non Operating": 16816000.0,
        "Operating Income": 192963000.0,
        "Operating Expense": 151000.0,
        "Other Operating Expenses": -10074000.0,
        "Selling General And Administration": 10225000.0,
        "General And Administrative Expense": 10225000.0,
        "Other Gand A": 10225000.0,
        "Gross Profit": 193114000.0,
        "Cost Of Revenue": 155047000.0,
        "Total Revenue": 348161000.0,
        "Operating Revenue": 348161000.0
    },
    "2023-09-30": {
        "Tax Effect Of Unusual Items": 1556325.217563,
        "Tax Rate For Calcs": 0.057529,
        "Normalized EBITDA": 193249000.0,
        "Total Unusual Items": 27053000.0,
        "Total Unusual Items Excluding Goodwill": 27053000.0,
        "Net Income From Continuing Operation Net Minority Interest": 114577000.0,
        "Reconciled Depreciation": 59717000.0,
        "Reconciled Cost Of Revenue": 148212000.0,
        "EBITDA": 220302000.0,
        "EBIT": 160585000.0,
        "Net Interest Income": -26582000.0,
        "Interest Expense": 39011000.0,
        "Interest Income": 12429000.0,
        "Normalized Income": 89080325.217563,
        "Net Income From Continuing And Discontinued Operation": 114577000.0,
        "Total Expenses": 157275000.0,
        "Rent Expense Supplemental": 898000.0,
        "Total Operating Income As Reported": 148156000.0,
        "Diluted Average Shares": NaN,
        "Basic Average Shares": NaN,
        "Diluted EPS": NaN,
        "Basic EPS": NaN,
        "Diluted NI Availto Com Stockholders": 114577000.0,
        "Net Income Common Stockholders": 114577000.0,
        "Net Income": 114577000.0,
        "Net Income Including Noncontrolling Interests": 114577000.0,
        "Net Income Continuous Operations": 114577000.0,
        "Earnings From Equity Interest Net Of Tax": -3000.0,
        "Tax Provision": 6994000.0,
        "Pretax Income": 121574000.0,
        "Other Income Expense": 27053000.0,
        "Special Income Charges": 27053000.0,
        "Gain On Sale Of Ppe": 27053000.0,
        "Earnings From Equity Interest": NaN,
        "Net Non Operating Interest Income Expense": -26582000.0,
        "Interest Expense Non Operating": 39011000.0,
        "Interest Income Non Operating": 12429000.0,
        "Operating Income": 121103000.0,
        "Operating Expense": 9063000.0,
        "Other Operating Expenses": -4737000.0,
        "Selling General And Administration": 13800000.0,
        "General And Administrative Expense": 13800000.0,
        "Other Gand A": 13800000.0,
        "Gross Profit": 130166000.0,
        "Cost Of Revenue": 148212000.0,
        "Total Revenue": 278378000.0,
        "Operating Revenue": 278378000.0
    },
    "2023-12-31": {
        "Tax Effect Of Unusual Items": 653071.915799,
        "Tax Rate For Calcs": 0.00205,
        "Normalized EBITDA": 148420000.0,
        "Total Unusual Items": 318642000.0,
        "Total Unusual Items Excluding Goodwill": 318642000.0,
        "Net Income From Continuing Operation Net Minority Interest": 406584000.0,
        "Reconciled Depreciation": 49416000.0,
        "Reconciled Cost Of Revenue": 147451000.0,
        "EBITDA": 467062000.0,
        "EBIT": 417646000.0,
        "Net Interest Income": -13317000.0,
        "Interest Expense": 10239000.0,
        "Interest Income": -15314000.0,
        "Normalized Income": 88595071.915799,
        "Net Income From Continuing And Discontinued Operation": 406584000.0,
        "Total Expenses": 165623000.0,
        "Rent Expense Supplemental": 2071000.0,
        "Total Operating Income As Reported": 426337000.0,
        "Diluted Average Shares": NaN,
        "Basic Average Shares": NaN,
        "Diluted EPS": NaN,
        "Basic EPS": NaN,
        "Diluted NI Availto Com Stockholders": 406584000.0,
        "Net Income Common Stockholders": 406584000.0,
        "Net Income": 406584000.0,
        "Net Income Including Noncontrolling Interests": 406584000.0,
        "Net Income Continuous Operations": 406584000.0,
        "Earnings From Equity Interest Net Of Tax": NaN,
        "Tax Provision": 835000.0,
        "Pretax Income": 407407000.0,
        "Other Income Expense": 317715000.0,
        "Special Income Charges": 323327000.0,
        "Gain On Sale Of Ppe": 323327000.0,
        "Earnings From Equity Interest": NaN,
        "Net Non Operating Interest Income Expense": -13317000.0,
        "Interest Expense Non Operating": 10239000.0,
        "Interest Income Non Operating": -15314000.0,
        "Operating Income": 103010000.0,
        "Operating Expense": 18172000.0,
        "Other Operating Expenses": -4105000.0,
        "Selling General And Administration": 18691000.0,
        "General And Administrative Expense": 18691000.0,
        "Other Gand A": 2293000.0,
        "Gross Profit": 121182000.0,
        "Cost Of Revenue": 147451000.0,
        "Total Revenue": 268633000.0,
        "Operating Revenue": 268633000.0
    }
}