{
    "2023-03-31": {
        "Tax Effect Of Unusual Items": 0.0,
        "Tax Rate For Calcs": 0.0,
        "Normalized EBITDA": -14778000.0,
        "Total Unusual Items": -3629000.0,
        "Total Unusual Items Excluding Goodwill": -3629000.0,
        "Net Income From Continuing Operation Net Minority Interest": -116899000.0,
        "Reconciled Depreciation": 34674000.0,
        "Reconciled Cost Of Revenue": 287889000.0,
        "EBITDA": -18407000.0,
        "EBIT": -53081000.0,
        "Net Interest Income": -63766000.0,
        "Interest Expense": 63766000.0,
        "Normalized Income": -113270000.0,
        "Net Income From Continuing And Discontinued Operation": -116899000.0,
        "Total Expenses": 318843000.0,
        "Total Operating Income As Reported": -53390000.0,
        "Diluted Average Shares": 67363000.0,
        "Basic Average Shares": 67363000.0,
        "Diluted EPS": -1.75,
        "Basic EPS": -1.75,
        "Diluted NI Availto Com Stockholders": -117753000.0,
        "Net Income Common Stockholders": -117753000.0,
        "Otherunder Preferred Stock Dividend": 854000.0,
        "Net Income": -116899000.0,
        "Minority Interests": -40000.0,
        "Net Income Including Noncontrolling Interests": -116859000.0,
        "Net Income Continuous Operations": -116859000.0,
        "Tax Provision": 12000.0,
        "Pretax Income": -116847000.0,
        "Other Income Expense": -3320000.0,
        "Other Non Operating Income Expenses": 309000.0,
        "Special Income Charges": -3629000.0,
        "Gain On Sale Of Ppe": -3629000.0,
        "Write Off": NaN,
        "Restructuring And Mergern Acquisition": NaN,
        "Net Non Operating Interest Income Expense": -63766000.0,
        "Interest Expense Non Operating": 63766000.0,
        "Operating Income": -49761000.0,
        "Operating Expense": 30954000.0,
        "Depreciation Amortization Depletion Income Statement": NaN,
        "Depreciation And Amortization In Income Statement": NaN,
        "Selling General And Administration": 30954000.0,
        "Gross Profit": -18807000.0,
        "Cost Of Revenue": 287889000.0,
        "Total Revenue": 269082000.0,
        "Operating Revenue": 269082000.0
    },
    "2022-12-31": {
        "Tax Effect Of Unusual Items": -291690.0,
        "Tax Rate For Calcs": 0.21,
        "Normalized EBITDA": -17756000.0,
        "Total Unusual Items": -1389000.0,
        "Total Unusual Items Excluding Goodwill": -1389000.0,
        "Net Income From Continuing Operation Net Minority Interest": -77407000.0,
        "Reconciled Depreciation": 26855000.0,
        "Reconciled Cost Of Revenue": 321776000.0,
        "EBITDA": -19145000.0,
        "EBIT": -46000000.0,
        "Net Interest Income": -28952000.0,
        "Interest Expense": 28952000.0,
        "Normalized Income": -76309690.0,
        "Net Income From Continuing And Discontinued Operation": -77407000.0,
        "Total Expenses": 284178000.0,
        "Total Operating Income As Reported": -46254000.0,
        "Diluted Average Shares": 66966092.0,
        "Basic Average Shares": 66966092.0,
        "Diluted EPS": -1.156107,
        "Basic EPS": -1.156107,
        "Diluted NI Availto Com Stockholders": -78238000.0,
        "Net Income Common Stockholders": -78238000.0,
        "Otherunder Preferred Stock Dividend": 831000.0,
        "Net Income": -77407000.0,
        "Minority Interests": 13000.0,
        "Net Income Including Noncontrolling Interests": -77420000.0,
        "Net Income Continuous Operations": -77420000.0,
        "Tax Provision": 2468000.0,
        "Pretax Income": -74952000.0,
        "Other Income Expense": -1135000.0,
        "Other Non Operating Income Expenses": 254000.0,
        "Special Income Charges": -1389000.0,
        "Gain On Sale Of Ppe": -1389000.0,
        "Write Off": NaN,
        "Restructuring And Mergern Acquisition": NaN,
        "Net Non Operating Interest Income Expense": -28952000.0,
        "Interest Expense Non Operating": 28952000.0,
        "Operating Income": -44865000.0,
        "Operating Expense": -37598000.0,
        "Depreciation Amortization Depletion Income Statement": NaN,
        "Depreciation And Amortization In Income Statement": NaN,
        "Selling General And Administration": 27911000.0,
        "Gross Profit": -82463000.0,
        "Cost Of Revenue": 321776000.0,
        "Total Revenue": 239313000.0,
        "Operating Revenue": 246771000.0
    },
    "2022-09-30": {
        "Tax Effect Of Unusual Items": -847350.0,
        "Tax Rate For Calcs": 0.21,
        "Normalized EBITDA": 39382000.0,
        "Total Unusual Items": -4035000.0,
        "Total Unusual Items Excluding Goodwill": -4035000.0,
        "Net Income From Continuing Operation Net Minority Interest": -18256000.0,
        "Reconciled Depreciation": 34930000.0,
        "Reconciled Cost Of Revenue": 257542000.0,
        "EBITDA": 35347000.0,
        "EBIT": 417000.0,
        "Net Interest Income": -18704000.0,
        "Interest Expense": 18704000.0,
        "Normalized Income": -15068350.0,
        "Net Income From Continuing And Discontinued Operation": -18256000.0,
        "Total Expenses": 322879000.0,
        "Total Operating Income As Reported": -1254000.0,
        "Diluted Average Shares": 66724000.0,
        "Basic Average Shares": 66724000.0,
        "Diluted EPS": -0.29,
        "Basic EPS": -0.29,
        "Diluted NI Availto Com Stockholders": -19096000.0,
        "Net Income Common Stockholders": -19096000.0,
        "Otherunder Preferred Stock Dividend": 840000.0,
        "Net Income": -18256000.0,
        "Minority Interests": 43000.0,
        "Net Income Including Noncontrolling Interests": -18299000.0,
        "Net Income Continuous Operations": -18299000.0,
        "Tax Provision": 12000.0,
        "Pretax Income": -18287000.0,
        "Other Income Expense": -2364000.0,
        "Other Non Operating Income Expenses": 1671000.0,
        "Special Income Charges": -4035000.0,
        "Gain On Sale Of Ppe": -4035000.0,
        "Write Off": 0.0,
        "Restructuring And Mergern Acquisition": 0.0,
        "Net Non Operating Interest Income Expense": -18704000.0,
        "Interest Expense Non Operating": 18704000.0,
        "Operating Income": 2781000.0,
        "Operating Expense": 65337000.0,
        "Depreciation Amortization Depletion Income Statement": 34930000.0,
        "Depreciation And Amortization In Income Statement": 34930000.0,
        "Selling General And Administration": 30407000.0,
        "Gross Profit": 68118000.0,
        "Cost Of Revenue": 257542000.0,
        "Total Revenue": 325660000.0,
        "Operating Revenue": 322978000.0
    },
    "2022-06-30": {
        "Tax Effect Of Unusual Items": 0.0,
        "Tax Rate For Calcs": 7.3e-05,
        "Normalized EBITDA": -13385000.0,
        "Total Unusual Items": NaN,
        "Total Unusual Items Excluding Goodwill": NaN,
        "Net Income From Continuing Operation Net Minority Interest": -27342000.0,
        "Reconciled Depreciation": 28833000.0,
        "Reconciled Cost Of Revenue": 281391000.0,
        "EBITDA": -13385000.0,
        "EBIT": -13385000.0,
        "Net Interest Income": -13959000.0,
        "Interest Expense": 13959000.0,
        "Normalized Income": -27342000.0,
        "Net Income From Continuing And Discontinued Operation": -27342000.0,
        "Total Expenses": 309095000.0,
        "Total Operating Income As Reported": -12774000.0,
        "Diluted Average Shares": 66604000.0,
        "Basic Average Shares": 66604000.0,
        "Diluted EPS": -0.42,
        "Basic EPS": -0.42,
        "Diluted NI Availto Com Stockholders": -27342000.0,
        "Net Income Common Stockholders": -27342000.0,
        "Otherunder Preferred Stock Dividend": NaN,
        "Net Income": -27342000.0,
        "Minority Interests": 5000.0,
        "Net Income Including Noncontrolling Interests": -27342000.0,
        "Net Income Continuous Operations": -27342000.0,
        "Tax Provision": -2000.0,
        "Pretax Income": -27344000.0,
        "Other Income Expense": -611000.0,
        "Other Non Operating Income Expenses": -611000.0,
        "Special Income Charges": NaN,
        "Gain On Sale Of Ppe": NaN,
        "Restructuring And Mergern Acquisition": NaN,
        "Net Non Operating Interest Income Expense": -13959000.0,
        "Interest Expense Non Operating": 13959000.0,
        "Operating Income": -12774000.0,
        "Operating Expense": 27704000.0,
        "Other Operating Expenses": NaN,
        "Depreciation Amortization Depletion Income Statement": NaN,
        "Depreciation And Amortization In Income Statement": NaN,
        "Selling General And Administration": 27704000.0,
        "Gross Profit": 14930000.0,
        "Cost Of Revenue": 281391000.0,
        "Total Revenue": 296321000.0,
        "Operating Revenue": 293615000.0
    },
    "2023-06-30": {
        "Tax Effect Of Unusual Items": 0.0,
        "Tax Rate For Calcs": 0.0,
        "Normalized EBITDA": 20105000.0,
        "Total Unusual Items": -16762000.0,
        "Total Unusual Items Excluding Goodwill": -16762000.0,
        "Net Income From Continuing Operation Net Minority Interest": -55844000.0,
        "Reconciled Depreciation": 30278000.0,
        "Reconciled Cost Of Revenue": 290108000.0,
        "EBITDA": 3343000.0,
        "EBIT": -26935000.0,
        "Net Interest Income": -28830000.0,
        "Interest Expense": 28830000.0,
        "Normalized Income": -39082000.0,
        "Net Income From Continuing And Discontinued Operation": -55844000.0,
        "Total Expenses": 312095000.0,
        "Total Operating Income As Reported": -26952000.0,
        "Diluted Average Shares": 74415357.0,
        "Basic Average Shares": 74415357.0,
        "Diluted EPS": -0.749523,
        "Basic EPS": -0.749523,
        "Diluted NI Availto Com Stockholders": -55844000.0,
        "Net Income Common Stockholders": -55844000.0,
        "Otherunder Preferred Stock Dividend": 0.0,
        "Net Income": -55844000.0,
        "Minority Interests": -68000.0,
        "Net Income Including Noncontrolling Interests": -55776000.0,
        "Net Income Continuous Operations": -55776000.0,
        "Tax Provision": 11000.0,
        "Pretax Income": -55765000.0,
        "Other Income Expense": -16745000.0,
        "Other Non Operating Income Expenses": 17000.0,
        "Special Income Charges": -16762000.0,
        "Gain On Sale Of Ppe": -3177000.0,
        "Write Off": NaN,
        "Restructuring And Mergern Acquisition": 13585000.0,
        "Net Non Operating Interest Income Expense": -28830000.0,
        "Interest Expense Non Operating": 28830000.0,
        "Operating Income": -10190000.0,
        "Operating Expense": 21987000.0,
        "Depreciation Amortization Depletion Income Statement": NaN,
        "Depreciation And Amortization In Income Statement": NaN,
        "Selling General And Administration": 21987000.0,
        "Gross Profit": 11797000.0,
        "Cost Of Revenue": 290108000.0,
        "Total Revenue": 301905000.0,
        "Operating Revenue": 288150000.0
    },
    "2022-03-31": {
        "Diluted EPS": -0.71,
        "Total Revenue": 233,
        "Gross Profit": -2,
        "Operating Income": -35,
        "EBIT": -12,
        "Net Income": -46
    },
    "2021-12-31": {
        "Diluted EPS": -0.69,
        "Total Revenue": 276,
        "Gross Profit": 18,
        "Operating Income": -55,
        "EBIT": -32,
        "Net Income": -57
    },
    "2021-09-30": {
        "Diluted EPS": -1.75,
        "Total Revenue": 238,
        "Gross Profit": 11,
        "Operating Income": -23,
        "EBIT": 1,
        "Net Income": -28
    },
    "2021-06-30": {
        "Diluted EPS": -1.33,
        "Total Revenue": 286,
        "Gross Profit": 27,
        "Operating Income": -8,
        "EBIT": 16,
        "Net Income": -21
    },
    "2021-03-31": {
        "Diluted EPS": -0.99,
        "Total Revenue": 242,
        "Gross Profit": 22,
        "Operating Income": -11,
        "EBIT": 12,
        "Net Income": -16
    },
    "2020-12-31": {
        "Diluted EPS": -5.68,
        "Total Revenue": 277,
        "Gross Profit": -11,
        "Operating Income": -110,
        "EBIT": -76,
        "Net Income": -104
    },
    "2020-09-30": {
        "Diluted EPS": -0.18,
        "Total Revenue": 226,
        "Gross Profit": 26,
        "Operating Income": 13,
        "EBIT": 34,
        "Net Income": 1
    },
    "2020-06-30": {
        "Diluted EPS": 0.25,
        "Total Revenue": 168,
        "Gross Profit": 28,
        "Operating Income": 19,
        "EBIT": 34,
        "Net Income": 8
    },
    "2020-03-31": {
        "Diluted EPS": 0.22,
        "Total Revenue": 204,
        "Gross Profit": 27,
        "Operating Income": 18,
        "EBIT": 32,
        "Net Income": 8
    },
    "2019-12-31": {
        "Diluted EPS": -4.91,
        "Total Revenue": 200,
        "Gross Profit": -40,
        "Operating Income": -110,
        "EBIT": -79,
        "Net Income": -78
    },
    "2019-09-30": {
        "Diluted EPS": 0.26,
        "Total Revenue": 157,
        "Gross Profit": 26,
        "Operating Income": 19,
        "EBIT": 32,
        "Net Income": 9
    },
    "2019-06-30": {
        "Diluted EPS": -0.11,
        "Total Revenue": 168,
        "Gross Profit": 17,
        "Operating Income": 5,
        "EBIT": 17,
        "Net Income": -4
    },
    "2019-03-31": {
        "Diluted EPS": -0.33,
        "Total Revenue": 158,
        "Gross Profit": 10,
        "Operating Income": 0,
        "EBIT": 12,
        "Net Income": -9
    },
    "2018-12-31": {
        "Diluted EPS": 0.36,
        "Total Revenue": 169,
        "Gross Profit": 25,
        "Operating Income": 18,
        "EBIT": 30,
        "Net Income": 9
    },
    "2018-09-30": {
        "Diluted EPS": 0.49,
        "Total Revenue": 144,
        "Gross Profit": 30,
        "Operating Income": 23,
        "EBIT": 33,
        "Net Income": 13
    },
    "2018-06-30": {
        "Diluted EPS": 0.13,
        "Total Revenue": 136,
        "Gross Profit": 20,
        "Operating Income": 13,
        "EBIT": 23,
        "Net Income": 4
    },
    "2018-03-31": {
        "Diluted EPS": -0.73,
        "Total Revenue": 125,
        "Gross Profit": -5,
        "Operating Income": -12,
        "EBIT": -2,
        "Net Income": -19
    },
    "2017-12-31": {
        "Diluted EPS": 0.29,
        "Total Revenue": 161,
        "Gross Profit": 26,
        "Operating Income": 18,
        "EBIT": 30,
        "Net Income": 8
    },
    "2017-09-30": {
        "Diluted EPS": 0.23,
        "Total Revenue": 132,
        "Gross Profit": 20,
        "Operating Income": 13,
        "EBIT": 23,
        "Net Income": 6
    },
    "2017-06-30": {
        "Diluted EPS": 0.14,
        "Total Revenue": 128,
        "Gross Profit": 16,
        "Operating Income": 9,
        "EBIT": 20,
        "Net Income": 4
    },
    "2017-03-31": {
        "Diluted EPS": 0.09,
        "Total Revenue": 122,
        "Gross Profit": 16,
        "Operating Income": 8,
        "EBIT": 17,
        "Net Income": 3
    },
    "2016-12-31": {
        "Diluted EPS": -0.53,
        "Total Revenue": 127,
        "Gross Profit": 19,
        "Operating Income": -2,
        "EBIT": 6,
        "Net Income": -13
    },
    "2016-09-30": {
        "Diluted EPS": 0.51,
        "Total Revenue": 111,
        "Gross Profit": 22,
        "Operating Income": 14,
        "EBIT": 21,
        "Net Income": 13
    },
    "2016-06-30": {
        "Diluted EPS": 0.48,
        "Total Revenue": 120,
        "Gross Profit": 19,
        "Operating Income": 13,
        "EBIT": 21,
        "Net Income": 12
    },
    "2016-03-31": {
        "Diluted EPS": 0.3,
        "Total Revenue": 107,
        "Gross Profit": 16,
        "Operating Income": 9,
        "EBIT": 16,
        "Net Income": 7
    },
    "2015-12-31": {
        "Diluted EPS": 0.28,
        "Total Revenue": 117,
        "Gross Profit": 16,
        "Operating Income": 5,
        "EBIT": 12,
        "Net Income": 7
    },
    "2015-09-30": {
        "Diluted EPS": 0.27,
        "Total Revenue": 117,
        "Gross Profit": 17,
        "Operating Income": 12,
        "EBIT": 20,
        "Net Income": 6
    },
    "2015-06-30": {
        "Diluted EPS": 0.24,
        "Total Revenue": 110,
        "Gross Profit": 15,
        "Operating Income": 11,
        "EBIT": 19,
        "Net Income": 6
    },
    "2015-03-31": {
        "Diluted EPS": 0.0,
        "Total Revenue": 114,
        "Gross Profit": 12,
        "Operating Income": 8,
        "EBIT": 17,
        "Net Income": 0
    },
    "2014-12-31": {
        "Diluted EPS": 0.0,
        "Total Revenue": 79,
        "Gross Profit": 8,
        "Operating Income": 1,
        "EBIT": 6,
        "Net Income": -1
    },
    "2014-09-30": {
        "Diluted EPS": 0.13,
        "Total Revenue": 76,
        "Gross Profit": 8,
        "Operating Income": 5,
        "EBIT": 11,
        "Net Income": 3
    },
    "2014-06-30": {
        "Diluted EPS": 0.0,
        "Total Revenue": 69,
        "Gross Profit": 3,
        "Operating Income": 0,
        "EBIT": 6,
        "Net Income": -2
    },
    "2014-03-31": {
        "Diluted EPS": 0.0,
        "Total Revenue": 66,
        "Gross Profit": 1,
        "Operating Income": -1,
        "EBIT": 4,
        "Net Income": -3
    },
    "2013-12-31": {
        "Diluted EPS": 0.0,
        "Total Revenue": NaN,
        "Gross Profit": NaN,
        "Operating Income": NaN,
        "EBIT": NaN,
        "Net Income": NaN
    },
    "2023-09-30": {
        "Tax Effect Of Unusual Items": -6690810.0,
        "Tax Rate For Calcs": 0.21,
        "Normalized EBITDA": 27959000.0,
        "Total Unusual Items": -31861000.0,
        "Total Unusual Items Excluding Goodwill": -31861000.0,
        "Net Income From Continuing Operation Net Minority Interest": -85195000.0,
        "Reconciled Depreciation": 37340000.0,
        "Reconciled Cost Of Revenue": 267286000.0,
        "EBITDA": -3902000.0,
        "EBIT": -41242000.0,
        "Net Interest Income": -43763000.0,
        "Interest Expense": 43763000.0,
        "Normalized Income": -60024810.0,
        "Net Income From Continuing And Discontinued Operation": -85195000.0,
        "Total Expenses": 332208000.0,
        "Total Operating Income As Reported": -43432000.0,
        "Diluted Average Shares": 74447000.0,
        "Basic Average Shares": 74447000.0,
        "Diluted EPS": -1.14,
        "Basic EPS": -1.14,
        "Diluted NI Availto Com Stockholders": -85195000.0,
        "Net Income Common Stockholders": -85195000.0,
        "Otherunder Preferred Stock Dividend": 0.0,
        "Net Income": -85195000.0,
        "Minority Interests": -35000.0,
        "Net Income Including Noncontrolling Interests": -85160000.0,
        "Net Income Continuous Operations": -85160000.0,
        "Tax Provision": 155000.0,
        "Pretax Income": -85005000.0,
        "Other Income Expense": -29671000.0,
        "Other Non Operating Income Expenses": 2190000.0,
        "Special Income Charges": -31861000.0,
        "Gain On Sale Of Ppe": -4384000.0,
        "Write Off": 21220000.0,
        "Restructuring And Mergern Acquisition": 6257000.0,
        "Net Non Operating Interest Income Expense": -43763000.0,
        "Interest Expense Non Operating": 43763000.0,
        "Operating Income": -11571000.0,
        "Operating Expense": 63987000.0,
        "Depreciation Amortization Depletion Income Statement": 36405000.0,
        "Depreciation And Amortization In Income Statement": 36405000.0,
        "Selling General And Administration": 27582000.0,
        "Gross Profit": 52416000.0,
        "Cost Of Revenue": 268221000.0,
        "Total Revenue": 320637000.0,
        "Operating Revenue": 306949000.0
    }
}