{
    "2023-03-31": {
        "Tax Effect Of Unusual Items": NaN,
        "Tax Rate For Calcs": NaN,
        "Normalized EBITDA": NaN,
        "Total Unusual Items": NaN,
        "Total Unusual Items Excluding Goodwill": NaN,
        "Net Income From Continuing Operation Net Minority Interest": NaN,
        "Reconciled Depreciation": NaN,
        "Reconciled Cost Of Revenue": NaN,
        "EBITDA": NaN,
        "EBIT": NaN,
        "Net Interest Income": NaN,
        "Interest Expense": NaN,
        "Interest Income": NaN,
        "Normalized Income": NaN,
        "Net Income From Continuing And Discontinued Operation": NaN,
        "Total Expenses": NaN,
        "Rent Expense Supplemental": NaN,
        "Total Operating Income As Reported": NaN,
        "Diluted Average Shares": 89786585.0,
        "Basic Average Shares": 87623887.0,
        "Diluted EPS": 0.02,
        "Basic EPS": 0.02,
        "Diluted NI Availto Com Stockholders": NaN,
        "Net Income Common Stockholders": NaN,
        "Net Income": NaN,
        "Minority Interests": 342000.0,
        "Net Income Including Noncontrolling Interests": NaN,
        "Net Income Discontinuous Operations": NaN,
        "Net Income Continuous Operations": NaN,
        "Tax Provision": NaN,
        "Pretax Income": NaN,
        "Other Income Expense": NaN,
        "Special Income Charges": NaN,
        "Other Special Charges": 1556000.0,
        "Write Off": 0.0,
        "Restructuring And Mergern Acquisition": NaN,
        "Gain On Sale Of Security": NaN,
        "Net Non Operating Interest Income Expense": NaN,
        "Interest Expense Non Operating": NaN,
        "Interest Income Non Operating": NaN,
        "Operating Income": NaN,
        "Operating Expense": NaN,
        "Other Operating Expenses": NaN,
        "Depreciation Amortization Depletion Income Statement": NaN,
        "Depreciation And Amortization In Income Statement": NaN,
        "Selling General And Administration": NaN,
        "General And Administrative Expense": 24965000.0,
        "Other Gand A": 22768000.0,
        "Salaries And Wages": 2197000.0,
        "Gross Profit": NaN,
        "Cost Of Revenue": NaN,
        "Total Revenue": NaN,
        "Operating Revenue": NaN
    },
    "2022-12-31": {
        "Tax Effect Of Unusual Items": NaN,
        "Tax Rate For Calcs": NaN,
        "Normalized EBITDA": NaN,
        "Total Unusual Items": NaN,
        "Total Unusual Items Excluding Goodwill": NaN,
        "Net Income From Continuing Operation Net Minority Interest": NaN,
        "Reconciled Depreciation": NaN,
        "Reconciled Cost Of Revenue": NaN,
        "EBITDA": NaN,
        "EBIT": NaN,
        "Net Interest Income": NaN,
        "Interest Expense": NaN,
        "Interest Income": NaN,
        "Normalized Income": NaN,
        "Net Income From Continuing And Discontinued Operation": NaN,
        "Total Expenses": NaN,
        "Rent Expense Supplemental": NaN,
        "Total Operating Income As Reported": NaN,
        "Diluted Average Shares": NaN,
        "Basic Average Shares": NaN,
        "Diluted EPS": NaN,
        "Basic EPS": NaN,
        "Diluted NI Availto Com Stockholders": NaN,
        "Net Income Common Stockholders": NaN,
        "Net Income": NaN,
        "Minority Interests": NaN,
        "Net Income Including Noncontrolling Interests": NaN,
        "Net Income Discontinuous Operations": NaN,
        "Net Income Continuous Operations": NaN,
        "Tax Provision": NaN,
        "Pretax Income": NaN,
        "Other Income Expense": NaN,
        "Special Income Charges": NaN,
        "Other Special Charges": NaN,
        "Write Off": 1600000.0,
        "Restructuring And Mergern Acquisition": NaN,
        "Gain On Sale Of Security": NaN,
        "Net Non Operating Interest Income Expense": NaN,
        "Interest Expense Non Operating": NaN,
        "Interest Income Non Operating": NaN,
        "Operating Income": NaN,
        "Operating Expense": NaN,
        "Other Operating Expenses": NaN,
        "Depreciation Amortization Depletion Income Statement": NaN,
        "Depreciation And Amortization In Income Statement": NaN,
        "Selling General And Administration": NaN,
        "General And Administrative Expense": NaN,
        "Other Gand A": NaN,
        "Salaries And Wages": NaN,
        "Gross Profit": NaN,
        "Cost Of Revenue": NaN,
        "Total Revenue": NaN,
        "Operating Revenue": NaN
    },
    "2022-09-30": {
        "Tax Effect Of Unusual Items": -981120.728929,
        "Tax Rate For Calcs": 0.309795,
        "Normalized EBITDA": 25946000.0,
        "Total Unusual Items": -3167000.0,
        "Total Unusual Items Excluding Goodwill": -3167000.0,
        "Net Income From Continuing Operation Net Minority Interest": 9393000.0,
        "Reconciled Depreciation": 6554000.0,
        "Reconciled Cost Of Revenue": 187181000.0,
        "EBITDA": 22779000.0,
        "EBIT": 16225000.0,
        "Net Interest Income": -2267000.0,
        "Interest Expense": 3055000.0,
        "Interest Income": 788000.0,
        "Normalized Income": 11578879.271071,
        "Net Income From Continuing And Discontinued Operation": 9393000.0,
        "Total Expenses": 222410000.0,
        "Rent Expense Supplemental": NaN,
        "Total Operating Income As Reported": 15904000.0,
        "Diluted Average Shares": 87417501.0,
        "Basic Average Shares": 84945873.0,
        "Diluted EPS": 0.11,
        "Basic EPS": 0.11,
        "Diluted NI Availto Com Stockholders": 9393000.0,
        "Net Income Common Stockholders": 9393000.0,
        "Net Income": 9393000.0,
        "Minority Interests": 303000.0,
        "Net Income Including Noncontrolling Interests": 9090000.0,
        "Net Income Continuous Operations": 9090000.0,
        "Tax Provision": 4080000.0,
        "Pretax Income": 13170000.0,
        "Other Income Expense": -3167000.0,
        "Special Income Charges": -734000.0,
        "Other Special Charges": NaN,
        "Write Off": 0.0,
        "Restructuring And Mergern Acquisition": 734000.0,
        "Gain On Sale Of Security": -2433000.0,
        "Net Non Operating Interest Income Expense": -2267000.0,
        "Interest Expense Non Operating": 3055000.0,
        "Interest Income Non Operating": 788000.0,
        "Operating Income": 18604000.0,
        "Operating Expense": 35229000.0,
        "Other Operating Expenses": -58000.0,
        "Depreciation Amortization Depletion Income Statement": 6554000.0,
        "Depreciation And Amortization In Income Statement": 6554000.0,
        "Selling General And Administration": 28733000.0,
        "General And Administrative Expense": 28733000.0,
        "Other Gand A": 28733000.0,
        "Salaries And Wages": NaN,
        "Gross Profit": 53833000.0,
        "Cost Of Revenue": 187181000.0,
        "Total Revenue": 241014000.0,
        "Operating Revenue": 241014000.0
    },
    "2022-06-30": {
        "Tax Effect Of Unusual Items": -557798.47973,
        "Tax Rate For Calcs": 0.284882,
        "Normalized EBITDA": 22395000.0,
        "Total Unusual Items": -1958000.0,
        "Total Unusual Items Excluding Goodwill": -1958000.0,
        "Net Income From Continuing Operation Net Minority Interest": 8467000.0,
        "Reconciled Depreciation": 6263000.0,
        "Reconciled Cost Of Revenue": 174561000.0,
        "EBITDA": 20437000.0,
        "EBIT": 14174000.0,
        "Net Interest Income": -1612000.0,
        "Interest Expense": 2334000.0,
        "Interest Income": 722000.0,
        "Normalized Income": 9867201.52027,
        "Net Income From Continuing And Discontinued Operation": 8467000.0,
        "Total Expenses": 206285000.0,
        "Rent Expense Supplemental": NaN,
        "Total Operating Income As Reported": 13441000.0,
        "Diluted Average Shares": 86985817.0,
        "Basic Average Shares": 84959130.0,
        "Diluted EPS": 0.1,
        "Basic EPS": 0.1,
        "Diluted NI Availto Com Stockholders": 8467000.0,
        "Net Income Common Stockholders": 8467000.0,
        "Net Income": 8467000.0,
        "Minority Interests": 0.0,
        "Net Income Including Noncontrolling Interests": 8467000.0,
        "Net Income Continuous Operations": 8467000.0,
        "Tax Provision": 3373000.0,
        "Pretax Income": 11840000.0,
        "Other Income Expense": -1958000.0,
        "Special Income Charges": -976000.0,
        "Other Special Charges": NaN,
        "Write Off": 0.0,
        "Restructuring And Mergern Acquisition": 976000.0,
        "Gain On Sale Of Security": -982000.0,
        "Net Non Operating Interest Income Expense": -1612000.0,
        "Interest Expense Non Operating": 2334000.0,
        "Interest Income Non Operating": 722000.0,
        "Operating Income": 15410000.0,
        "Operating Expense": 31724000.0,
        "Other Operating Expenses": -834000.0,
        "Depreciation Amortization Depletion Income Statement": 6263000.0,
        "Depreciation And Amortization In Income Statement": 6263000.0,
        "Selling General And Administration": 26295000.0,
        "General And Administrative Expense": 26295000.0,
        "Other Gand A": 26295000.0,
        "Salaries And Wages": NaN,
        "Gross Profit": 47134000.0,
        "Cost Of Revenue": 174561000.0,
        "Total Revenue": 221695000.0,
        "Operating Revenue": 221695000.0
    },
    "2022-03-31": {
        "Diluted EPS": 0.02,
        "Total Revenue": 197,
        "Gross Profit": 39,
        "Operating Income": 4,
        "EBIT": 11,
        "Net Income": 2
    },
    "2021-12-31": {
        "Diluted EPS": 0.07,
        "Total Revenue": 234,
        "Gross Profit": 53,
        "Operating Income": 12,
        "EBIT": 19,
        "Net Income": 4
    },
    "2021-09-30": {
        "Diluted EPS": 0.14,
        "Total Revenue": 199,
        "Gross Profit": 46,
        "Operating Income": 20,
        "EBIT": 27,
        "Net Income": 12
    },
    "2021-06-30": {
        "Diluted EPS": 0.09,
        "Total Revenue": 178,
        "Gross Profit": 41,
        "Operating Income": 16,
        "EBIT": 21,
        "Net Income": 8
    },
    "2021-03-31": {
        "Diluted EPS": 0.03,
        "Total Revenue": 149,
        "Gross Profit": 38,
        "Operating Income": 11,
        "EBIT": 17,
        "Net Income": 5
    },
    "2020-12-31": {
        "Diluted EPS": 0.23,
        "Total Revenue": 172,
        "Gross Profit": 54,
        "Operating Income": 29,
        "EBIT": 34,
        "Net Income": 20
    },
    "2020-09-30": {
        "Diluted EPS": 0.11,
        "Total Revenue": 63,
        "Gross Profit": 31,
        "Operating Income": 14,
        "EBIT": 18,
        "Net Income": 9
    },
    "2020-06-30": {
        "Diluted EPS": 0.03,
        "Total Revenue": 45,
        "Gross Profit": 17,
        "Operating Income": -1,
        "EBIT": 3,
        "Net Income": 2
    },
    "2020-03-31": {
        "Diluted EPS": -0.42,
        "Total Revenue": 64,
        "Gross Profit": 30,
        "Operating Income": -35,
        "EBIT": -31,
        "Net Income": -36
    },
    "2019-12-31": {
        "Diluted EPS": 0.08,
        "Total Revenue": 71,
        "Gross Profit": 31,
        "Operating Income": 9,
        "EBIT": 13,
        "Net Income": 7
    },
    "2019-09-30": {
        "Diluted EPS": -0.14,
        "Total Revenue": 69,
        "Gross Profit": 28,
        "Operating Income": -4,
        "EBIT": 1,
        "Net Income": -12
    },
    "2019-06-30": {
        "Diluted EPS": -0.19,
        "Total Revenue": 69,
        "Gross Profit": 31,
        "Operating Income": -12,
        "EBIT": -7,
        "Net Income": -16
    },
    "2019-03-31": {
        "Diluted EPS": 0.02,
        "Total Revenue": 65,
        "Gross Profit": 28,
        "Operating Income": 5,
        "EBIT": 9,
        "Net Income": 1
    },
    "2018-12-31": {
        "Diluted EPS": 0.08,
        "Total Revenue": 82,
        "Gross Profit": 166,
        "Operating Income": 17,
        "EBIT": 22,
        "Net Income": 7
    },
    "2018-09-30": {
        "Diluted EPS": 0.02,
        "Total Revenue": 75,
        "Gross Profit": 30,
        "Operating Income": 6,
        "EBIT": 11,
        "Net Income": 2
    },
    "2018-06-30": {
        "Diluted EPS": 0.05,
        "Total Revenue": 74,
        "Gross Profit": 32,
        "Operating Income": 10,
        "EBIT": 14,
        "Net Income": 5
    },
    "2018-03-31": {
        "Diluted EPS": -0.02,
        "Total Revenue": 67,
        "Gross Profit": 25,
        "Operating Income": 0,
        "EBIT": 4,
        "Net Income": -2
    },
    "2017-12-31": {
        "Diluted EPS": 0.13,
        "Total Revenue": 73,
        "Gross Profit": -2,
        "Operating Income": 4,
        "EBIT": 8,
        "Net Income": 12
    },
    "2017-09-30": {
        "Diluted EPS": 1.71,
        "Total Revenue": 335,
        "Gross Profit": 313,
        "Operating Income": 257,
        "EBIT": 261,
        "Net Income": 157
    },
    "2017-06-30": {
        "Diluted EPS": 0.04,
        "Total Revenue": 71,
        "Gross Profit": 32,
        "Operating Income": 9,
        "EBIT": 14,
        "Net Income": 3
    },
    "2017-03-31": {
        "Diluted EPS": 0.03,
        "Total Revenue": 58,
        "Gross Profit": 29,
        "Operating Income": 8,
        "EBIT": 12,
        "Net Income": 3
    },
    "2016-12-31": {
        "Diluted EPS": 0.08,
        "Total Revenue": 70,
        "Gross Profit": 10,
        "Operating Income": 15,
        "EBIT": 18,
        "Net Income": 7
    },
    "2016-09-30": {
        "Diluted EPS": 0.06,
        "Total Revenue": 65,
        "Gross Profit": 63,
        "Operating Income": 13,
        "EBIT": 17,
        "Net Income": 5
    },
    "2016-06-30": {
        "Diluted EPS": 0.06,
        "Total Revenue": 65,
        "Gross Profit": 34,
        "Operating Income": 13,
        "EBIT": 18,
        "Net Income": 6
    },
    "2016-03-31": {
        "Diluted EPS": 0.02,
        "Total Revenue": 58,
        "Gross Profit": 29,
        "Operating Income": 8,
        "EBIT": 12,
        "Net Income": 2
    },
    "2015-12-31": {
        "Diluted EPS": 0.06,
        "Total Revenue": 65,
        "Gross Profit": 34,
        "Operating Income": 12,
        "EBIT": 16,
        "Net Income": 6
    },
    "2015-09-30": {
        "Diluted EPS": 0.1,
        "Total Revenue": 69,
        "Gross Profit": 40,
        "Operating Income": 19,
        "EBIT": 23,
        "Net Income": 9
    },
    "2015-06-30": {
        "Diluted EPS": 0.06,
        "Total Revenue": 60,
        "Gross Profit": 31,
        "Operating Income": 12,
        "EBIT": 16,
        "Net Income": 5
    },
    "2015-03-31": {
        "Diluted EPS": 0.06,
        "Total Revenue": 60,
        "Gross Profit": 32,
        "Operating Income": 12,
        "EBIT": 16,
        "Net Income": 5
    },
    "2014-12-31": {
        "Diluted EPS": 0.06,
        "Total Revenue": 65,
        "Gross Profit": 36,
        "Operating Income": 15,
        "EBIT": 19,
        "Net Income": 6
    },
    "2014-09-30": {
        "Diluted EPS": 0.09,
        "Total Revenue": 62,
        "Gross Profit": 34,
        "Operating Income": 16,
        "EBIT": 20,
        "Net Income": 8
    },
    "2014-06-30": {
        "Diluted EPS": 0.1,
        "Total Revenue": 62,
        "Gross Profit": 36,
        "Operating Income": 18,
        "EBIT": 22,
        "Net Income": 9
    },
    "2014-03-31": {
        "Diluted EPS": 0.05,
        "Total Revenue": 53,
        "Gross Profit": 28,
        "Operating Income": 11,
        "EBIT": 15,
        "Net Income": 4
    },
    "2013-12-31": {
        "Diluted EPS": 1.69,
        "Total Revenue": 60,
        "Gross Profit": 35,
        "Operating Income": 15,
        "EBIT": 19,
        "Net Income": 151
    },
    "2013-09-30": {
        "Diluted EPS": -0.24,
        "Total Revenue": 58,
        "Gross Profit": 32,
        "Operating Income": 15,
        "EBIT": 19,
        "Net Income": -21
    },
    "2013-06-30": {
        "Diluted EPS": 0.06,
        "Total Revenue": 57,
        "Gross Profit": 31,
        "Operating Income": 15,
        "EBIT": 20,
        "Net Income": 5
    },
    "2013-03-31": {
        "Diluted EPS": -0.01,
        "Total Revenue": 49,
        "Gross Profit": 25,
        "Operating Income": 9,
        "EBIT": 13,
        "Net Income": -1
    },
    "2012-12-31": {
        "Diluted EPS": 0.1,
        "Total Revenue": 64,
        "Gross Profit": 39,
        "Operating Income": 21,
        "EBIT": 25,
        "Net Income": 8
    },
    "2012-09-30": {
        "Diluted EPS": 0.08,
        "Total Revenue": 58,
        "Gross Profit": 35,
        "Operating Income": 17,
        "EBIT": 22,
        "Net Income": 7
    },
    "2012-06-30": {
        "Diluted EPS": 0.02,
        "Total Revenue": 54,
        "Gross Profit": 32,
        "Operating Income": 14,
        "EBIT": 19,
        "Net Income": 2
    },
    "2012-03-31": {
        "Diluted EPS": -0.04,
        "Total Revenue": 47,
        "Gross Profit": 25,
        "Operating Income": 7,
        "EBIT": 12,
        "Net Income": -3
    },
    "2011-12-31": {
        "Diluted EPS": -0.03,
        "Total Revenue": 50,
        "Gross Profit": 27,
        "Operating Income": 9,
        "EBIT": 14,
        "Net Income": -2
    },
    "2011-09-30": {
        "Diluted EPS": -0.02,
        "Total Revenue": 50,
        "Gross Profit": 28,
        "Operating Income": 10,
        "EBIT": 16,
        "Net Income": -1
    },
    "2011-06-30": {
        "Diluted EPS": 0.0,
        "Total Revenue": 50,
        "Gross Profit": 28,
        "Operating Income": 10,
        "EBIT": 16,
        "Net Income": 0
    },
    "2011-03-31": {
        "Diluted EPS": -0.05,
        "Total Revenue": 44,
        "Gross Profit": 23,
        "Operating Income": 6,
        "EBIT": 11,
        "Net Income": -4
    },
    "2010-12-31": {
        "Diluted EPS": -0.34,
        "Total Revenue": 51,
        "Gross Profit": 30,
        "Operating Income": -28,
        "EBIT": -23,
        "Net Income": -29
    },
    "2010-09-30": {
        "Diluted EPS": 0.08,
        "Total Revenue": 53,
        "Gross Profit": 32,
        "Operating Income": 13,
        "EBIT": 19,
        "Net Income": 6
    },
    "2010-06-30": {
        "Diluted EPS": 0.08,
        "Total Revenue": 53,
        "Gross Profit": 31,
        "Operating Income": 14,
        "EBIT": 19,
        "Net Income": 7
    },
    "2010-03-31": {
        "Diluted EPS": -0.03,
        "Total Revenue": 43,
        "Gross Profit": 22,
        "Operating Income": 5,
        "EBIT": 10,
        "Net Income": -2
    },
    "2009-12-31": {
        "Diluted EPS": -0.42,
        "Total Revenue": 48,
        "Gross Profit": 28,
        "Operating Income": -39,
        "EBIT": -34,
        "Net Income": -34
    },
    "2009-09-30": {
        "Diluted EPS": 0.01,
        "Total Revenue": 51,
        "Gross Profit": 30,
        "Operating Income": 12,
        "EBIT": 17,
        "Net Income": 1
    },
    "2009-06-30": {
        "Diluted EPS": -0.02,
        "Total Revenue": 49,
        "Gross Profit": 28,
        "Operating Income": 8,
        "EBIT": 14,
        "Net Income": -2
    },
    "2009-03-31": {
        "Diluted EPS": -0.17,
        "Total Revenue": 42,
        "Gross Profit": 20,
        "Operating Income": 1,
        "EBIT": 7,
        "Net Income": -14
    },
    "2023-06-30": {
        "Tax Effect Of Unusual Items": -180840.354172,
        "Tax Rate For Calcs": 0.218406,
        "Normalized EBITDA": 4078000.0,
        "Total Unusual Items": -828000.0,
        "Total Unusual Items Excluding Goodwill": -828000.0,
        "Net Income From Continuing Operation Net Minority Interest": -5826000.0,
        "Reconciled Depreciation": 6509000.0,
        "Reconciled Cost Of Revenue": 45709000.0,
        "EBITDA": 3250000.0,
        "EBIT": -3259000.0,
        "Net Interest Income": -3475000.0,
        "Interest Expense": 4195000.0,
        "Interest Income": 720000.0,
        "Normalized Income": -5178840.354172,
        "Net Income From Continuing And Discontinued Operation": -1989000.0,
        "Total Expenses": 76870000.0,
        "Rent Expense Supplemental": 4058000.0,
        "Total Operating Income As Reported": -3964000.0,
        "Diluted Average Shares": 87787772.0,
        "Basic Average Shares": 87787772.0,
        "Diluted EPS": -0.02,
        "Basic EPS": -0.02,
        "Diluted NI Availto Com Stockholders": -1989000.0,
        "Net Income Common Stockholders": -1989000.0,
        "Net Income": -1989000.0,
        "Minority Interests": 12000.0,
        "Net Income Including Noncontrolling Interests": -1989000.0,
        "Net Income Discontinuous Operations": 3837000.0,
        "Net Income Continuous Operations": -5826000.0,
        "Tax Provision": -1628000.0,
        "Pretax Income": -7454000.0,
        "Other Income Expense": -828000.0,
        "Special Income Charges": -21000.0,
        "Other Special Charges": NaN,
        "Write Off": NaN,
        "Restructuring And Mergern Acquisition": 21000.0,
        "Gain On Sale Of Security": -807000.0,
        "Net Non Operating Interest Income Expense": -3475000.0,
        "Interest Expense Non Operating": 4195000.0,
        "Interest Income Non Operating": 720000.0,
        "Operating Income": -3151000.0,
        "Operating Expense": 28365000.0,
        "Other Operating Expenses": 8799000.0,
        "Depreciation Amortization Depletion Income Statement": 3713000.0,
        "Depreciation And Amortization In Income Statement": 3713000.0,
        "Selling General And Administration": 15853000.0,
        "General And Administrative Expense": 15853000.0,
        "Other Gand A": 12610000.0,
        "Salaries And Wages": 3243000.0,
        "Gross Profit": 25214000.0,
        "Cost Of Revenue": 48505000.0,
        "Total Revenue": 73719000.0,
        "Operating Revenue": 72619000.0
    },
    "2023-09-30": {
        "Tax Effect Of Unusual Items": 929670.0,
        "Tax Rate For Calcs": 0.21,
        "Normalized EBITDA": 9585000.0,
        "Total Unusual Items": 4427000.0,
        "Total Unusual Items Excluding Goodwill": 4427000.0,
        "Net Income From Continuing Operation Net Minority Interest": 2719000.0,
        "Reconciled Depreciation": 7356000.0,
        "Reconciled Cost Of Revenue": 231144000.0,
        "EBITDA": 14012000.0,
        "EBIT": 6656000.0,
        "Net Interest Income": -2896000.0,
        "Interest Expense": 4454000.0,
        "Interest Income": 1558000.0,
        "Normalized Income": -778330.0,
        "Net Income From Continuing And Discontinued Operation": 2719000.0,
        "Total Expenses": 273746000.0,
        "Rent Expense Supplemental": NaN,
        "Total Operating Income As Reported": 5131000.0,
        "Diluted Average Shares": 89888721.0,
        "Basic Average Shares": 87995567.0,
        "Diluted EPS": 0.03,
        "Basic EPS": 0.03,
        "Diluted NI Availto Com Stockholders": 2719000.0,
        "Net Income Common Stockholders": 2719000.0,
        "Net Income": 2719000.0,
        "Minority Interests": -13000.0,
        "Net Income Including Noncontrolling Interests": 2732000.0,
        "Net Income Discontinuous Operations": NaN,
        "Net Income Continuous Operations": 2732000.0,
        "Tax Provision": -530000.0,
        "Pretax Income": 2202000.0,
        "Other Income Expense": 4427000.0,
        "Special Income Charges": 5008000.0,
        "Other Special Charges": NaN,
        "Write Off": 989000.0,
        "Restructuring And Mergern Acquisition": -5997000.0,
        "Gain On Sale Of Security": -581000.0,
        "Net Non Operating Interest Income Expense": -2896000.0,
        "Interest Expense Non Operating": 4454000.0,
        "Interest Income Non Operating": 1558000.0,
        "Operating Income": 671000.0,
        "Operating Expense": 42602000.0,
        "Other Operating Expenses": 13292000.0,
        "Depreciation Amortization Depletion Income Statement": 7356000.0,
        "Depreciation And Amortization In Income Statement": 7356000.0,
        "Selling General And Administration": 21954000.0,
        "General And Administrative Expense": 21954000.0,
        "Other Gand A": 21954000.0,
        "Salaries And Wages": NaN,
        "Gross Profit": 43273000.0,
        "Cost Of Revenue": 231144000.0,
        "Total Revenue": 274417000.0,
        "Operating Revenue": 273289000.0
    },
    "2023-12-31": {
        "Tax Effect Of Unusual Items": -1670592.521378,
        "Tax Rate For Calcs": 0.086627,
        "Normalized EBITDA": 11696000.0,
        "Total Unusual Items": -19285000.0,
        "Total Unusual Items Excluding Goodwill": -19285000.0,
        "Net Income From Continuing Operation Net Minority Interest": -18208000.0,
        "Reconciled Depreciation": 7671000.0,
        "Reconciled Cost Of Revenue": 271208000.0,
        "EBITDA": -7589000.0,
        "EBIT": -15260000.0,
        "Net Interest Income": -2903000.0,
        "Interest Expense": 4503000.0,
        "Interest Income": 1600000.0,
        "Normalized Income": -593592.521378,
        "Net Income From Continuing And Discontinued Operation": -18208000.0,
        "Total Expenses": 317638000.0,
        "Rent Expense Supplemental": NaN,
        "Total Operating Income As Reported": -16864000.0,
        "Diluted Average Shares": NaN,
        "Basic Average Shares": NaN,
        "Diluted EPS": NaN,
        "Basic EPS": NaN,
        "Diluted NI Availto Com Stockholders": -18208000.0,
        "Net Income Common Stockholders": -18208000.0,
        "Net Income": -18208000.0,
        "Minority Interests": -157000.0,
        "Net Income Including Noncontrolling Interests": -18051000.0,
        "Net Income Discontinuous Operations": NaN,
        "Net Income Continuous Operations": -18051000.0,
        "Tax Provision": -1712000.0,
        "Pretax Income": -19763000.0,
        "Other Income Expense": -19285000.0,
        "Special Income Charges": -18678000.0,
        "Other Special Charges": 0.0,
        "Write Off": 12278000.0,
        "Restructuring And Mergern Acquisition": 6400000.0,
        "Gain On Sale Of Security": -607000.0,
        "Net Non Operating Interest Income Expense": -2903000.0,
        "Interest Expense Non Operating": 4503000.0,
        "Interest Income Non Operating": 1600000.0,
        "Operating Income": 2425000.0,
        "Operating Expense": 46430000.0,
        "Other Operating Expenses": 15067000.0,
        "Depreciation Amortization Depletion Income Statement": 7671000.0,
        "Depreciation And Amortization In Income Statement": 7671000.0,
        "Selling General And Administration": 23692000.0,
        "General And Administrative Expense": NaN,
        "Other Gand A": NaN,
        "Salaries And Wages": NaN,
        "Gross Profit": 48855000.0,
        "Cost Of Revenue": 271208000.0,
        "Total Revenue": 320063000.0,
        "Operating Revenue": 318716000.0
    },
    "2024-03-31": {
        "Tax Effect Of Unusual Items": -6377145.499487,
        "Tax Rate For Calcs": 0.13119,
        "Normalized EBITDA": 831000.0,
        "Total Unusual Items": -48610000.0,
        "Total Unusual Items Excluding Goodwill": -48610000.0,
        "Net Income From Continuing Operation Net Minority Interest": -48890000.0,
        "Reconciled Depreciation": 7133000.0,
        "Reconciled Cost Of Revenue": 238801000.0,
        "EBITDA": -47779000.0,
        "EBIT": -54912000.0,
        "Net Interest Income": -3429000.0,
        "Interest Expense": 4559000.0,
        "Interest Income": 1130000.0,
        "Normalized Income": -6657145.499487,
        "Net Income From Continuing And Discontinued Operation": -48890000.0,
        "Total Expenses": 284877000.0,
        "Rent Expense Supplemental": NaN,
        "Total Operating Income As Reported": -55899000.0,
        "Diluted Average Shares": 89518058.0,
        "Basic Average Shares": 89518058.0,
        "Diluted EPS": -0.55,
        "Basic EPS": -0.55,
        "Diluted NI Availto Com Stockholders": -48890000.0,
        "Net Income Common Stockholders": -48890000.0,
        "Net Income": -48890000.0,
        "Minority Interests": 2779000.0,
        "Net Income Including Noncontrolling Interests": -51669000.0,
        "Net Income Discontinuous Operations": NaN,
        "Net Income Continuous Operations": -51669000.0,
        "Tax Provision": -7802000.0,
        "Pretax Income": -59471000.0,
        "Other Income Expense": -48610000.0,
        "Special Income Charges": -48058000.0,
        "Other Special Charges": 40000.0,
        "Write Off": 49438000.0,
        "Restructuring And Mergern Acquisition": -1420000.0,
        "Gain On Sale Of Security": -552000.0,
        "Net Non Operating Interest Income Expense": -3429000.0,
        "Interest Expense Non Operating": 4559000.0,
        "Interest Income Non Operating": 1130000.0,
        "Operating Income": -7432000.0,
        "Operating Expense": 46076000.0,
        "Other Operating Expenses": 8586000.0,
        "Depreciation Amortization Depletion Income Statement": 7133000.0,
        "Depreciation And Amortization In Income Statement": 7133000.0,
        "Selling General And Administration": 30357000.0,
        "General And Administrative Expense": 30357000.0,
        "Other Gand A": 26695000.0,
        "Salaries And Wages": 3662000.0,
        "Gross Profit": 38644000.0,
        "Cost Of Revenue": 238801000.0,
        "Total Revenue": 277445000.0,
        "Operating Revenue": 276243000.0
    },
    "2024-06-30": {
        "Tax Effect Of Unusual Items": -55230.0,
        "Tax Rate For Calcs": 0.21,
        "Normalized EBITDA": 3441000.0,
        "Total Unusual Items": -263000.0,
        "Total Unusual Items Excluding Goodwill": -263000.0,
        "Net Income From Continuing Operation Net Minority Interest": 3732000.0,
        "Reconciled Depreciation": 5992000.0,
        "Reconciled Cost Of Revenue": 54616000.0,
        "EBITDA": 3178000.0,
        "EBIT": -2814000.0,
        "Net Interest Income": -3541000.0,
        "Interest Expense": 4118000.0,
        "Interest Income": 577000.0,
        "Normalized Income": 3939770.0,
        "Net Income From Continuing And Discontinued Operation": -31680000.0,
        "Total Expenses": 85782000.0,
        "Rent Expense Supplemental": NaN,
        "Total Operating Income As Reported": -3344000.0,
        "Diluted Average Shares": 90721280.0,
        "Basic Average Shares": 89820737.0,
        "Diluted EPS": -0.35,
        "Basic EPS": -0.35,
        "Diluted NI Availto Com Stockholders": -31680000.0,
        "Net Income Common Stockholders": -31680000.0,
        "Net Income": -31680000.0,
        "Minority Interests": NaN,
        "Net Income Including Noncontrolling Interests": -31680000.0,
        "Net Income Discontinuous Operations": -35412000.0,
        "Net Income Continuous Operations": 3732000.0,
        "Tax Provision": -10664000.0,
        "Pretax Income": -6932000.0,
        "Other Income Expense": -263000.0,
        "Special Income Charges": -291000.0,
        "Other Special Charges": 51000.0,
        "Write Off": NaN,
        "Restructuring And Mergern Acquisition": 240000.0,
        "Gain On Sale Of Security": 28000.0,
        "Net Non Operating Interest Income Expense": -3541000.0,
        "Interest Expense Non Operating": 4118000.0,
        "Interest Income Non Operating": 577000.0,
        "Operating Income": -3128000.0,
        "Operating Expense": 29602000.0,
        "Other Operating Expenses": 8077000.0,
        "Depreciation Amortization Depletion Income Statement": 4428000.0,
        "Depreciation And Amortization In Income Statement": 4428000.0,
        "Selling General And Administration": 17097000.0,
        "General And Administrative Expense": 17097000.0,
        "Other Gand A": 14363000.0,
        "Salaries And Wages": 2734000.0,
        "Gross Profit": 26474000.0,
        "Cost Of Revenue": 56180000.0,
        "Total Revenue": 82654000.0,
        "Operating Revenue": 81375000.0
    }
}