{
    "2023-03-31": {
        "Tax Effect Of Unusual Items": 23730.0,
        "Tax Rate For Calcs": 0.21,
        "Normalized EBITDA": -1250000.0,
        "Total Unusual Items": 113000.0,
        "Total Unusual Items Excluding Goodwill": 113000.0,
        "Net Income From Continuing Operation Net Minority Interest": -2529000.0,
        "Reconciled Depreciation": 1407000.0,
        "Reconciled Cost Of Revenue": 5770000.0,
        "EBITDA": -1137000.0,
        "EBIT": -2544000.0,
        "Net Interest Income": 187000.0,
        "Interest Income": 187000.0,
        "Normalized Income": -2618270.0,
        "Net Income From Continuing And Discontinued Operation": -2529000.0,
        "Total Expenses": 111764000.0,
        "Total Operating Income As Reported": -2431000.0,
        "Diluted NI Availto Com Stockholders": -2529000.0,
        "Net Income Common Stockholders": -2529000.0,
        "Net Income": -2529000.0,
        "Net Income Including Noncontrolling Interests": -2529000.0,
        "Net Income Continuous Operations": -2529000.0,
        "Tax Provision": 286000.0,
        "Pretax Income": -2243000.0,
        "Other Income Expense": 114000.0,
        "Other Non Operating Income Expenses": 1000.0,
        "Special Income Charges": 113000.0,
        "Restructuring And Mergern Acquisition": -113000.0,
        "Net Non Operating Interest Income Expense": 187000.0,
        "Interest Income Non Operating": 187000.0,
        "Operating Income": -2544000.0,
        "Operating Expense": 105994000.0,
        "Research And Development": 7927000.0,
        "Selling General And Administration": 98067000.0,
        "Selling And Marketing Expense": 90237000.0,
        "General And Administrative Expense": 7830000.0,
        "Other Gand A": 7830000.0,
        "Gross Profit": 103450000.0,
        "Cost Of Revenue": 5770000.0,
        "Total Revenue": 109220000.0,
        "Operating Revenue": 89699000.0
    },
    "2022-12-31": {
        "Tax Effect Of Unusual Items": 0.0,
        "Tax Rate For Calcs": 0.0,
        "Normalized EBITDA": -5893000.0,
        "Total Unusual Items": -632000.0,
        "Total Unusual Items Excluding Goodwill": -632000.0,
        "Net Income From Continuing Operation Net Minority Interest": -8494000.0,
        "Reconciled Depreciation": 1522000.0,
        "Reconciled Cost Of Revenue": 6060000.0,
        "EBITDA": -6525000.0,
        "EBIT": -8047000.0,
        "Net Interest Income": 191000.0,
        "Interest Income": 191000.0,
        "Normalized Income": -7862000.0,
        "Net Income From Continuing And Discontinued Operation": -8494000.0,
        "Total Expenses": 96355000.0,
        "Total Operating Income As Reported": -8679000.0,
        "Diluted NI Availto Com Stockholders": -8494000.0,
        "Net Income Common Stockholders": -8494000.0,
        "Net Income": -8494000.0,
        "Net Income Including Noncontrolling Interests": -8494000.0,
        "Net Income Continuous Operations": -8494000.0,
        "Tax Provision": 0.0,
        "Pretax Income": -8494000.0,
        "Other Income Expense": -638000.0,
        "Other Non Operating Income Expenses": -6000.0,
        "Special Income Charges": -632000.0,
        "Restructuring And Mergern Acquisition": 632000.0,
        "Net Non Operating Interest Income Expense": 191000.0,
        "Interest Income Non Operating": 191000.0,
        "Operating Income": -8047000.0,
        "Operating Expense": 90295000.0,
        "Research And Development": 7440000.0,
        "Selling General And Administration": 82855000.0,
        "Selling And Marketing Expense": 76153000.0,
        "General And Administrative Expense": 6702000.0,
        "Other Gand A": 6702000.0,
        "Gross Profit": 82248000.0,
        "Cost Of Revenue": 6060000.0,
        "Total Revenue": 88308000.0,
        "Operating Revenue": 67217000.0
    },
    "2022-09-30": {
        "Tax Effect Of Unusual Items": 0.0,
        "Tax Rate For Calcs": 0.0,
        "Normalized EBITDA": -5372000.0,
        "Total Unusual Items": 96000.0,
        "Total Unusual Items Excluding Goodwill": 96000.0,
        "Net Income From Continuing Operation Net Minority Interest": -6451000.0,
        "Reconciled Depreciation": 1410000.0,
        "Reconciled Cost Of Revenue": 5877000.0,
        "EBITDA": -5276000.0,
        "EBIT": -6686000.0,
        "Net Interest Income": 113000.0,
        "Interest Income": 113000.0,
        "Normalized Income": -6547000.0,
        "Net Income From Continuing And Discontinued Operation": -6451000.0,
        "Total Expenses": 109909000.0,
        "Total Operating Income As Reported": -6590000.0,
        "Diluted Average Shares": 32008000.0,
        "Basic Average Shares": 32008000.0,
        "Diluted EPS": -0.2,
        "Basic EPS": -0.2,
        "Diluted NI Availto Com Stockholders": -6451000.0,
        "Net Income Common Stockholders": -6451000.0,
        "Net Income": -6451000.0,
        "Net Income Including Noncontrolling Interests": -6451000.0,
        "Net Income Continuous Operations": -6451000.0,
        "Tax Provision": 0.0,
        "Pretax Income": -6451000.0,
        "Other Income Expense": 122000.0,
        "Other Non Operating Income Expenses": 26000.0,
        "Special Income Charges": 96000.0,
        "Restructuring And Mergern Acquisition": -96000.0,
        "Net Non Operating Interest Income Expense": 113000.0,
        "Interest Income Non Operating": 113000.0,
        "Operating Income": -6686000.0,
        "Operating Expense": 104032000.0,
        "Research And Development": 7832000.0,
        "Selling General And Administration": 96200000.0,
        "Selling And Marketing Expense": 89098000.0,
        "General And Administrative Expense": 7102000.0,
        "Other Gand A": 7102000.0,
        "Gross Profit": 97346000.0,
        "Cost Of Revenue": 5877000.0,
        "Total Revenue": 103223000.0,
        "Operating Revenue": 88150000.0
    },
    "2022-06-30": {
        "Tax Effect Of Unusual Items": 0.0,
        "Tax Rate For Calcs": 0.0,
        "Normalized EBITDA": -9974000.0,
        "Total Unusual Items": 3779000.0,
        "Total Unusual Items Excluding Goodwill": 3779000.0,
        "Net Income From Continuing Operation Net Minority Interest": -3756000.0,
        "Reconciled Depreciation": 1405000.0,
        "Reconciled Cost Of Revenue": 6059000.0,
        "EBITDA": -6195000.0,
        "EBIT": -7600000.0,
        "Net Interest Income": 37000.0,
        "Interest Income": 37000.0,
        "Normalized Income": -7535000.0,
        "Net Income From Continuing And Discontinued Operation": -3756000.0,
        "Total Expenses": 109515000.0,
        "Total Operating Income As Reported": -3821000.0,
        "Diluted Average Shares": 31519000.0,
        "Basic Average Shares": 31519000.0,
        "Diluted EPS": -0.12,
        "Basic EPS": -0.12,
        "Diluted NI Availto Com Stockholders": -3756000.0,
        "Net Income Common Stockholders": -3756000.0,
        "Net Income": -3756000.0,
        "Net Income Including Noncontrolling Interests": -3756000.0,
        "Net Income Continuous Operations": -3756000.0,
        "Tax Provision": NaN,
        "Pretax Income": -3756000.0,
        "Other Income Expense": 3807000.0,
        "Other Non Operating Income Expenses": 28000.0,
        "Special Income Charges": 3779000.0,
        "Restructuring And Mergern Acquisition": -3779000.0,
        "Net Non Operating Interest Income Expense": 37000.0,
        "Interest Income Non Operating": 37000.0,
        "Operating Income": -7600000.0,
        "Operating Expense": 103456000.0,
        "Research And Development": 8245000.0,
        "Selling General And Administration": 95211000.0,
        "Selling And Marketing Expense": 87854000.0,
        "General And Administrative Expense": 7357000.0,
        "Other Gand A": 7357000.0,
        "Gross Profit": 95856000.0,
        "Cost Of Revenue": 6059000.0,
        "Total Revenue": 101915000.0,
        "Operating Revenue": 81375000.0
    },
    "2022-03-31": {
        "Diluted EPS": -0.19,
        "Total Revenue": 111,
        "Gross Profit": 105,
        "Operating Income": -6,
        "EBIT": -4,
        "Net Income": -6
    },
    "2021-12-31": {
        "Diluted EPS": -0.29,
        "Total Revenue": 102,
        "Gross Profit": 96,
        "Operating Income": -8,
        "EBIT": -7,
        "Net Income": -8
    },
    "2021-09-30": {
        "Diluted EPS": -0.18,
        "Total Revenue": 108,
        "Gross Profit": 102,
        "Operating Income": -8,
        "EBIT": -6,
        "Net Income": -5
    },
    "2021-06-30": {
        "Diluted EPS": -0.07,
        "Total Revenue": 105,
        "Gross Profit": 99,
        "Operating Income": -2,
        "EBIT": -1,
        "Net Income": -2
    },
    "2021-03-31": {
        "Diluted EPS": -0.13,
        "Total Revenue": 104,
        "Gross Profit": 98,
        "Operating Income": -4,
        "EBIT": -3,
        "Net Income": -4
    },
    "2020-12-31": {
        "Diluted EPS": -0.14,
        "Total Revenue": 97,
        "Gross Profit": 92,
        "Operating Income": -4,
        "EBIT": -3,
        "Net Income": -4
    },
    "2020-09-30": {
        "Diluted EPS": -0.12,
        "Total Revenue": 90,
        "Gross Profit": 85,
        "Operating Income": -3,
        "EBIT": -3,
        "Net Income": -3
    },
    "2020-06-30": {
        "Diluted EPS": -0.1,
        "Total Revenue": 78,
        "Gross Profit": 73,
        "Operating Income": -3,
        "EBIT": -2,
        "Net Income": -3
    },
    "2020-03-31": {
        "Diluted EPS": -0.05,
        "Total Revenue": 81,
        "Gross Profit": 76,
        "Operating Income": -2,
        "EBIT": -1,
        "Net Income": -1
    },
    "2019-12-31": {
        "Diluted EPS": -0.04,
        "Total Revenue": 74,
        "Gross Profit": 69,
        "Operating Income": -1,
        "EBIT": -1,
        "Net Income": -1
    },
    "2019-09-30": {
        "Diluted EPS": 0.01,
        "Total Revenue": 67,
        "Gross Profit": 63,
        "Operating Income": 0,
        "EBIT": 1,
        "Net Income": 0
    },
    "2019-06-30": {
        "Diluted EPS": -0.08,
        "Total Revenue": 56,
        "Gross Profit": 52,
        "Operating Income": -2,
        "EBIT": -2,
        "Net Income": -2
    },
    "2019-03-31": {
        "Diluted EPS": -0.17,
        "Total Revenue": 52,
        "Gross Profit": 49,
        "Operating Income": -5,
        "EBIT": -4,
        "Net Income": -4
    },
    "2018-12-31": {
        "Diluted EPS": 1.64,
        "Total Revenue": 40,
        "Gross Profit": 37,
        "Operating Income": -7,
        "EBIT": -7,
        "Net Income": -7
    },
    "2018-09-30": {
        "Diluted EPS": -0.15,
        "Total Revenue": 42,
        "Gross Profit": 39,
        "Operating Income": -4,
        "EBIT": -4,
        "Net Income": -4
    },
    "2018-06-30": {
        "Diluted EPS": -3.1,
        "Total Revenue": 41,
        "Gross Profit": 38,
        "Operating Income": -2,
        "EBIT": -1,
        "Net Income": -28
    },
    "2018-03-31": {
        "Diluted EPS": -1.42,
        "Total Revenue": 41,
        "Gross Profit": 38,
        "Operating Income": -1,
        "EBIT": -1,
        "Net Income": -12
    },
    "2017-12-31": {
        "Diluted EPS": 0.0,
        "Total Revenue": NaN,
        "Gross Profit": NaN,
        "Operating Income": NaN,
        "EBIT": NaN,
        "Net Income": NaN
    },
    "2017-09-30": {
        "Diluted EPS": -0.07,
        "Total Revenue": 32,
        "Gross Profit": 30,
        "Operating Income": -1,
        "EBIT": -1,
        "Net Income": -1
    },
    "2017-06-30": {
        "Diluted EPS": -0.31,
        "Total Revenue": 30,
        "Gross Profit": 28,
        "Operating Income": -2,
        "EBIT": -2,
        "Net Income": -3
    },
    "2016-12-31": {
        "Diluted EPS": 0.0,
        "Total Revenue": NaN,
        "Gross Profit": NaN,
        "Operating Income": NaN,
        "EBIT": NaN,
        "Net Income": NaN
    },
    "2023-06-30": {
        "Tax Effect Of Unusual Items": -796950.0,
        "Tax Rate For Calcs": 0.21,
        "Normalized EBITDA": -4317000.0,
        "Total Unusual Items": -3795000.0,
        "Total Unusual Items Excluding Goodwill": -3795000.0,
        "Net Income From Continuing Operation Net Minority Interest": -13193000.0,
        "Reconciled Depreciation": 1463000.0,
        "Reconciled Cost Of Revenue": 5547000.0,
        "EBITDA": -8112000.0,
        "EBIT": -9575000.0,
        "Net Interest Income": 271000.0,
        "Interest Income": 271000.0,
        "Normalized Income": -10194950.0,
        "Net Income From Continuing And Discontinued Operation": -13193000.0,
        "Total Expenses": 77560000.0,
        "Total Operating Income As Reported": -13370000.0,
        "Diluted NI Availto Com Stockholders": -13193000.0,
        "Net Income Common Stockholders": -13193000.0,
        "Net Income": -13193000.0,
        "Net Income Including Noncontrolling Interests": -13193000.0,
        "Net Income Continuous Operations": -13193000.0,
        "Tax Provision": 78000.0,
        "Pretax Income": -13115000.0,
        "Other Income Expense": -3811000.0,
        "Other Non Operating Income Expenses": -16000.0,
        "Special Income Charges": -3795000.0,
        "Restructuring And Mergern Acquisition": 3795000.0,
        "Net Non Operating Interest Income Expense": 271000.0,
        "Interest Income Non Operating": 271000.0,
        "Operating Income": -9575000.0,
        "Operating Expense": 72013000.0,
        "Research And Development": 7450000.0,
        "Selling General And Administration": 64563000.0,
        "Selling And Marketing Expense": 58795000.0,
        "General And Administrative Expense": 5768000.0,
        "Other Gand A": 5768000.0,
        "Gross Profit": 62438000.0,
        "Cost Of Revenue": 5547000.0,
        "Total Revenue": 67985000.0,
        "Operating Revenue": 49744000.0
    },
    "2023-09-30": {
        "Tax Effect Of Unusual Items": -4148970.0,
        "Tax Rate For Calcs": 0.21,
        "Normalized EBITDA": 12353000.0,
        "Total Unusual Items": -19757000.0,
        "Total Unusual Items Excluding Goodwill": -19757000.0,
        "Net Income From Continuing Operation Net Minority Interest": -29217000.0,
        "Reconciled Depreciation": 2251000.0,
        "Reconciled Cost Of Revenue": 6150000.0,
        "EBITDA": -7404000.0,
        "EBIT": -9655000.0,
        "Net Interest Income": 411000.0,
        "Interest Income": 411000.0,
        "Normalized Income": -13608970.0,
        "Net Income From Continuing And Discontinued Operation": -29217000.0,
        "Total Expenses": 64666000.0,
        "Total Operating Income As Reported": -29412000.0,
        "Diluted NI Availto Com Stockholders": -29217000.0,
        "Net Income Common Stockholders": -29217000.0,
        "Net Income": -29217000.0,
        "Net Income Including Noncontrolling Interests": -29217000.0,
        "Net Income Continuous Operations": -29217000.0,
        "Tax Provision": 236000.0,
        "Pretax Income": -28981000.0,
        "Other Income Expense": -19737000.0,
        "Other Non Operating Income Expenses": 20000.0,
        "Special Income Charges": -19757000.0,
        "Restructuring And Mergern Acquisition": 19757000.0,
        "Net Non Operating Interest Income Expense": 411000.0,
        "Interest Income Non Operating": 411000.0,
        "Operating Income": -9655000.0,
        "Operating Expense": 58516000.0,
        "Research And Development": 6270000.0,
        "Selling General And Administration": 52246000.0,
        "Selling And Marketing Expense": 46505000.0,
        "General And Administrative Expense": 5741000.0,
        "Other Gand A": 5741000.0,
        "Gross Profit": 48861000.0,
        "Cost Of Revenue": 6150000.0,
        "Total Revenue": 55011000.0,
        "Operating Revenue": 53966000.0
    }
}