{
    "2023-03-31": {
        "Tax Effect Of Unusual Items": NaN,
        "Tax Rate For Calcs": NaN,
        "Normalized EBITDA": NaN,
        "Total Unusual Items": NaN,
        "Total Unusual Items Excluding Goodwill": NaN,
        "Net Income From Continuing Operation Net Minority Interest": NaN,
        "Reconciled Depreciation": NaN,
        "Reconciled Cost Of Revenue": NaN,
        "EBITDA": NaN,
        "EBIT": NaN,
        "Net Interest Income": NaN,
        "Interest Expense": NaN,
        "Interest Income": NaN,
        "Normalized Income": NaN,
        "Net Income From Continuing And Discontinued Operation": NaN,
        "Total Expenses": NaN,
        "Total Operating Income As Reported": NaN,
        "Diluted Average Shares": NaN,
        "Basic Average Shares": NaN,
        "Diluted EPS": NaN,
        "Basic EPS": NaN,
        "Diluted NI Availto Com Stockholders": NaN,
        "Net Income Common Stockholders": NaN,
        "Preferred Stock Dividends": NaN,
        "Net Income": NaN,
        "Net Income Including Noncontrolling Interests": NaN,
        "Net Income Discontinuous Operations": NaN,
        "Net Income Continuous Operations": NaN,
        "Tax Provision": NaN,
        "Pretax Income": NaN,
        "Other Income Expense": NaN,
        "Other Non Operating Income Expenses": NaN,
        "Special Income Charges": NaN,
        "Gain On Sale Of Ppe": NaN,
        "Impairment Of Capital Assets": NaN,
        "Restructuring And Mergern Acquisition": NaN,
        "Earnings From Equity Interest": NaN,
        "Net Non Operating Interest Income Expense": NaN,
        "Interest Expense Non Operating": NaN,
        "Interest Income Non Operating": NaN,
        "Operating Income": NaN,
        "Operating Expense": NaN,
        "Depreciation Amortization Depletion Income Statement": NaN,
        "Depreciation And Amortization In Income Statement": NaN,
        "Selling General And Administration": NaN,
        "General And Administrative Expense": 89726000.0,
        "Other Gand A": 89726000.0,
        "Gross Profit": NaN,
        "Cost Of Revenue": NaN,
        "Total Revenue": NaN,
        "Operating Revenue": NaN
    },
    "2022-12-31": {
        "Tax Effect Of Unusual Items": NaN,
        "Tax Rate For Calcs": NaN,
        "Normalized EBITDA": NaN,
        "Total Unusual Items": NaN,
        "Total Unusual Items Excluding Goodwill": NaN,
        "Net Income From Continuing Operation Net Minority Interest": NaN,
        "Reconciled Depreciation": NaN,
        "Reconciled Cost Of Revenue": NaN,
        "EBITDA": NaN,
        "EBIT": NaN,
        "Net Interest Income": NaN,
        "Interest Expense": NaN,
        "Interest Income": NaN,
        "Normalized Income": NaN,
        "Net Income From Continuing And Discontinued Operation": NaN,
        "Total Expenses": NaN,
        "Total Operating Income As Reported": NaN,
        "Diluted Average Shares": NaN,
        "Basic Average Shares": NaN,
        "Diluted EPS": NaN,
        "Basic EPS": NaN,
        "Diluted NI Availto Com Stockholders": NaN,
        "Net Income Common Stockholders": NaN,
        "Preferred Stock Dividends": NaN,
        "Net Income": NaN,
        "Net Income Including Noncontrolling Interests": NaN,
        "Net Income Discontinuous Operations": 0.0,
        "Net Income Continuous Operations": NaN,
        "Tax Provision": NaN,
        "Pretax Income": NaN,
        "Other Income Expense": NaN,
        "Other Non Operating Income Expenses": NaN,
        "Special Income Charges": NaN,
        "Gain On Sale Of Ppe": NaN,
        "Other Special Charges": 0.0,
        "Impairment Of Capital Assets": NaN,
        "Restructuring And Mergern Acquisition": NaN,
        "Earnings From Equity Interest": NaN,
        "Net Non Operating Interest Income Expense": NaN,
        "Interest Expense Non Operating": NaN,
        "Interest Income Non Operating": NaN,
        "Operating Income": NaN,
        "Operating Expense": NaN,
        "Depreciation Amortization Depletion Income Statement": NaN,
        "Depreciation And Amortization In Income Statement": NaN,
        "Selling General And Administration": NaN,
        "General And Administrative Expense": NaN,
        "Other Gand A": NaN,
        "Gross Profit": NaN,
        "Cost Of Revenue": NaN,
        "Total Revenue": NaN,
        "Operating Revenue": NaN
    },
    "2022-09-30": {
        "Tax Effect Of Unusual Items": NaN,
        "Tax Rate For Calcs": NaN,
        "Normalized EBITDA": NaN,
        "Total Unusual Items": NaN,
        "Total Unusual Items Excluding Goodwill": NaN,
        "Net Income From Continuing Operation Net Minority Interest": NaN,
        "Reconciled Depreciation": NaN,
        "Reconciled Cost Of Revenue": NaN,
        "EBITDA": NaN,
        "EBIT": NaN,
        "Net Interest Income": NaN,
        "Interest Expense": NaN,
        "Interest Income": NaN,
        "Normalized Income": NaN,
        "Net Income From Continuing And Discontinued Operation": NaN,
        "Total Expenses": NaN,
        "Total Operating Income As Reported": NaN,
        "Diluted Average Shares": NaN,
        "Basic Average Shares": NaN,
        "Diluted EPS": NaN,
        "Basic EPS": NaN,
        "Diluted NI Availto Com Stockholders": NaN,
        "Net Income Common Stockholders": NaN,
        "Preferred Stock Dividends": NaN,
        "Net Income": NaN,
        "Net Income Including Noncontrolling Interests": NaN,
        "Net Income Discontinuous Operations": 0.0,
        "Net Income Continuous Operations": NaN,
        "Tax Provision": NaN,
        "Pretax Income": NaN,
        "Other Income Expense": NaN,
        "Other Non Operating Income Expenses": NaN,
        "Special Income Charges": NaN,
        "Gain On Sale Of Ppe": 0.0,
        "Other Special Charges": 10192000.0,
        "Impairment Of Capital Assets": 0.0,
        "Restructuring And Mergern Acquisition": NaN,
        "Earnings From Equity Interest": NaN,
        "Net Non Operating Interest Income Expense": NaN,
        "Interest Expense Non Operating": NaN,
        "Interest Income Non Operating": NaN,
        "Operating Income": NaN,
        "Operating Expense": NaN,
        "Depreciation Amortization Depletion Income Statement": NaN,
        "Depreciation And Amortization In Income Statement": NaN,
        "Selling General And Administration": NaN,
        "General And Administrative Expense": NaN,
        "Other Gand A": NaN,
        "Gross Profit": NaN,
        "Cost Of Revenue": NaN,
        "Total Revenue": NaN,
        "Operating Revenue": NaN
    },
    "2022-06-30": {
        "Tax Effect Of Unusual Items": -34161.05825,
        "Tax Rate For Calcs": 0.042701,
        "Normalized EBITDA": 13751000.0,
        "Total Unusual Items": -800000.0,
        "Total Unusual Items Excluding Goodwill": -800000.0,
        "Net Income From Continuing Operation Net Minority Interest": -4125000.0,
        "Reconciled Depreciation": 15112000.0,
        "Reconciled Cost Of Revenue": 249705000.0,
        "EBITDA": 12951000.0,
        "EBIT": -2161000.0,
        "Net Interest Income": -1925000.0,
        "Interest Expense": 2148000.0,
        "Interest Income": 223000.0,
        "Normalized Income": -3359161.05825,
        "Net Income From Continuing And Discontinued Operation": -4588000.0,
        "Total Expenses": 323772000.0,
        "Total Operating Income As Reported": -4633000.0,
        "Diluted Average Shares": 90071000.0,
        "Basic Average Shares": 90071000.0,
        "Diluted EPS": -0.05,
        "Basic EPS": -0.05,
        "Diluted NI Availto Com Stockholders": -4588000.0,
        "Net Income Common Stockholders": -4588000.0,
        "Otherunder Preferred Stock Dividend": NaN,
        "Preferred Stock Dividends": NaN,
        "Net Income": -4588000.0,
        "Net Income Including Noncontrolling Interests": -4588000.0,
        "Net Income Discontinuous Operations": -463000.0,
        "Net Income Continuous Operations": -4125000.0,
        "Tax Provision": -184000.0,
        "Pretax Income": -4309000.0,
        "Other Income Expense": 1449000.0,
        "Other Non Operating Income Expenses": 297000.0,
        "Special Income Charges": -800000.0,
        "Other Special Charges": NaN,
        "Impairment Of Capital Assets": NaN,
        "Restructuring And Mergern Acquisition": 800000.0,
        "Earnings From Equity Interest": 1952000.0,
        "Net Non Operating Interest Income Expense": -1925000.0,
        "Interest Expense Non Operating": 2148000.0,
        "Interest Income Non Operating": 223000.0,
        "Operating Income": -3833000.0,
        "Operating Expense": 74067000.0,
        "Depreciation Amortization Depletion Income Statement": 15112000.0,
        "Depreciation And Amortization In Income Statement": 15112000.0,
        "Selling General And Administration": 58955000.0,
        "General And Administrative Expense": 58955000.0,
        "Other Gand A": 58955000.0,
        "Gross Profit": 70234000.0,
        "Cost Of Revenue": 249705000.0,
        "Total Revenue": 319939000.0,
        "Operating Revenue": 319939000.0
    },
    "2023-06-30": {
        "Tax Effect Of Unusual Items": -438561.0,
        "Tax Rate For Calcs": 0.027,
        "Normalized EBITDA": 27542000.0,
        "Total Unusual Items": -16243000.0,
        "Total Unusual Items Excluding Goodwill": -16243000.0,
        "Net Income From Continuing Operation Net Minority Interest": -34323000.0,
        "Reconciled Depreciation": 32134000.0,
        "Reconciled Cost Of Revenue": 351938000.0,
        "EBITDA": 11299000.0,
        "EBIT": -20835000.0,
        "Net Interest Income": -13854000.0,
        "Interest Expense": 14458000.0,
        "Interest Income": 604000.0,
        "Normalized Income": -18518561.0,
        "Net Income From Continuing And Discontinued Operation": -34323000.0,
        "Total Expenses": 474461000.0,
        "Total Operating Income As Reported": -21568000.0,
        "Diluted Average Shares": 111278000.0,
        "Basic Average Shares": 111278000.0,
        "Diluted EPS": -0.37,
        "Basic EPS": -0.37,
        "Diluted NI Availto Com Stockholders": -41411000.0,
        "Net Income Common Stockholders": -41411000.0,
        "Preferred Stock Dividends": 7088000.0,
        "Net Income": -34323000.0,
        "Net Income Including Noncontrolling Interests": -34323000.0,
        "Net Income Discontinuous Operations": 0.0,
        "Net Income Continuous Operations": -34323000.0,
        "Tax Provision": -970000.0,
        "Pretax Income": -35293000.0,
        "Other Income Expense": -16114000.0,
        "Other Non Operating Income Expenses": -26000.0,
        "Special Income Charges": -16243000.0,
        "Gain On Sale Of Ppe": NaN,
        "Impairment Of Capital Assets": 24065000.0,
        "Restructuring And Mergern Acquisition": -7822000.0,
        "Earnings From Equity Interest": 155000.0,
        "Net Non Operating Interest Income Expense": -13854000.0,
        "Interest Expense Non Operating": 14458000.0,
        "Interest Income Non Operating": 604000.0,
        "Operating Income": -5325000.0,
        "Operating Expense": 122523000.0,
        "Depreciation Amortization Depletion Income Statement": 32134000.0,
        "Depreciation And Amortization In Income Statement": 32134000.0,
        "Selling General And Administration": 90389000.0,
        "General And Administrative Expense": 90389000.0,
        "Other Gand A": 90389000.0,
        "Gross Profit": 117198000.0,
        "Cost Of Revenue": 351938000.0,
        "Total Revenue": 469136000.0,
        "Operating Revenue": 469136000.0
    },
    "2022-03-31": {
        "Diluted EPS": -0.06,
        "Total Revenue": 297,
        "Gross Profit": 77,
        "Operating Income": -3,
        "EBIT": 25,
        "Net Income": -5
    },
    "2021-12-31": {
        "Diluted EPS": -0.06,
        "Total Revenue": 248,
        "Gross Profit": 84,
        "Operating Income": -12,
        "EBIT": 10,
        "Net Income": -6
    },
    "2021-09-30": {
        "Diluted EPS": -0.15,
        "Total Revenue": 222,
        "Gross Profit": 59,
        "Operating Income": -7,
        "EBIT": 14,
        "Net Income": -13
    },
    "2021-06-30": {
        "Diluted EPS": -0.11,
        "Total Revenue": 222,
        "Gross Profit": 50,
        "Operating Income": -8,
        "EBIT": 17,
        "Net Income": -9
    },
    "2021-03-31": {
        "Diluted EPS": -0.12,
        "Total Revenue": 215,
        "Gross Profit": 57,
        "Operating Income": -16,
        "EBIT": 7,
        "Net Income": -10
    },
    "2020-12-31": {
        "Diluted EPS": -0.19,
        "Total Revenue": 247,
        "Gross Profit": 72,
        "Operating Income": 5,
        "EBIT": 29,
        "Net Income": -15
    },
    "2020-09-30": {
        "Diluted EPS": -0.44,
        "Total Revenue": 240,
        "Gross Profit": 58,
        "Operating Income": -16,
        "EBIT": 8,
        "Net Income": -37
    },
    "2020-06-30": {
        "Diluted EPS": -2.38,
        "Total Revenue": 217,
        "Gross Profit": 53,
        "Operating Income": -226,
        "EBIT": 13,
        "Net Income": -204
    },
    "2020-03-31": {
        "Diluted EPS": -0.93,
        "Total Revenue": 221,
        "Gross Profit": 46,
        "Operating Income": -25,
        "EBIT": 0,
        "Net Income": -79
    },
    "2019-12-31": {
        "Diluted EPS": -2.4,
        "Total Revenue": 77,
        "Gross Profit": -78,
        "Operating Income": -217,
        "EBIT": 3,
        "Net Income": -198
    },
    "2019-09-30": {
        "Diluted EPS": -0.3,
        "Total Revenue": 220,
        "Gross Profit": 88,
        "Operating Income": -20,
        "EBIT": -1,
        "Net Income": -26
    },
    "2019-06-30": {
        "Diluted EPS": -0.38,
        "Total Revenue": 192,
        "Gross Profit": 84,
        "Operating Income": -25,
        "EBIT": -6,
        "Net Income": -32
    },
    "2019-03-31": {
        "Diluted EPS": -0.59,
        "Total Revenue": 198,
        "Gross Profit": 80,
        "Operating Income": -47,
        "EBIT": -29,
        "Net Income": -47
    },
    "2018-12-31": {
        "Diluted EPS": -0.21,
        "Total Revenue": 193,
        "Gross Profit": 80,
        "Operating Income": -13,
        "EBIT": 4,
        "Net Income": -17
    },
    "2018-09-30": {
        "Diluted EPS": -0.16,
        "Total Revenue": 150,
        "Gross Profit": 76,
        "Operating Income": -11,
        "EBIT": 0,
        "Net Income": -12
    },
    "2018-06-30": {
        "Diluted EPS": -0.13,
        "Total Revenue": 144,
        "Gross Profit": 75,
        "Operating Income": -9,
        "EBIT": 2,
        "Net Income": -10
    },
    "2018-03-31": {
        "Diluted EPS": -0.18,
        "Total Revenue": 140,
        "Gross Profit": 68,
        "Operating Income": -14,
        "EBIT": -4,
        "Net Income": -14
    },
    "2017-12-31": {
        "Diluted EPS": -0.14,
        "Total Revenue": 114,
        "Gross Profit": 48,
        "Operating Income": -18,
        "EBIT": -7,
        "Net Income": -13
    },
    "2017-09-30": {
        "Diluted EPS": -0.18,
        "Total Revenue": 108,
        "Gross Profit": 40,
        "Operating Income": -14,
        "EBIT": -6,
        "Net Income": -13
    },
    "2017-06-30": {
        "Diluted EPS": -0.28,
        "Total Revenue": 107,
        "Gross Profit": 39,
        "Operating Income": -19,
        "EBIT": -12,
        "Net Income": -17
    },
    "2017-03-31": {
        "Diluted EPS": -0.34,
        "Total Revenue": 106,
        "Gross Profit": 39,
        "Operating Income": -21,
        "EBIT": -15,
        "Net Income": -18
    },
    "2016-12-31": {
        "Diluted EPS": -0.18,
        "Total Revenue": 88,
        "Gross Profit": 28,
        "Operating Income": -34,
        "EBIT": -27,
        "Net Income": -17
    },
    "2016-09-30": {
        "Diluted EPS": -0.26,
        "Total Revenue": 60,
        "Gross Profit": 26,
        "Operating Income": -16,
        "EBIT": -12,
        "Net Income": -11
    },
    "2016-06-30": {
        "Diluted EPS": -0.2,
        "Total Revenue": 57,
        "Gross Profit": 24,
        "Operating Income": -13,
        "EBIT": -9,
        "Net Income": -8
    },
    "2016-03-31": {
        "Diluted EPS": -2.91,
        "Total Revenue": 49,
        "Gross Profit": 21,
        "Operating Income": -175,
        "EBIT": -11,
        "Net Income": -123
    },
    "2015-12-31": {
        "Diluted EPS": 1.71,
        "Total Revenue": 46,
        "Gross Profit": 21,
        "Operating Income": -14,
        "EBIT": -11,
        "Net Income": -5
    },
    "2015-09-30": {
        "Diluted EPS": -0.29,
        "Total Revenue": 40,
        "Gross Profit": 16,
        "Operating Income": -17,
        "EBIT": -14,
        "Net Income": -12
    },
    "2015-06-30": {
        "Diluted EPS": 9.73,
        "Total Revenue": 10,
        "Gross Profit": 3,
        "Operating Income": -12,
        "EBIT": -12,
        "Net Income": 360
    },
    "2015-03-31": {
        "Diluted EPS": -4.22,
        "Total Revenue": NaN,
        "Gross Profit": NaN,
        "Operating Income": NaN,
        "EBIT": NaN,
        "Net Income": -13
    },
    "2014-12-31": {
        "Diluted EPS": -8.22,
        "Total Revenue": -20,
        "Gross Profit": -5,
        "Operating Income": 12,
        "EBIT": 12,
        "Net Income": -5
    },
    "2014-09-30": {
        "Diluted EPS": -2.07,
        "Total Revenue": NaN,
        "Gross Profit": NaN,
        "Operating Income": NaN,
        "EBIT": NaN,
        "Net Income": -3
    },
    "2014-06-30": {
        "Diluted EPS": -3.17,
        "Total Revenue": NaN,
        "Gross Profit": NaN,
        "Operating Income": NaN,
        "EBIT": NaN,
        "Net Income": -6
    },
    "2014-03-31": {
        "Diluted EPS": 0.0,
        "Total Revenue": 20,
        "Gross Profit": 5,
        "Operating Income": -12,
        "EBIT": -11,
        "Net Income": -12
    },
    "2013-12-31": {
        "Diluted EPS": 0.0,
        "Total Revenue": NaN,
        "Gross Profit": NaN,
        "Operating Income": NaN,
        "EBIT": NaN,
        "Net Income": NaN
    },
    "2023-09-30": {
        "Tax Effect Of Unusual Items": -2411460.0,
        "Tax Rate For Calcs": 0.18,
        "Normalized EBITDA": 29541000.0,
        "Total Unusual Items": -13397000.0,
        "Total Unusual Items Excluding Goodwill": -13397000.0,
        "Net Income From Continuing Operation Net Minority Interest": -25324000.0,
        "Reconciled Depreciation": 32404000.0,
        "Reconciled Cost Of Revenue": 386585000.0,
        "EBITDA": 16144000.0,
        "EBIT": -16260000.0,
        "Net Interest Income": -13543000.0,
        "Interest Expense": 14614000.0,
        "Interest Income": 1071000.0,
        "Normalized Income": -14338460.0,
        "Net Income From Continuing And Discontinued Operation": -25324000.0,
        "Total Expenses": 515556000.0,
        "Total Operating Income As Reported": -17938000.0,
        "Diluted Average Shares": 112282000.0,
        "Basic Average Shares": 112282000.0,
        "Diluted EPS": -0.3,
        "Basic EPS": -0.3,
        "Diluted NI Availto Com Stockholders": -33196000.0,
        "Net Income Common Stockholders": -33196000.0,
        "Preferred Stock Dividends": 7872000.0,
        "Net Income": -25324000.0,
        "Net Income Including Noncontrolling Interests": -25324000.0,
        "Net Income Discontinuous Operations": 0.0,
        "Net Income Continuous Operations": -25324000.0,
        "Tax Provision": -5550000.0,
        "Pretax Income": -30874000.0,
        "Other Income Expense": -12790000.0,
        "Other Non Operating Income Expenses": -77000.0,
        "Special Income Charges": -13397000.0,
        "Gain On Sale Of Ppe": -2097000.0,
        "Impairment Of Capital Assets": 0.0,
        "Restructuring And Mergern Acquisition": 11300000.0,
        "Earnings From Equity Interest": 684000.0,
        "Net Non Operating Interest Income Expense": -13543000.0,
        "Interest Expense Non Operating": 14614000.0,
        "Interest Income Non Operating": 1071000.0,
        "Operating Income": -4541000.0,
        "Operating Expense": 128971000.0,
        "Depreciation Amortization Depletion Income Statement": 32404000.0,
        "Depreciation And Amortization In Income Statement": 32404000.0,
        "Selling General And Administration": 96567000.0,
        "General And Administrative Expense": NaN,
        "Other Gand A": NaN,
        "Gross Profit": 124430000.0,
        "Cost Of Revenue": 386585000.0,
        "Total Revenue": 511015000.0,
        "Operating Revenue": 511015000.0
    },
    "2023-12-31": {
        "Tax Effect Of Unusual Items": -10048844.155034,
        "Tax Rate For Calcs": 0.304908,
        "Normalized EBITDA": 26730000.0,
        "Total Unusual Items": -32957000.0,
        "Total Unusual Items Excluding Goodwill": -32957000.0,
        "Net Income From Continuing Operation Net Minority Interest": -33411000.0,
        "Reconciled Depreciation": 29602000.0,
        "Reconciled Cost Of Revenue": 454428000.0,
        "EBITDA": -6227000.0,
        "EBIT": -35829000.0,
        "Net Interest Income": -9717000.0,
        "Interest Expense": 12238000.0,
        "Interest Income": 2521000.0,
        "Normalized Income": -10502844.155034,
        "Net Income From Continuing And Discontinued Operation": -33411000.0,
        "Total Expenses": 565458000.0,
        "Total Operating Income As Reported": -21350000.0,
        "Diluted Average Shares": 113588000.0,
        "Basic Average Shares": 113588000.0,
        "Diluted EPS": -0.36,
        "Basic EPS": -0.36,
        "Diluted NI Availto Com Stockholders": -41395000.0,
        "Net Income Common Stockholders": -41395000.0,
        "Preferred Stock Dividends": 7984000.0,
        "Net Income": -33411000.0,
        "Net Income Including Noncontrolling Interests": -33411000.0,
        "Net Income Discontinuous Operations": 0.0,
        "Net Income Continuous Operations": -33411000.0,
        "Tax Provision": -14656000.0,
        "Pretax Income": -48067000.0,
        "Other Income Expense": -28947000.0,
        "Other Non Operating Income Expenses": 3982000.0,
        "Special Income Charges": -32957000.0,
        "Gain On Sale Of Ppe": -6010000.0,
        "Impairment Of Capital Assets": 0.0,
        "Restructuring And Mergern Acquisition": 5937000.0,
        "Earnings From Equity Interest": 28000.0,
        "Net Non Operating Interest Income Expense": -9717000.0,
        "Interest Expense Non Operating": 12238000.0,
        "Interest Income Non Operating": 2521000.0,
        "Operating Income": -9403000.0,
        "Operating Expense": 111030000.0,
        "Depreciation Amortization Depletion Income Statement": 29602000.0,
        "Depreciation And Amortization In Income Statement": 29602000.0,
        "Selling General And Administration": 81428000.0,
        "General And Administrative Expense": NaN,
        "Other Gand A": NaN,
        "Gross Profit": 101627000.0,
        "Cost Of Revenue": 454428000.0,
        "Total Revenue": 556055000.0,
        "Operating Revenue": 556055000.0
    },
    "2024-03-31": {
        "Tax Effect Of Unusual Items": -1870680.0,
        "Tax Rate For Calcs": 0.21,
        "Normalized EBITDA": 27693000.0,
        "Total Unusual Items": -8908000.0,
        "Total Unusual Items Excluding Goodwill": -8908000.0,
        "Net Income From Continuing Operation Net Minority Interest": -17280000.0,
        "Reconciled Depreciation": 29503000.0,
        "Reconciled Cost Of Revenue": 535547000.0,
        "EBITDA": 18785000.0,
        "EBIT": -10718000.0,
        "Net Interest Income": -3447000.0,
        "Interest Expense": 5997000.0,
        "Interest Income": 2550000.0,
        "Normalized Income": -10242680.0,
        "Net Income From Continuing And Discontinued Operation": -17280000.0,
        "Total Expenses": 644154000.0,
        "Total Operating Income As Reported": -13409000.0,
        "Diluted Average Shares": 114141000.0,
        "Basic Average Shares": 114141000.0,
        "Diluted EPS": -0.22,
        "Basic EPS": -0.22,
        "Diluted NI Availto Com Stockholders": -25225000.0,
        "Net Income Common Stockholders": -25225000.0,
        "Preferred Stock Dividends": 7945000.0,
        "Net Income": -17280000.0,
        "Net Income Including Noncontrolling Interests": -17280000.0,
        "Net Income Discontinuous Operations": NaN,
        "Net Income Continuous Operations": -17280000.0,
        "Tax Provision": 565000.0,
        "Pretax Income": -16715000.0,
        "Other Income Expense": -8767000.0,
        "Other Non Operating Income Expenses": -165000.0,
        "Special Income Charges": -8908000.0,
        "Gain On Sale Of Ppe": NaN,
        "Impairment Of Capital Assets": NaN,
        "Restructuring And Mergern Acquisition": 8908000.0,
        "Earnings From Equity Interest": 306000.0,
        "Net Non Operating Interest Income Expense": -3447000.0,
        "Interest Expense Non Operating": 5997000.0,
        "Interest Income Non Operating": 2550000.0,
        "Operating Income": -4501000.0,
        "Operating Expense": 108607000.0,
        "Depreciation Amortization Depletion Income Statement": 29503000.0,
        "Depreciation And Amortization In Income Statement": 29503000.0,
        "Selling General And Administration": 79104000.0,
        "General And Administrative Expense": 79104000.0,
        "Other Gand A": 79104000.0,
        "Gross Profit": 104106000.0,
        "Cost Of Revenue": 535547000.0,
        "Total Revenue": 639653000.0,
        "Operating Revenue": 639653000.0
    },
    "2024-06-30": {
        "Tax Effect Of Unusual Items": 0.0,
        "Tax Rate For Calcs": 0.21,
        "Normalized EBITDA": 37223000.0,
        "Total Unusual Items": 0.0,
        "Total Unusual Items Excluding Goodwill": 0.0,
        "Net Income From Continuing Operation Net Minority Interest": 1596000.0,
        "Reconciled Depreciation": 29870000.0,
        "Reconciled Cost Of Revenue": 540302000.0,
        "EBITDA": 37223000.0,
        "EBIT": 7353000.0,
        "Net Interest Income": -4625000.0,
        "Interest Expense": 5995000.0,
        "Interest Income": 1370000.0,
        "Normalized Income": 1596000.0,
        "Net Income From Continuing And Discontinued Operation": 1596000.0,
        "Total Expenses": 639357000.0,
        "Total Operating Income As Reported": 7788000.0,
        "Diluted Average Shares": 114688000.0,
        "Basic Average Shares": 114688000.0,
        "Diluted EPS": -0.06,
        "Basic EPS": -0.06,
        "Diluted NI Availto Com Stockholders": -6383000.0,
        "Net Income Common Stockholders": -6383000.0,
        "Preferred Stock Dividends": 7979000.0,
        "Net Income": 1596000.0,
        "Net Income Including Noncontrolling Interests": 1596000.0,
        "Net Income Discontinuous Operations": NaN,
        "Net Income Continuous Operations": 1596000.0,
        "Tax Provision": -238000.0,
        "Pretax Income": 1358000.0,
        "Other Income Expense": -1805000.0,
        "Other Non Operating Income Expenses": -105000.0,
        "Special Income Charges": 0.0,
        "Gain On Sale Of Ppe": NaN,
        "Impairment Of Capital Assets": 0.0,
        "Restructuring And Mergern Acquisition": 0.0,
        "Earnings From Equity Interest": -1700000.0,
        "Net Non Operating Interest Income Expense": -4625000.0,
        "Interest Expense Non Operating": 5995000.0,
        "Interest Income Non Operating": 1370000.0,
        "Operating Income": 7788000.0,
        "Operating Expense": 99055000.0,
        "Depreciation Amortization Depletion Income Statement": 29870000.0,
        "Depreciation And Amortization In Income Statement": 29870000.0,
        "Selling General And Administration": 69185000.0,
        "General And Administrative Expense": NaN,
        "Other Gand A": NaN,
        "Gross Profit": 106843000.0,
        "Cost Of Revenue": 540302000.0,
        "Total Revenue": 647145000.0,
        "Operating Revenue": 647145000.0
    }
}