{
    "2022-12-31": {
        "Tax Effect Of Unusual Items": NaN,
        "Tax Rate For Calcs": NaN,
        "Normalized EBITDA": NaN,
        "Total Unusual Items": NaN,
        "Total Unusual Items Excluding Goodwill": NaN,
        "Net Income From Continuing Operation Net Minority Interest": NaN,
        "Reconciled Cost Of Revenue": NaN,
        "EBITDA": NaN,
        "EBIT": NaN,
        "Net Interest Income": NaN,
        "Interest Expense": NaN,
        "Interest Income": NaN,
        "Normalized Income": NaN,
        "Net Income From Continuing And Discontinued Operation": NaN,
        "Total Expenses": NaN,
        "Total Operating Income As Reported": NaN,
        "Diluted Average Shares": NaN,
        "Basic Average Shares": NaN,
        "Diluted EPS": NaN,
        "Basic EPS": NaN,
        "Diluted NI Availto Com Stockholders": NaN,
        "Net Income Common Stockholders": NaN,
        "Net Income": NaN,
        "Net Income Including Noncontrolling Interests": NaN,
        "Net Income Continuous Operations": NaN,
        "Tax Provision": NaN,
        "Pretax Income": NaN,
        "Other Income Expense": NaN,
        "Other Non Operating Income Expenses": NaN,
        "Special Income Charges": 5774000.0,
        "Write Off": -866000.0,
        "Impairment Of Capital Assets": 0.0,
        "Earnings From Equity Interest": NaN,
        "Gain On Sale Of Security": NaN,
        "Net Non Operating Interest Income Expense": NaN,
        "Interest Expense Non Operating": NaN,
        "Interest Income Non Operating": NaN,
        "Operating Income": NaN,
        "Operating Expense": NaN,
        "Other Operating Expenses": NaN,
        "Research And Development": NaN,
        "Selling General And Administration": NaN,
        "Gross Profit": NaN,
        "Cost Of Revenue": NaN,
        "Total Revenue": NaN,
        "Operating Revenue": NaN
    },
    "2022-09-30": {
        "Tax Effect Of Unusual Items": NaN,
        "Tax Rate For Calcs": NaN,
        "Normalized EBITDA": NaN,
        "Total Unusual Items": NaN,
        "Total Unusual Items Excluding Goodwill": NaN,
        "Net Income From Continuing Operation Net Minority Interest": NaN,
        "Reconciled Cost Of Revenue": NaN,
        "EBITDA": NaN,
        "EBIT": NaN,
        "Net Interest Income": NaN,
        "Interest Expense": NaN,
        "Interest Income": NaN,
        "Normalized Income": NaN,
        "Net Income From Continuing And Discontinued Operation": NaN,
        "Total Expenses": NaN,
        "Total Operating Income As Reported": NaN,
        "Diluted Average Shares": 353405306.0,
        "Basic Average Shares": 353405306.0,
        "Diluted EPS": -0.135,
        "Basic EPS": -0.135,
        "Diluted NI Availto Com Stockholders": NaN,
        "Net Income Common Stockholders": NaN,
        "Net Income": NaN,
        "Net Income Including Noncontrolling Interests": NaN,
        "Net Income Continuous Operations": NaN,
        "Tax Provision": NaN,
        "Pretax Income": NaN,
        "Other Income Expense": NaN,
        "Other Non Operating Income Expenses": NaN,
        "Special Income Charges": NaN,
        "Write Off": 0.0,
        "Impairment Of Capital Assets": NaN,
        "Earnings From Equity Interest": NaN,
        "Gain On Sale Of Security": NaN,
        "Net Non Operating Interest Income Expense": NaN,
        "Interest Expense Non Operating": NaN,
        "Interest Income Non Operating": NaN,
        "Operating Income": NaN,
        "Operating Expense": NaN,
        "Other Operating Expenses": NaN,
        "Research And Development": NaN,
        "Selling General And Administration": NaN,
        "Gross Profit": NaN,
        "Cost Of Revenue": NaN,
        "Total Revenue": NaN,
        "Operating Revenue": NaN
    },
    "2022-06-30": {
        "Tax Effect Of Unusual Items": -5667200.0,
        "Tax Rate For Calcs": 0.4,
        "Normalized EBITDA": -6501000.0,
        "Total Unusual Items": -14168000.0,
        "Total Unusual Items Excluding Goodwill": -14168000.0,
        "Net Income From Continuing Operation Net Minority Interest": -27937000.0,
        "Reconciled Cost Of Revenue": 141308000.0,
        "EBITDA": -20669000.0,
        "EBIT": -20669000.0,
        "Net Interest Income": -2435000.0,
        "Interest Expense": 3667000.0,
        "Interest Income": 1232000.0,
        "Normalized Income": -19436200.0,
        "Net Income From Continuing And Discontinued Operation": -27937000.0,
        "Total Expenses": 175973000.0,
        "Total Operating Income As Reported": -3770000.0,
        "Diluted Average Shares": 353405306.0,
        "Basic Average Shares": 353405306.0,
        "Diluted EPS": -0.08,
        "Basic EPS": -0.08,
        "Diluted NI Availto Com Stockholders": -27937000.0,
        "Net Income Common Stockholders": -27937000.0,
        "Net Income": -27937000.0,
        "Net Income Including Noncontrolling Interests": -27937000.0,
        "Net Income Continuous Operations": -27937000.0,
        "Tax Provision": 3601000.0,
        "Pretax Income": -24336000.0,
        "Other Income Expense": -18131000.0,
        "Other Non Operating Income Expenses": -435000.0,
        "Special Income Charges": 0.0,
        "Write Off": NaN,
        "Impairment Of Capital Assets": 0.0,
        "Earnings From Equity Interest": -3528000.0,
        "Gain On Sale Of Security": -14168000.0,
        "Net Non Operating Interest Income Expense": -2435000.0,
        "Interest Expense Non Operating": 3667000.0,
        "Interest Income Non Operating": 1232000.0,
        "Operating Income": -3770000.0,
        "Operating Expense": 34665000.0,
        "Other Operating Expenses": -19890000.0,
        "Research And Development": 18725000.0,
        "Selling General And Administration": 35830000.0,
        "Gross Profit": 30895000.0,
        "Cost Of Revenue": 141308000.0,
        "Total Revenue": 172203000.0,
        "Operating Revenue": 172203000.0
    },
    "2022-03-31": {
        "Diluted EPS": -0.92,
        "Total Revenue": 185,
        "Gross Profit": 36,
        "Operating Income": 1,
        "EBIT": 1,
        "Net Income": -82
    },
    "2021-12-31": {
        "Diluted EPS": -1.29,
        "Total Revenue": 216,
        "Gross Profit": 61,
        "Operating Income": 18,
        "EBIT": 18,
        "Net Income": -39
    },
    "2021-09-30": {
        "Diluted EPS": 1.64,
        "Total Revenue": 188,
        "Gross Profit": 51,
        "Operating Income": 21,
        "EBIT": 21,
        "Net Income": 158
    },
    "2021-06-30": {
        "Diluted EPS": 0.22,
        "Total Revenue": 167,
        "Gross Profit": 31,
        "Operating Income": 2,
        "EBIT": 2,
        "Net Income": 72
    },
    "2021-03-31": {
        "Diluted EPS": 0.19,
        "Total Revenue": 160,
        "Gross Profit": 37,
        "Operating Income": 8,
        "EBIT": 8,
        "Net Income": 64
    },
    "2020-12-31": {
        "Diluted EPS": 0.01,
        "Total Revenue": 166,
        "Gross Profit": 43,
        "Operating Income": 15,
        "EBIT": 15,
        "Net Income": -5
    },
    "2020-09-30": {
        "Diluted EPS": -0.01,
        "Total Revenue": 151,
        "Gross Profit": 42,
        "Operating Income": 19,
        "EBIT": 19,
        "Net Income": -2
    },
    "2020-06-30": {
        "Diluted EPS": -0.04,
        "Total Revenue": 123,
        "Gross Profit": 22,
        "Operating Income": 3,
        "EBIT": 3,
        "Net Income": -11
    },
    "2020-03-31": {
        "Diluted EPS": 0.06,
        "Total Revenue": 132,
        "Gross Profit": 37,
        "Operating Income": 18,
        "EBIT": 18,
        "Net Income": 25
    },
    "2019-12-31": {
        "Diluted EPS": 0.03,
        "Total Revenue": 139,
        "Gross Profit": 38,
        "Operating Income": 18,
        "EBIT": 18,
        "Net Income": 9
    },
    "2019-09-30": {
        "Diluted EPS": 0.07,
        "Total Revenue": 127,
        "Gross Profit": 39,
        "Operating Income": 25,
        "EBIT": 25,
        "Net Income": 21
    },
    "2019-06-30": {
        "Diluted EPS": -0.01,
        "Total Revenue": 116,
        "Gross Profit": 36,
        "Operating Income": 6,
        "EBIT": 6,
        "Net Income": -3
    },
    "2019-03-31": {
        "Diluted EPS": 0.05,
        "Total Revenue": 118,
        "Gross Profit": 36,
        "Operating Income": 22,
        "EBIT": 22,
        "Net Income": 15
    },
    "2018-12-31": {
        "Diluted EPS": 0.13,
        "Total Revenue": 121,
        "Gross Profit": 33,
        "Operating Income": 21,
        "EBIT": 21,
        "Net Income": 38
    },
    "2018-09-30": {
        "Diluted EPS": 0.13,
        "Total Revenue": 112,
        "Gross Profit": 39,
        "Operating Income": 44,
        "EBIT": 44,
        "Net Income": 40
    },
    "2018-06-30": {
        "Diluted EPS": 0.06,
        "Total Revenue": 113,
        "Gross Profit": 38,
        "Operating Income": 18,
        "EBIT": 18,
        "Net Income": 17
    },
    "2018-03-31": {
        "Diluted EPS": 0.01,
        "Total Revenue": 97,
        "Gross Profit": 23,
        "Operating Income": 8,
        "EBIT": 8,
        "Net Income": 4
    },
    "2017-12-31": {
        "Diluted EPS": 0.04,
        "Total Revenue": 100,
        "Gross Profit": 26,
        "Operating Income": 14,
        "EBIT": 14,
        "Net Income": 13
    },
    "2017-09-30": {
        "Diluted EPS": 0.01,
        "Total Revenue": 79,
        "Gross Profit": 27,
        "Operating Income": 9,
        "EBIT": 9,
        "Net Income": 3
    },
    "2017-06-30": {
        "Diluted EPS": 0.01,
        "Total Revenue": 59,
        "Gross Profit": 20,
        "Operating Income": 9,
        "EBIT": 9,
        "Net Income": 4
    },
    "2017-03-31": {
        "Diluted EPS": 0.03,
        "Total Revenue": 53,
        "Gross Profit": 20,
        "Operating Income": 10,
        "EBIT": 10,
        "Net Income": 8
    },
    "2016-12-31": {
        "Diluted EPS": 0.06,
        "Total Revenue": 47,
        "Gross Profit": 13,
        "Operating Income": 12,
        "EBIT": 12,
        "Net Income": 17
    },
    "2016-09-30": {
        "Diluted EPS": 0.04,
        "Total Revenue": 50,
        "Gross Profit": 23,
        "Operating Income": 13,
        "EBIT": 13,
        "Net Income": 10
    },
    "2016-06-30": {
        "Diluted EPS": 0.02,
        "Total Revenue": 43,
        "Gross Profit": 15,
        "Operating Income": 6,
        "EBIT": 6,
        "Net Income": 5
    },
    "2016-03-31": {
        "Diluted EPS": -0.01,
        "Total Revenue": 41,
        "Gross Profit": 14,
        "Operating Income": 3,
        "EBIT": 3,
        "Net Income": -1
    },
    "2015-12-31": {
        "Diluted EPS": 0.02,
        "Total Revenue": 44,
        "Gross Profit": 13,
        "Operating Income": 20,
        "EBIT": 20,
        "Net Income": 7
    },
    "2015-09-30": {
        "Diluted EPS": -0.01,
        "Total Revenue": 37,
        "Gross Profit": 12,
        "Operating Income": -1,
        "EBIT": -1,
        "Net Income": -3
    },
    "2015-06-30": {
        "Diluted EPS": 0.06,
        "Total Revenue": 37,
        "Gross Profit": 10,
        "Operating Income": -2,
        "EBIT": -2,
        "Net Income": 16
    },
    "2015-03-31": {
        "Diluted EPS": -0.01,
        "Total Revenue": 24,
        "Gross Profit": 7,
        "Operating Income": -4,
        "EBIT": -4,
        "Net Income": -1
    },
    "2014-12-31": {
        "Diluted EPS": 0.01,
        "Total Revenue": 33,
        "Gross Profit": 11,
        "Operating Income": 5,
        "EBIT": 13,
        "Net Income": 1
    },
    "2014-09-30": {
        "Diluted EPS": -0.02,
        "Total Revenue": 23,
        "Gross Profit": 5,
        "Operating Income": -5,
        "EBIT": -5,
        "Net Income": -4
    },
    "2014-06-30": {
        "Diluted EPS": -0.0,
        "Total Revenue": 30,
        "Gross Profit": 9,
        "Operating Income": -1,
        "EBIT": -1,
        "Net Income": -1
    },
    "2014-03-31": {
        "Diluted EPS": -0.02,
        "Total Revenue": 24,
        "Gross Profit": 6,
        "Operating Income": -5,
        "EBIT": -5,
        "Net Income": -6
    },
    "2013-12-31": {
        "Diluted EPS": -0.12,
        "Total Revenue": 35,
        "Gross Profit": 14,
        "Operating Income": 7,
        "EBIT": 20,
        "Net Income": -28
    },
    "2013-09-30": {
        "Diluted EPS": -0.0,
        "Total Revenue": 32,
        "Gross Profit": 15,
        "Operating Income": 5,
        "EBIT": 5,
        "Net Income": 0
    },
    "2013-06-30": {
        "Diluted EPS": -0.01,
        "Total Revenue": 26,
        "Gross Profit": 8,
        "Operating Income": -2,
        "EBIT": -2,
        "Net Income": -2
    },
    "2013-03-31": {
        "Diluted EPS": -0.02,
        "Total Revenue": 22,
        "Gross Profit": 5,
        "Operating Income": -4,
        "EBIT": -4,
        "Net Income": -4
    },
    "2012-12-31": {
        "Diluted EPS": -0.03,
        "Total Revenue": 30,
        "Gross Profit": 10,
        "Operating Income": 1,
        "EBIT": 2,
        "Net Income": -7
    },
    "2012-09-30": {
        "Diluted EPS": 0.03,
        "Total Revenue": 28,
        "Gross Profit": 11,
        "Operating Income": 2,
        "EBIT": 2,
        "Net Income": 7
    },
    "2012-06-30": {
        "Diluted EPS": 0.02,
        "Total Revenue": 27,
        "Gross Profit": 10,
        "Operating Income": 2,
        "EBIT": 2,
        "Net Income": 5
    },
    "2012-03-31": {
        "Diluted EPS": -0.01,
        "Total Revenue": 26,
        "Gross Profit": 8,
        "Operating Income": -2,
        "EBIT": -2,
        "Net Income": -3
    },
    "2011-12-31": {
        "Diluted EPS": -0.01,
        "Total Revenue": 28,
        "Gross Profit": 8,
        "Operating Income": -4,
        "EBIT": -4,
        "Net Income": -3
    },
    "2011-09-30": {
        "Diluted EPS": 0.05,
        "Total Revenue": 36,
        "Gross Profit": 19,
        "Operating Income": 10,
        "EBIT": 10,
        "Net Income": 11
    },
    "2011-06-30": {
        "Diluted EPS": 0.01,
        "Total Revenue": 26,
        "Gross Profit": 12,
        "Operating Income": 2,
        "EBIT": 2,
        "Net Income": 2
    },
    "2011-03-31": {
        "Diluted EPS": 0.0,
        "Total Revenue": 22,
        "Gross Profit": 9,
        "Operating Income": 0,
        "EBIT": 0,
        "Net Income": -1
    },
    "2010-12-31": {
        "Diluted EPS": 0.02,
        "Total Revenue": 23,
        "Gross Profit": 23,
        "Operating Income": 8,
        "EBIT": 8,
        "Net Income": 3
    },
    "2010-09-30": {
        "Diluted EPS": 0.01,
        "Total Revenue": 19,
        "Gross Profit": 9,
        "Operating Income": 2,
        "EBIT": 2,
        "Net Income": 1
    },
    "2010-06-30": {
        "Diluted EPS": 0.01,
        "Total Revenue": 20,
        "Gross Profit": 10,
        "Operating Income": 3,
        "EBIT": 3,
        "Net Income": 2
    },
    "2010-03-31": {
        "Diluted EPS": -0.01,
        "Total Revenue": 13,
        "Gross Profit": 5,
        "Operating Income": -2,
        "EBIT": -2,
        "Net Income": -2
    },
    "2009-12-31": {
        "Diluted EPS": 0.0,
        "Total Revenue": 20,
        "Gross Profit": 10,
        "Operating Income": 2,
        "EBIT": 8,
        "Net Income": -18
    },
    "2009-09-30": {
        "Diluted EPS": -0.02,
        "Total Revenue": 11,
        "Gross Profit": 2,
        "Operating Income": -9,
        "EBIT": -9,
        "Net Income": -4
    },
    "2009-06-30": {
        "Diluted EPS": -0.06,
        "Total Revenue": 15,
        "Gross Profit": 6,
        "Operating Income": -8,
        "EBIT": -8,
        "Net Income": -12
    },
    "2009-03-31": {
        "Diluted EPS": -0.14,
        "Total Revenue": 11,
        "Gross Profit": 4,
        "Operating Income": -16,
        "EBIT": -16,
        "Net Income": -29
    },
    "2023-06-30": {
        "Tax Effect Of Unusual Items": 2173607.672359,
        "Tax Rate For Calcs": 0.269511,
        "Normalized EBITDA": -25962000.0,
        "Total Unusual Items": 8065000.0,
        "Total Unusual Items Excluding Goodwill": 8065000.0,
        "Net Income From Continuing Operation Net Minority Interest": -14929000.0,
        "Reconciled Cost Of Revenue": 123956000.0,
        "EBITDA": -17897000.0,
        "EBIT": -17897000.0,
        "Net Interest Income": 286000.0,
        "Interest Expense": 2540000.0,
        "Interest Income": 2826000.0,
        "Normalized Income": -20820392.327641,
        "Net Income From Continuing And Discontinued Operation": -14929000.0,
        "Total Expenses": 206568000.0,
        "Total Operating Income As Reported": -36288000.0,
        "Diluted Average Shares": 353871488.0,
        "Basic Average Shares": 353871488.0,
        "Diluted EPS": -0.04,
        "Basic EPS": -0.04,
        "Diluted NI Availto Com Stockholders": -14929000.0,
        "Net Income Common Stockholders": -14929000.0,
        "Net Income": -14929000.0,
        "Net Income Including Noncontrolling Interests": -14929000.0,
        "Net Income Continuous Operations": -14929000.0,
        "Tax Provision": -5508000.0,
        "Pretax Income": -20437000.0,
        "Other Income Expense": 15565000.0,
        "Other Non Operating Income Expenses": 10590000.0,
        "Special Income Charges": NaN,
        "Write Off": NaN,
        "Impairment Of Capital Assets": NaN,
        "Earnings From Equity Interest": -3090000.0,
        "Gain On Sale Of Security": 8065000.0,
        "Net Non Operating Interest Income Expense": 286000.0,
        "Interest Expense Non Operating": 2540000.0,
        "Interest Income Non Operating": 2826000.0,
        "Operating Income": -36288000.0,
        "Operating Expense": 82612000.0,
        "Other Operating Expenses": 24626000.0,
        "Research And Development": 12377000.0,
        "Selling General And Administration": 45609000.0,
        "Gross Profit": 46324000.0,
        "Cost Of Revenue": 123956000.0,
        "Total Revenue": 170279000.0,
        "Operating Revenue": 170279000.0
    },
    "2023-09-30": {
        "Tax Effect Of Unusual Items": -2496600.0,
        "Tax Rate For Calcs": 0.15,
        "Normalized EBITDA": -9751000.0,
        "Total Unusual Items": -16644000.0,
        "Total Unusual Items Excluding Goodwill": -16644000.0,
        "Net Income From Continuing Operation Net Minority Interest": -38955000.0,
        "Reconciled Cost Of Revenue": 158454000.0,
        "EBITDA": -26395000.0,
        "EBIT": -26395000.0,
        "Net Interest Income": -1039000.0,
        "Interest Expense": 3521000.0,
        "Interest Income": 2482000.0,
        "Normalized Income": -24807600.0,
        "Net Income From Continuing And Discontinued Operation": -38955000.0,
        "Total Expenses": 208453000.0,
        "Total Operating Income As Reported": -12187000.0,
        "Diluted Average Shares": 353871488.0,
        "Basic Average Shares": 353871488.0,
        "Diluted EPS": -0.11,
        "Basic EPS": -0.11,
        "Diluted NI Availto Com Stockholders": -38955000.0,
        "Net Income Common Stockholders": -38955000.0,
        "Net Income": -38955000.0,
        "Net Income Including Noncontrolling Interests": -38955000.0,
        "Net Income Continuous Operations": -38955000.0,
        "Tax Provision": 9039000.0,
        "Pretax Income": -29916000.0,
        "Other Income Expense": -16702000.0,
        "Other Non Operating Income Expenses": 4401000.0,
        "Special Income Charges": -12000.0,
        "Write Off": NaN,
        "Impairment Of Capital Assets": 12000.0,
        "Earnings From Equity Interest": -4459000.0,
        "Gain On Sale Of Security": -16632000.0,
        "Net Non Operating Interest Income Expense": -1039000.0,
        "Interest Expense Non Operating": 3521000.0,
        "Interest Income Non Operating": 2482000.0,
        "Operating Income": -12176000.0,
        "Operating Expense": 49999000.0,
        "Other Operating Expenses": -6794000.0,
        "Research And Development": 17503000.0,
        "Selling General And Administration": 39290000.0,
        "Gross Profit": 37823000.0,
        "Cost Of Revenue": 158454000.0,
        "Total Revenue": 196278000.0,
        "Operating Revenue": 196278000.0
    },
    "2024-03-31": {
        "Tax Effect Of Unusual Items": -1861760.062729,
        "Tax Rate For Calcs": 0.228101,
        "Normalized EBITDA": -15947000.0,
        "Total Unusual Items": -8162000.0,
        "Total Unusual Items Excluding Goodwill": -8162000.0,
        "Net Income From Continuing Operation Net Minority Interest": -20673000.0,
        "Reconciled Cost Of Revenue": 173967000.0,
        "EBITDA": -24109000.0,
        "EBIT": -24109000.0,
        "Net Interest Income": -1255000.0,
        "Interest Expense": 2673000.0,
        "Interest Income": 1418000.0,
        "Normalized Income": -14372760.062729,
        "Net Income From Continuing And Discontinued Operation": -20673000.0,
        "Total Expenses": 226934000.0,
        "Total Operating Income As Reported": -18207000.0,
        "Diluted Average Shares": 354602500.0,
        "Basic Average Shares": 354602500.0,
        "Diluted EPS": -0.06,
        "Basic EPS": -0.058299,
        "Diluted NI Availto Com Stockholders": -20673000.0,
        "Net Income Common Stockholders": -20673000.0,
        "Net Income": -20673000.0,
        "Net Income Including Noncontrolling Interests": -20673000.0,
        "Net Income Continuous Operations": -20673000.0,
        "Tax Provision": -6109000.0,
        "Pretax Income": -26782000.0,
        "Other Income Expense": -7319000.0,
        "Other Non Operating Income Expenses": 1894000.0,
        "Special Income Charges": 0.0,
        "Write Off": NaN,
        "Impairment Of Capital Assets": 0.0,
        "Earnings From Equity Interest": -1051000.0,
        "Gain On Sale Of Security": -8162000.0,
        "Net Non Operating Interest Income Expense": -1255000.0,
        "Interest Expense Non Operating": 2673000.0,
        "Interest Income Non Operating": 1418000.0,
        "Operating Income": -18207000.0,
        "Operating Expense": 52967000.0,
        "Other Operating Expenses": -9212000.0,
        "Research And Development": 16242000.0,
        "Selling General And Administration": 45937000.0,
        "Gross Profit": 34760000.0,
        "Cost Of Revenue": 173967000.0,
        "Total Revenue": 208726000.0,
        "Operating Revenue": 208726000.0
    },
    "2023-12-31": {
        "Tax Effect Of Unusual Items": 671033.922997,
        "Tax Rate For Calcs": 0.328616,
        "Normalized EBITDA": -22886000.0,
        "Total Unusual Items": 2042000.0,
        "Total Unusual Items Excluding Goodwill": 2042000.0,
        "Net Income From Continuing Operation Net Minority Interest": -16131000.0,
        "Reconciled Cost Of Revenue": 163646000.0,
        "EBITDA": -20844000.0,
        "EBIT": -20844000.0,
        "Net Interest Income": -2078000.0,
        "Interest Expense": 3181000.0,
        "Interest Income": 1103000.0,
        "Normalized Income": -17501966.077003,
        "Net Income From Continuing And Discontinued Operation": -16131000.0,
        "Total Expenses": 212981000.0,
        "Total Operating Income As Reported": -11547000.0,
        "Diluted Average Shares": NaN,
        "Basic Average Shares": NaN,
        "Diluted EPS": NaN,
        "Basic EPS": NaN,
        "Diluted NI Availto Com Stockholders": -16131000.0,
        "Net Income Common Stockholders": -16131000.0,
        "Net Income": -16131000.0,
        "Net Income Including Noncontrolling Interests": -16131000.0,
        "Net Income Continuous Operations": -16130000.0,
        "Tax Provision": -7895000.0,
        "Pretax Income": -24025000.0,
        "Other Income Expense": -10279000.0,
        "Other Non Operating Income Expenses": -3177000.0,
        "Special Income Charges": 120000.0,
        "Write Off": NaN,
        "Impairment Of Capital Assets": -120000.0,
        "Earnings From Equity Interest": -9144000.0,
        "Gain On Sale Of Security": 1922000.0,
        "Net Non Operating Interest Income Expense": -2078000.0,
        "Interest Expense Non Operating": 3181000.0,
        "Interest Income Non Operating": 1103000.0,
        "Operating Income": -11668000.0,
        "Operating Expense": 49335000.0,
        "Other Operating Expenses": 11856000.0,
        "Research And Development": 20163000.0,
        "Selling General And Administration": 42128000.0,
        "Gross Profit": 37667000.0,
        "Cost Of Revenue": 163646000.0,
        "Total Revenue": 201313000.0,
        "Operating Revenue": 201313000.0
    },
    "2023-03-31": {
        "Tax Effect Of Unusual Items": -374700.0,
        "Tax Rate For Calcs": 0.15,
        "Normalized EBITDA": -1219000.0,
        "Total Unusual Items": -2498000.0,
        "Total Unusual Items Excluding Goodwill": -2498000.0,
        "Net Income From Continuing Operation Net Minority Interest": -13898000.0,
        "Reconciled Cost Of Revenue": 160319000.0,
        "EBITDA": -3717000.0,
        "EBIT": -3717000.0,
        "Net Interest Income": 354000.0,
        "Interest Expense": 2498000.0,
        "Interest Income": 2852000.0,
        "Normalized Income": -11774700.0,
        "Net Income From Continuing And Discontinued Operation": -13898000.0,
        "Total Expenses": 201040000.0,
        "Total Operating Income As Reported": 12515000.0,
        "Diluted Average Shares": 353871642.0,
        "Basic Average Shares": 353871642.0,
        "Diluted EPS": -0.04,
        "Basic EPS": -0.039274,
        "Diluted NI Availto Com Stockholders": -13898000.0,
        "Net Income Common Stockholders": -13898000.0,
        "Net Income": -13898000.0,
        "Net Income Including Noncontrolling Interests": -13898000.0,
        "Net Income Continuous Operations": -13898000.0,
        "Tax Provision": 7683000.0,
        "Pretax Income": -6215000.0,
        "Other Income Expense": -19084000.0,
        "Other Non Operating Income Expenses": -12527000.0,
        "Special Income Charges": 0.0,
        "Write Off": NaN,
        "Impairment Of Capital Assets": 0.0,
        "Earnings From Equity Interest": -4059000.0,
        "Gain On Sale Of Security": -2498000.0,
        "Net Non Operating Interest Income Expense": 354000.0,
        "Interest Expense Non Operating": 2498000.0,
        "Interest Income Non Operating": 2852000.0,
        "Operating Income": 12515000.0,
        "Operating Expense": 40721000.0,
        "Other Operating Expenses": -20348000.0,
        "Research And Development": 18486000.0,
        "Selling General And Administration": 42583000.0,
        "Gross Profit": 53236000.0,
        "Cost Of Revenue": 160319000.0,
        "Total Revenue": 213556000.0,
        "Operating Revenue": 213556000.0
    }
}