{
    "2023-03-31": {
        "Tax Effect Of Unusual Items": NaN,
        "Tax Rate For Calcs": NaN,
        "Normalized EBITDA": NaN,
        "Total Unusual Items": NaN,
        "Total Unusual Items Excluding Goodwill": NaN,
        "Net Income From Continuing Operation Net Minority Interest": NaN,
        "Reconciled Depreciation": NaN,
        "Reconciled Cost Of Revenue": NaN,
        "EBITDA": NaN,
        "EBIT": NaN,
        "Net Interest Income": NaN,
        "Interest Expense": NaN,
        "Normalized Income": NaN,
        "Net Income From Continuing And Discontinued Operation": NaN,
        "Total Expenses": NaN,
        "Total Operating Income As Reported": NaN,
        "Diluted Average Shares": 230300000.0,
        "Basic Average Shares": 230000000.0,
        "Diluted EPS": 0.62,
        "Basic EPS": 0.62,
        "Diluted NI Availto Com Stockholders": NaN,
        "Net Income Common Stockholders": NaN,
        "Net Income": NaN,
        "Minority Interests": NaN,
        "Net Income Including Noncontrolling Interests": NaN,
        "Net Income Continuous Operations": NaN,
        "Earnings From Equity Interest Net Of Tax": NaN,
        "Tax Provision": NaN,
        "Pretax Income": NaN,
        "Other Income Expense": NaN,
        "Other Non Operating Income Expenses": NaN,
        "Special Income Charges": NaN,
        "Impairment Of Capital Assets": NaN,
        "Gain On Sale Of Security": NaN,
        "Net Non Operating Interest Income Expense": NaN,
        "Interest Expense Non Operating": NaN,
        "Operating Income": NaN,
        "Operating Expense": NaN,
        "Other Operating Expenses": NaN,
        "Other Taxes": NaN,
        "Depreciation Amortization Depletion Income Statement": NaN,
        "Depreciation And Amortization In Income Statement": NaN,
        "Selling General And Administration": 14800000.0,
        "General And Administrative Expense": 14800000.0,
        "Insurance And Claims": NaN,
        "Salaries And Wages": 14800000.0,
        "Gross Profit": NaN,
        "Cost Of Revenue": NaN,
        "Total Revenue": NaN,
        "Operating Revenue": NaN
    },
    "2022-12-31": {
        "Tax Effect Of Unusual Items": NaN,
        "Tax Rate For Calcs": NaN,
        "Normalized EBITDA": NaN,
        "Total Unusual Items": NaN,
        "Total Unusual Items Excluding Goodwill": NaN,
        "Net Income From Continuing Operation Net Minority Interest": NaN,
        "Reconciled Depreciation": NaN,
        "Reconciled Cost Of Revenue": NaN,
        "EBITDA": NaN,
        "EBIT": NaN,
        "Net Interest Income": NaN,
        "Interest Expense": NaN,
        "Normalized Income": NaN,
        "Net Income From Continuing And Discontinued Operation": NaN,
        "Total Expenses": NaN,
        "Total Operating Income As Reported": NaN,
        "Diluted Average Shares": NaN,
        "Basic Average Shares": NaN,
        "Diluted EPS": NaN,
        "Basic EPS": NaN,
        "Diluted NI Availto Com Stockholders": NaN,
        "Net Income Common Stockholders": NaN,
        "Net Income": NaN,
        "Minority Interests": NaN,
        "Net Income Including Noncontrolling Interests": NaN,
        "Net Income Continuous Operations": NaN,
        "Earnings From Equity Interest Net Of Tax": NaN,
        "Tax Provision": NaN,
        "Pretax Income": NaN,
        "Other Income Expense": NaN,
        "Other Non Operating Income Expenses": NaN,
        "Special Income Charges": -28900000.0,
        "Impairment Of Capital Assets": 28900000.0,
        "Gain On Sale Of Security": NaN,
        "Net Non Operating Interest Income Expense": NaN,
        "Interest Expense Non Operating": NaN,
        "Operating Income": NaN,
        "Operating Expense": NaN,
        "Other Operating Expenses": NaN,
        "Other Taxes": NaN,
        "Depreciation Amortization Depletion Income Statement": NaN,
        "Depreciation And Amortization In Income Statement": NaN,
        "Selling General And Administration": NaN,
        "General And Administrative Expense": NaN,
        "Insurance And Claims": NaN,
        "Salaries And Wages": NaN,
        "Gross Profit": NaN,
        "Cost Of Revenue": NaN,
        "Total Revenue": NaN,
        "Operating Revenue": NaN
    },
    "2022-09-30": {
        "Tax Effect Of Unusual Items": NaN,
        "Tax Rate For Calcs": NaN,
        "Normalized EBITDA": NaN,
        "Total Unusual Items": NaN,
        "Total Unusual Items Excluding Goodwill": NaN,
        "Net Income From Continuing Operation Net Minority Interest": NaN,
        "Reconciled Depreciation": NaN,
        "Reconciled Cost Of Revenue": NaN,
        "EBITDA": NaN,
        "EBIT": NaN,
        "Net Interest Income": NaN,
        "Interest Expense": NaN,
        "Normalized Income": NaN,
        "Net Income From Continuing And Discontinued Operation": NaN,
        "Total Expenses": NaN,
        "Total Operating Income As Reported": NaN,
        "Diluted Average Shares": 230600000.0,
        "Basic Average Shares": 229900000.0,
        "Diluted EPS": 1.86,
        "Basic EPS": 1.86,
        "Diluted NI Availto Com Stockholders": NaN,
        "Net Income Common Stockholders": NaN,
        "Net Income": NaN,
        "Minority Interests": NaN,
        "Net Income Including Noncontrolling Interests": NaN,
        "Net Income Continuous Operations": NaN,
        "Earnings From Equity Interest Net Of Tax": NaN,
        "Tax Provision": NaN,
        "Pretax Income": NaN,
        "Other Income Expense": NaN,
        "Other Non Operating Income Expenses": NaN,
        "Special Income Charges": -6000000.0,
        "Impairment Of Capital Assets": 6000000.0,
        "Gain On Sale Of Security": NaN,
        "Net Non Operating Interest Income Expense": NaN,
        "Interest Expense Non Operating": NaN,
        "Operating Income": NaN,
        "Operating Expense": NaN,
        "Other Taxes": NaN,
        "Depreciation Amortization Depletion Income Statement": NaN,
        "Depreciation And Amortization In Income Statement": NaN,
        "Gross Profit": NaN,
        "Cost Of Revenue": NaN,
        "Total Revenue": NaN,
        "Operating Revenue": NaN
    },
    "2022-06-30": {
        "Tax Effect Of Unusual Items": -90900.0,
        "Tax Rate For Calcs": 0.101,
        "Normalized EBITDA": 566600000.0,
        "Total Unusual Items": -900000.0,
        "Total Unusual Items Excluding Goodwill": -900000.0,
        "Net Income From Continuing Operation Net Minority Interest": 194500000.0,
        "Reconciled Depreciation": 248100000.0,
        "Reconciled Cost Of Revenue": 762600000.0,
        "EBITDA": 565700000.0,
        "EBIT": 317600000.0,
        "Net Interest Income": -99300000.0,
        "Interest Expense": 99300000.0,
        "Normalized Income": 195309100.0,
        "Net Income From Continuing And Discontinued Operation": 194500000.0,
        "Total Expenses": 1111000000.0,
        "Total Operating Income As Reported": 335500000.0,
        "Diluted Average Shares": 230400000.0,
        "Basic Average Shares": 229900000.0,
        "Diluted EPS": 0.84,
        "Basic EPS": 0.85,
        "Diluted NI Availto Com Stockholders": 194500000.0,
        "Net Income Common Stockholders": 194500000.0,
        "Net Income": 194500000.0,
        "Minority Interests": -3100000.0,
        "Net Income Including Noncontrolling Interests": 197600000.0,
        "Net Income Continuous Operations": 197600000.0,
        "Earnings From Equity Interest Net Of Tax": 1400000.0,
        "Tax Provision": 22100000.0,
        "Pretax Income": 218300000.0,
        "Other Income Expense": -17900000.0,
        "Other Non Operating Income Expenses": -17000000.0,
        "Special Income Charges": NaN,
        "Impairment Of Capital Assets": NaN,
        "Gain On Sale Of Security": -900000.0,
        "Net Non Operating Interest Income Expense": -99300000.0,
        "Interest Expense Non Operating": 99300000.0,
        "Operating Income": 335500000.0,
        "Operating Expense": 332400000.0,
        "Other Taxes": 100300000.0,
        "Depreciation Amortization Depletion Income Statement": 232100000.0,
        "Depreciation And Amortization In Income Statement": 232100000.0,
        "Gross Profit": 667900000.0,
        "Cost Of Revenue": 778600000.0,
        "Total Revenue": 1446500000.0,
        "Operating Revenue": 1346700000.0
    },
    "2022-03-31": {
        "Diluted EPS": 0.53,
        "Total Revenue": NaN,
        "Gross Profit": 836,
        "Operating Income": 253,
        "EBIT": 511,
        "Net Income": 123
    },
    "2021-12-31": {
        "Diluted EPS": 0.23,
        "Total Revenue": NaN,
        "Gross Profit": 767,
        "Operating Income": 141,
        "EBIT": 396,
        "Net Income": 53
    },
    "2021-09-30": {
        "Diluted EPS": 1.95,
        "Total Revenue": NaN,
        "Gross Profit": NaN,
        "Operating Income": 601,
        "EBIT": 855,
        "Net Income": 449
    },
    "2021-06-30": {
        "Diluted EPS": 0.81,
        "Total Revenue": NaN,
        "Gross Profit": 878,
        "Operating Income": 295,
        "EBIT": 538,
        "Net Income": 185
    },
    "2021-03-31": {
        "Diluted EPS": 0.84,
        "Total Revenue": NaN,
        "Gross Profit": 907,
        "Operating Income": 318,
        "EBIT": 563,
        "Net Income": 192
    },
    "2020-12-31": {
        "Diluted EPS": 0.22,
        "Total Revenue": NaN,
        "Gross Profit": 763,
        "Operating Income": 153,
        "EBIT": 401,
        "Net Income": 51
    },
    "2020-09-30": {
        "Diluted EPS": 1.6,
        "Total Revenue": NaN,
        "Gross Profit": NaN,
        "Operating Income": 522,
        "EBIT": 767,
        "Net Income": 365
    },
    "2020-06-30": {
        "Diluted EPS": 0.59,
        "Total Revenue": NaN,
        "Gross Profit": 857,
        "Operating Income": 272,
        "EBIT": 516,
        "Net Income": 133
    },
    "2020-03-31": {
        "Diluted EPS": 0.31,
        "Total Revenue": NaN,
        "Gross Profit": 797,
        "Operating Income": 198,
        "EBIT": 443,
        "Net Income": 69
    },
    "2019-12-31": {
        "Diluted EPS": 0.27,
        "Total Revenue": NaN,
        "Gross Profit": 783,
        "Operating Income": 166,
        "EBIT": 401,
        "Net Income": 64
    },
    "2019-09-30": {
        "Diluted EPS": 1.56,
        "Total Revenue": NaN,
        "Gross Profit": NaN,
        "Operating Income": 539,
        "EBIT": 781,
        "Net Income": 367
    },
    "2019-06-30": {
        "Diluted EPS": 0.57,
        "Total Revenue": NaN,
        "Gross Profit": 867,
        "Operating Income": 272,
        "EBIT": 512,
        "Net Income": 140
    },
    "2019-03-31": {
        "Diluted EPS": 0.39,
        "Total Revenue": NaN,
        "Gross Profit": 823,
        "Operating Income": 210,
        "EBIT": 451,
        "Net Income": 100
    },
    "2018-12-31": {
        "Diluted EPS": 0.2,
        "Total Revenue": NaN,
        "Gross Profit": 805,
        "Operating Income": 150,
        "EBIT": 384,
        "Net Income": 19
    },
    "2018-09-30": {
        "Diluted EPS": 1.32,
        "Total Revenue": NaN,
        "Gross Profit": NaN,
        "Operating Income": 533,
        "EBIT": 756,
        "Net Income": 355
    },
    "2018-06-30": {
        "Diluted EPS": 0.56,
        "Total Revenue": 893,
        "Gross Profit": 595,
        "Operating Income": 127,
        "EBIT": 269,
        "Net Income": 102
    },
    "2018-03-31": {
        "Diluted EPS": 0.42,
        "Total Revenue": 600,
        "Gross Profit": 397,
        "Operating Income": 124,
        "EBIT": 230,
        "Net Income": 61
    },
    "2017-12-31": {
        "Diluted EPS": 0.24,
        "Total Revenue": 595,
        "Gross Profit": 406,
        "Operating Income": 122,
        "EBIT": 238,
        "Net Income": 34
    },
    "2017-09-30": {
        "Diluted EPS": 1.11,
        "Total Revenue": 794,
        "Gross Profit": 542,
        "Operating Income": 265,
        "EBIT": 377,
        "Net Income": 158
    },
    "2017-06-30": {
        "Diluted EPS": 0.5,
        "Total Revenue": 609,
        "Gross Profit": 436,
        "Operating Income": 160,
        "EBIT": 272,
        "Net Income": 72
    },
    "2017-03-31": {
        "Diluted EPS": 0.42,
        "Total Revenue": 573,
        "Gross Profit": 398,
        "Operating Income": 131,
        "EBIT": 233,
        "Net Income": 60
    },
    "2016-12-31": {
        "Diluted EPS": 0.38,
        "Total Revenue": 607,
        "Gross Profit": 413,
        "Operating Income": 136,
        "EBIT": 247,
        "Net Income": 54
    },
    "2016-09-30": {
        "Diluted EPS": 1.08,
        "Total Revenue": 765,
        "Gross Profit": 551,
        "Operating Income": 271,
        "EBIT": 365,
        "Net Income": 155
    },
    "2016-06-30": {
        "Diluted EPS": 0.51,
        "Total Revenue": 621,
        "Gross Profit": 448,
        "Operating Income": 154,
        "EBIT": 249,
        "Net Income": 72
    },
    "2016-03-31": {
        "Diluted EPS": 0.46,
        "Total Revenue": 569,
        "Gross Profit": 409,
        "Operating Income": 142,
        "EBIT": 238,
        "Net Income": 66
    },
    "2015-12-31": {
        "Diluted EPS": 0.28,
        "Total Revenue": 546,
        "Gross Profit": 387,
        "Operating Income": 108,
        "EBIT": 202,
        "Net Income": 40
    },
    "2015-09-30": {
        "Diluted EPS": 0.97,
        "Total Revenue": 733,
        "Gross Profit": 511,
        "Operating Income": 256,
        "EBIT": 346,
        "Net Income": 138
    },
    "2015-06-30": {
        "Diluted EPS": 0.46,
        "Total Revenue": 590,
        "Gross Profit": 392,
        "Operating Income": 131,
        "EBIT": 215,
        "Net Income": 64
    },
    "2015-03-31": {
        "Diluted EPS": 0.38,
        "Total Revenue": 591,
        "Gross Profit": 379,
        "Operating Income": 126,
        "EBIT": 209,
        "Net Income": 51
    },
    "2014-12-31": {
        "Diluted EPS": 0.33,
        "Total Revenue": 596,
        "Gross Profit": 375,
        "Operating Income": 105,
        "EBIT": 190,
        "Net Income": 43
    },
    "2014-09-30": {
        "Diluted EPS": 1.1,
        "Total Revenue": 764,
        "Gross Profit": 508,
        "Operating Income": 255,
        "EBIT": 341,
        "Net Income": 147
    },
    "2014-06-30": {
        "Diluted EPS": 0.4,
        "Total Revenue": 613,
        "Gross Profit": 392,
        "Operating Income": 123,
        "EBIT": 199,
        "Net Income": 53
    },
    "2014-03-31": {
        "Diluted EPS": 0.52,
        "Total Revenue": 629,
        "Gross Profit": 403,
        "Operating Income": 150,
        "EBIT": 230,
        "Net Income": 69
    },
    "2013-12-31": {
        "Diluted EPS": 0.31,
        "Total Revenue": 560,
        "Gross Profit": 363,
        "Operating Income": 104,
        "EBIT": 184,
        "Net Income": 41
    },
    "2013-09-30": {
        "Diluted EPS": 1.04,
        "Total Revenue": 695,
        "Gross Profit": 471,
        "Operating Income": 224,
        "EBIT": 305,
        "Net Income": 133
    },
    "2013-06-30": {
        "Diluted EPS": 0.52,
        "Total Revenue": 570,
        "Gross Profit": 372,
        "Operating Income": 132,
        "EBIT": 204,
        "Net Income": 67
    },
    "2013-03-31": {
        "Diluted EPS": 0.4,
        "Total Revenue": 546,
        "Gross Profit": 351,
        "Operating Income": 120,
        "EBIT": 192,
        "Net Income": 51
    },
    "2012-12-31": {
        "Diluted EPS": 0.37,
        "Total Revenue": 524,
        "Gross Profit": 220,
        "Operating Income": 108,
        "EBIT": 192,
        "Net Income": 45
    },
    "2012-09-30": {
        "Diluted EPS": 1.09,
        "Total Revenue": 696,
        "Gross Profit": 518,
        "Operating Income": 250,
        "EBIT": 327,
        "Net Income": 139
    },
    "2012-06-30": {
        "Diluted EPS": 0.48,
        "Total Revenue": 566,
        "Gross Profit": 419,
        "Operating Income": 133,
        "EBIT": 209,
        "Net Income": 61
    },
    "2012-03-31": {
        "Diluted EPS": 0.21,
        "Total Revenue": 476,
        "Gross Profit": 348,
        "Operating Income": 71,
        "EBIT": 152,
        "Net Income": 27
    },
    "2011-12-31": {
        "Diluted EPS": 0.14,
        "Total Revenue": 486,
        "Gross Profit": 210,
        "Operating Income": 73,
        "EBIT": 157,
        "Net Income": 19
    },
    "2011-09-30": {
        "Diluted EPS": 1.14,
        "Total Revenue": 678,
        "Gross Profit": 479,
        "Operating Income": 241,
        "EBIT": 327,
        "Net Income": 134
    },
    "2011-06-30": {
        "Diluted EPS": 0.38,
        "Total Revenue": 525,
        "Gross Profit": 372,
        "Operating Income": 108,
        "EBIT": 183,
        "Net Income": 44
    },
    "2011-03-31": {
        "Diluted EPS": 0.27,
        "Total Revenue": 482,
        "Gross Profit": 348,
        "Operating Income": 91,
        "EBIT": 172,
        "Net Income": 31
    },
    "2010-12-31": {
        "Diluted EPS": 0.05,
        "Total Revenue": 457,
        "Gross Profit": 332,
        "Operating Income": 48,
        "EBIT": 128,
        "Net Income": 6
    },
    "2010-09-30": {
        "Diluted EPS": 1.01,
        "Total Revenue": 644,
        "Gross Profit": 457,
        "Operating Income": 212,
        "EBIT": 291,
        "Net Income": 114
    },
    "2010-06-30": {
        "Diluted EPS": 0.47,
        "Total Revenue": 495,
        "Gross Profit": 358,
        "Operating Income": 121,
        "EBIT": 197,
        "Net Income": 53
    },
    "2010-03-31": {
        "Diluted EPS": 0.27,
        "Total Revenue": 460,
        "Gross Profit": 326,
        "Operating Income": 92,
        "EBIT": 169,
        "Net Income": 30
    },
    "2009-12-31": {
        "Diluted EPS": 0.1,
        "Total Revenue": 440,
        "Gross Profit": 308,
        "Operating Income": 62,
        "EBIT": 135,
        "Net Income": 11
    },
    "2009-09-30": {
        "Diluted EPS": 0.73,
        "Total Revenue": 529,
        "Gross Profit": 387,
        "Operating Income": 150,
        "EBIT": 223,
        "Net Income": 81
    },
    "2009-06-30": {
        "Diluted EPS": 0.35,
        "Total Revenue": 468,
        "Gross Profit": 347,
        "Operating Income": 90,
        "EBIT": 161,
        "Net Income": 38
    },
    "2009-03-31": {
        "Diluted EPS": 0.4,
        "Total Revenue": 422,
        "Gross Profit": 281,
        "Operating Income": 53,
        "EBIT": 120,
        "Net Income": 44
    },
    "2023-06-30": {
        "Tax Effect Of Unusual Items": 375200.0,
        "Tax Rate For Calcs": 0.056,
        "Normalized EBITDA": 603100000.0,
        "Total Unusual Items": 6700000.0,
        "Total Unusual Items Excluding Goodwill": 6700000.0,
        "Net Income From Continuing Operation Net Minority Interest": 179100000.0,
        "Reconciled Depreciation": 284900000.0,
        "Reconciled Cost Of Revenue": 632300000.0,
        "EBITDA": 609800000.0,
        "EBIT": 324900000.0,
        "Net Interest Income": -133700000.0,
        "Interest Expense": 133700000.0,
        "Normalized Income": 172775200.0,
        "Net Income From Continuing And Discontinued Operation": 179100000.0,
        "Total Expenses": 1038600000.0,
        "Total Operating Income As Reported": 336600000.0,
        "Diluted Average Shares": 230500000.0,
        "Basic Average Shares": 230100000.0,
        "Diluted EPS": 0.78,
        "Basic EPS": 0.78,
        "Diluted NI Availto Com Stockholders": 179100000.0,
        "Net Income Common Stockholders": 179100000.0,
        "Net Income": 179100000.0,
        "Minority Interests": -3100000.0,
        "Net Income Including Noncontrolling Interests": 182200000.0,
        "Net Income Continuous Operations": 182200000.0,
        "Earnings From Equity Interest Net Of Tax": 1800000.0,
        "Tax Provision": 10800000.0,
        "Pretax Income": 191200000.0,
        "Other Income Expense": 9300000.0,
        "Other Non Operating Income Expenses": 2600000.0,
        "Special Income Charges": NaN,
        "Impairment Of Capital Assets": NaN,
        "Gain On Sale Of Security": 6700000.0,
        "Net Non Operating Interest Income Expense": -133700000.0,
        "Interest Expense Non Operating": 133700000.0,
        "Operating Income": 315600000.0,
        "Operating Expense": 390800000.0,
        "Other Operating Expenses": 400000.0,
        "Other Taxes": 100400000.0,
        "Depreciation Amortization Depletion Income Statement": 269400000.0,
        "Depreciation And Amortization In Income Statement": 269400000.0,
        "Selling General And Administration": 20600000.0,
        "General And Administrative Expense": 20600000.0,
        "Insurance And Claims": 4600000.0,
        "Salaries And Wages": 16000000.0,
        "Gross Profit": 706400000.0,
        "Cost Of Revenue": 647800000.0,
        "Total Revenue": 1354200000.0,
        "Operating Revenue": 1309000000.0
    },
    "2023-09-30": {
        "Tax Effect Of Unusual Items": 148800.0,
        "Tax Rate For Calcs": 0.024,
        "Normalized EBITDA": 781900000.0,
        "Total Unusual Items": 6200000.0,
        "Total Unusual Items Excluding Goodwill": 6200000.0,
        "Net Income From Continuing Operation Net Minority Interest": 351600000.0,
        "Reconciled Depreciation": 289500000.0,
        "Reconciled Cost Of Revenue": 790800000.0,
        "EBITDA": 788100000.0,
        "EBIT": 498600000.0,
        "Net Interest Income": -136800000.0,
        "Interest Expense": 136800000.0,
        "Normalized Income": 345548800.0,
        "Net Income From Continuing And Discontinued Operation": 351600000.0,
        "Total Expenses": 1196200000.0,
        "Total Operating Income As Reported": 485900000.0,
        "Diluted Average Shares": 230500000.0,
        "Basic Average Shares": 230100000.0,
        "Diluted EPS": 1.53,
        "Basic EPS": 1.53,
        "Diluted NI Availto Com Stockholders": 351600000.0,
        "Net Income Common Stockholders": 351600000.0,
        "Net Income": 351600000.0,
        "Minority Interests": -3000000.0,
        "Net Income Including Noncontrolling Interests": 354600000.0,
        "Net Income Continuous Operations": 354600000.0,
        "Earnings From Equity Interest Net Of Tax": 1600000.0,
        "Tax Provision": 8800000.0,
        "Pretax Income": 361800000.0,
        "Other Income Expense": 25500000.0,
        "Other Non Operating Income Expenses": 19300000.0,
        "Special Income Charges": 0.0,
        "Impairment Of Capital Assets": 0.0,
        "Gain On Sale Of Security": 6200000.0,
        "Net Non Operating Interest Income Expense": -136800000.0,
        "Interest Expense Non Operating": 136800000.0,
        "Operating Income": 473100000.0,
        "Operating Expense": 389200000.0,
        "Other Operating Expenses": 12800000.0,
        "Other Taxes": 103100000.0,
        "Depreciation Amortization Depletion Income Statement": 273300000.0,
        "Depreciation And Amortization In Income Statement": 273300000.0,
        "Selling General And Administration": NaN,
        "General And Administrative Expense": NaN,
        "Insurance And Claims": NaN,
        "Salaries And Wages": NaN,
        "Gross Profit": 862300000.0,
        "Cost Of Revenue": 807000000.0,
        "Total Revenue": 1669300000.0,
        "Operating Revenue": 1631500000.0
    },
    "2023-12-31": {
        "Tax Effect Of Unusual Items": 1617000.0,
        "Tax Rate For Calcs": 0.21,
        "Normalized EBITDA": 453100000.0,
        "Total Unusual Items": 7700000.0,
        "Total Unusual Items Excluding Goodwill": 7700000.0,
        "Net Income From Continuing Operation Net Minority Interest": 58000000.0,
        "Reconciled Depreciation": 286000000.0,
        "Reconciled Cost Of Revenue": 620600000.0,
        "EBITDA": 460800000.0,
        "EBIT": 174800000.0,
        "Net Interest Income": -132200000.0,
        "Interest Expense": 132200000.0,
        "Normalized Income": 51917000.0,
        "Net Income From Continuing And Discontinued Operation": 58000000.0,
        "Total Expenses": 1027300000.0,
        "Total Operating Income As Reported": 180600000.0,
        "Diluted Average Shares": NaN,
        "Basic Average Shares": NaN,
        "Diluted EPS": NaN,
        "Basic EPS": NaN,
        "Diluted NI Availto Com Stockholders": 58000000.0,
        "Net Income Common Stockholders": 58000000.0,
        "Net Income": 58000000.0,
        "Minority Interests": -3100000.0,
        "Net Income Including Noncontrolling Interests": 61100000.0,
        "Net Income Continuous Operations": 61100000.0,
        "Earnings From Equity Interest Net Of Tax": 2100000.0,
        "Tax Provision": -16400000.0,
        "Pretax Income": 42600000.0,
        "Other Income Expense": 14200000.0,
        "Other Non Operating Income Expenses": 6500000.0,
        "Special Income Charges": 0.0,
        "Impairment Of Capital Assets": 0.0,
        "Gain On Sale Of Security": 7700000.0,
        "Net Non Operating Interest Income Expense": -132200000.0,
        "Interest Expense Non Operating": 132200000.0,
        "Operating Income": 160600000.0,
        "Operating Expense": 391100000.0,
        "Other Operating Expenses": 20000000.0,
        "Other Taxes": 100700000.0,
        "Depreciation Amortization Depletion Income Statement": 270400000.0,
        "Depreciation And Amortization In Income Statement": 270400000.0,
        "Selling General And Administration": NaN,
        "General And Administrative Expense": NaN,
        "Insurance And Claims": NaN,
        "Salaries And Wages": NaN,
        "Gross Profit": 551700000.0,
        "Cost Of Revenue": 636200000.0,
        "Total Revenue": 1187900000.0,
        "Operating Revenue": 1157700000.0
    },
    "2024-03-31": {
        "Tax Effect Of Unusual Items": 296800.0,
        "Tax Rate For Calcs": 0.056,
        "Normalized EBITDA": 551000000.0,
        "Total Unusual Items": 5300000.0,
        "Total Unusual Items Excluding Goodwill": 5300000.0,
        "Net Income From Continuing Operation Net Minority Interest": 122700000.0,
        "Reconciled Depreciation": 291800000.0,
        "Reconciled Cost Of Revenue": 664900000.0,
        "EBITDA": 556300000.0,
        "EBIT": 264500000.0,
        "Net Interest Income": -133200000.0,
        "Interest Expense": 133200000.0,
        "Normalized Income": 117696800.0,
        "Net Income From Continuing And Discontinued Operation": 122700000.0,
        "Total Expenses": 1080300000.0,
        "Total Operating Income As Reported": 260200000.0,
        "Diluted Average Shares": 230400000.0,
        "Basic Average Shares": 230200000.0,
        "Diluted EPS": 0.53,
        "Basic EPS": 0.53,
        "Diluted NI Availto Com Stockholders": 122700000.0,
        "Net Income Common Stockholders": 122700000.0,
        "Net Income": 122700000.0,
        "Minority Interests": -3100000.0,
        "Net Income Including Noncontrolling Interests": 125800000.0,
        "Net Income Continuous Operations": 125800000.0,
        "Earnings From Equity Interest Net Of Tax": 1800000.0,
        "Tax Provision": 7300000.0,
        "Pretax Income": 131300000.0,
        "Other Income Expense": 13800000.0,
        "Other Non Operating Income Expenses": 8500000.0,
        "Special Income Charges": NaN,
        "Impairment Of Capital Assets": NaN,
        "Gain On Sale Of Security": 5300000.0,
        "Net Non Operating Interest Income Expense": -133200000.0,
        "Interest Expense Non Operating": 133200000.0,
        "Operating Income": 250700000.0,
        "Operating Expense": 399700000.0,
        "Other Operating Expenses": 4900000.0,
        "Other Taxes": 114100000.0,
        "Depreciation Amortization Depletion Income Statement": 276100000.0,
        "Depreciation And Amortization In Income Statement": 276100000.0,
        "Selling General And Administration": 4600000.0,
        "General And Administrative Expense": 4600000.0,
        "Insurance And Claims": NaN,
        "Salaries And Wages": 4600000.0,
        "Gross Profit": 650400000.0,
        "Cost Of Revenue": 680600000.0,
        "Total Revenue": 1331000000.0,
        "Operating Revenue": 1280600000.0
    },
    "2024-06-30": {
        "Tax Effect Of Unusual Items": 88400.0,
        "Tax Rate For Calcs": 0.034,
        "Normalized EBITDA": 645300000.0,
        "Total Unusual Items": 2600000.0,
        "Total Unusual Items Excluding Goodwill": 2600000.0,
        "Net Income From Continuing Operation Net Minority Interest": 207000000.0,
        "Reconciled Depreciation": 288800000.0,
        "Reconciled Cost Of Revenue": 688000000.0,
        "EBITDA": 647900000.0,
        "EBIT": 359100000.0,
        "Net Interest Income": -143600000.0,
        "Interest Expense": 143600000.0,
        "Normalized Income": 204488400.0,
        "Net Income From Continuing And Discontinued Operation": 207000000.0,
        "Total Expenses": 1100800000.0,
        "Total Operating Income As Reported": 358100000.0,
        "Diluted Average Shares": 230500000.0,
        "Basic Average Shares": 230300000.0,
        "Diluted EPS": 0.9,
        "Basic EPS": 0.9,
        "Diluted NI Availto Com Stockholders": 207000000.0,
        "Net Income Common Stockholders": 207000000.0,
        "Net Income": 207000000.0,
        "Minority Interests": -3100000.0,
        "Net Income Including Noncontrolling Interests": 210100000.0,
        "Net Income Continuous Operations": 210100000.0,
        "Earnings From Equity Interest Net Of Tax": 2000000.0,
        "Tax Provision": 7400000.0,
        "Pretax Income": 215500000.0,
        "Other Income Expense": 12400000.0,
        "Other Non Operating Income Expenses": 9800000.0,
        "Special Income Charges": NaN,
        "Impairment Of Capital Assets": NaN,
        "Gain On Sale Of Security": 2600000.0,
        "Net Non Operating Interest Income Expense": -143600000.0,
        "Interest Expense Non Operating": 143600000.0,
        "Operating Income": 346700000.0,
        "Operating Expense": 404100000.0,
        "Other Operating Expenses": 500000.0,
        "Other Taxes": 112600000.0,
        "Depreciation Amortization Depletion Income Statement": 280100000.0,
        "Depreciation And Amortization In Income Statement": 280100000.0,
        "Selling General And Administration": 10900000.0,
        "General And Administrative Expense": 10900000.0,
        "Insurance And Claims": 6300000.0,
        "Salaries And Wages": 4600000.0,
        "Gross Profit": 750800000.0,
        "Cost Of Revenue": 696700000.0,
        "Total Revenue": 1447500000.0,
        "Operating Revenue": 1407100000.0
    }
}