{
    "2023-06-30": {
        "Tax Effect Of Unusual Items": 63319.609655,
        "Tax Rate For Calcs": 0.190149,
        "Normalized EBITDA": 65375000.0,
        "Total Unusual Items": 333000.0,
        "Total Unusual Items Excluding Goodwill": 333000.0,
        "Net Income From Continuing Operation Net Minority Interest": 28155000.0,
        "Reconciled Depreciation": 25432000.0,
        "Reconciled Cost Of Revenue": 77349000.0,
        "EBIT": 40276000.0,
        "Net Interest Income": -3537000.0,
        "Interest Expense": 5640000.0,
        "Interest Income": 2103000.0,
        "Normalized Income": 27885319.609655,
        "Net Income From Continuing And Discontinued Operation": 28155000.0,
        "Total Expenses": 132303000.0,
        "Total Operating Income As Reported": 34773000.0,
        "Diluted Average Shares": 65510091.0,
        "Basic Average Shares": 65046328.0,
        "Diluted EPS": 0.43,
        "Basic EPS": 0.43,
        "Diluted NI Availto Com Stockholders": 28155000.0,
        "Net Income Common Stockholders": 28155000.0,
        "Net Income": 28155000.0,
        "Minority Interests": 105000.0,
        "Net Income Including Noncontrolling Interests": 28050000.0,
        "Net Income Continuous Operations": 28050000.0,
        "Tax Provision": 6586000.0,
        "Pretax Income": 34636000.0,
        "Other Income Expense": 3400000.0,
        "Other Non Operating Income Expenses": 1591000.0,
        "Special Income Charges": NaN,
        "Gain On Sale Of Business": NaN,
        "Earnings From Equity Interest": 1476000.0,
        "Gain On Sale Of Security": 333000.0,
        "Net Non Operating Interest Income Expense": -3537000.0,
        "Interest Expense Non Operating": 5640000.0,
        "Interest Income Non Operating": 2103000.0,
        "Operating Income": 34773000.0,
        "Operating Expense": 51851000.0,
        "Depreciation Amortization Depletion Income Statement": 22329000.0,
        "Depreciation And Amortization In Income Statement": 22329000.0,
        "Selling General And Administration": 29522000.0,
        "Gross Profit": 86624000.0,
        "Cost Of Revenue": 80452000.0,
        "Total Revenue": 167076000.0,
        "Operating Revenue": 167076000.0
    },
    "2023-03-31": {
        "Tax Effect Of Unusual Items": -416859.341261,
        "Tax Rate For Calcs": 0.085703,
        "Normalized EBITDA": 62820000.0,
        "Total Unusual Items": -4864000.0,
        "Total Unusual Items Excluding Goodwill": -4864000.0,
        "Net Income From Continuing Operation Net Minority Interest": 30052000.0,
        "Reconciled Depreciation": 19432000.0,
        "Reconciled Cost Of Revenue": 76417000.0,
        "EBIT": 38524000.0,
        "Net Interest Income": -4510000.0,
        "Interest Expense": 5643000.0,
        "Interest Income": 1133000.0,
        "Normalized Income": 34499140.658739,
        "Net Income From Continuing And Discontinued Operation": 30052000.0,
        "Total Expenses": 119724000.0,
        "Total Operating Income As Reported": 40090000.0,
        "Diluted Average Shares": 65608618.0,
        "Basic Average Shares": 64968298.0,
        "Diluted EPS": 0.46,
        "Basic EPS": 0.46,
        "Diluted NI Availto Com Stockholders": 30052000.0,
        "Net Income Common Stockholders": 30052000.0,
        "Net Income": 30052000.0,
        "Minority Interests": -11000.0,
        "Net Income Including Noncontrolling Interests": 30063000.0,
        "Net Income Continuous Operations": 30063000.0,
        "Tax Provision": 2818000.0,
        "Pretax Income": 32881000.0,
        "Other Income Expense": -2699000.0,
        "Other Non Operating Income Expenses": 1010000.0,
        "Special Income Charges": NaN,
        "Gain On Sale Of Business": NaN,
        "Earnings From Equity Interest": 1155000.0,
        "Gain On Sale Of Security": -4864000.0,
        "Net Non Operating Interest Income Expense": -4510000.0,
        "Interest Expense Non Operating": 5643000.0,
        "Interest Income Non Operating": 1133000.0,
        "Operating Income": 40090000.0,
        "Operating Expense": 43307000.0,
        "Depreciation Amortization Depletion Income Statement": 19432000.0,
        "Depreciation And Amortization In Income Statement": 19432000.0,
        "Selling General And Administration": 23875000.0,
        "Gross Profit": 83397000.0,
        "Cost Of Revenue": 76417000.0,
        "Total Revenue": 159814000.0,
        "Operating Revenue": 159814000.0
    },
    "2022-12-31": {
        "Tax Effect Of Unusual Items": -137396.894767,
        "Tax Rate For Calcs": 0.174583,
        "Normalized EBITDA": 68395000.0,
        "Total Unusual Items": -787000.0,
        "Total Unusual Items Excluding Goodwill": -787000.0,
        "Net Income From Continuing Operation Net Minority Interest": 28708000.0,
        "Reconciled Depreciation": 26298000.0,
        "Reconciled Cost Of Revenue": 71265000.0,
        "EBIT": 41310000.0,
        "Net Interest Income": -5688000.0,
        "Interest Expense": 6530000.0,
        "Interest Income": 842000.0,
        "Normalized Income": 29357603.105233,
        "Net Income From Continuing And Discontinued Operation": 28708000.0,
        "Total Expenses": 120897000.0,
        "Total Operating Income As Reported": 40890000.0,
        "Diluted Average Shares": 65484123.0,
        "Basic Average Shares": 65086287.0,
        "Diluted EPS": 0.44,
        "Basic EPS": 0.44,
        "Diluted NI Availto Com Stockholders": 28708000.0,
        "Net Income Common Stockholders": 28708000.0,
        "Net Income": 28708000.0,
        "Minority Interests": 0.0,
        "Net Income Including Noncontrolling Interests": 28708000.0,
        "Net Income Continuous Operations": 28708000.0,
        "Tax Provision": 6072000.0,
        "Pretax Income": 34780000.0,
        "Other Income Expense": -422000.0,
        "Other Non Operating Income Expenses": -483000.0,
        "Special Income Charges": 0.0,
        "Gain On Sale Of Business": 0.0,
        "Earnings From Equity Interest": 848000.0,
        "Gain On Sale Of Security": -787000.0,
        "Net Non Operating Interest Income Expense": -5688000.0,
        "Interest Expense Non Operating": 6530000.0,
        "Interest Income Non Operating": 842000.0,
        "Operating Income": 40890000.0,
        "Operating Expense": 43520000.0,
        "Depreciation Amortization Depletion Income Statement": 20186000.0,
        "Depreciation And Amortization In Income Statement": 20186000.0,
        "Selling General And Administration": 23334000.0,
        "Gross Profit": 84410000.0,
        "Cost Of Revenue": 77377000.0,
        "Total Revenue": 161787000.0,
        "Operating Revenue": 161787000.0
    },
    "2022-09-30": {
        "Tax Effect Of Unusual Items": 7881518.281592,
        "Tax Rate For Calcs": 0.06164,
        "Normalized EBITDA": 45399000.0,
        "Total Unusual Items": 127863000.0,
        "Total Unusual Items Excluding Goodwill": 127863000.0,
        "Net Income From Continuing Operation Net Minority Interest": 137814000.0,
        "Reconciled Depreciation": 19712000.0,
        "Reconciled Cost Of Revenue": 76272000.0,
        "EBIT": 153550000.0,
        "Net Interest Income": -5956000.0,
        "Interest Expense": 6763000.0,
        "Interest Income": 807000.0,
        "Normalized Income": 17832518.281592,
        "Net Income From Continuing And Discontinued Operation": 137814000.0,
        "Total Expenses": 121985000.0,
        "Total Operating Income As Reported": 23818000.0,
        "Diluted Average Shares": 67045809.0,
        "Basic Average Shares": 66398547.0,
        "Diluted EPS": 2.06,
        "Basic EPS": 2.08,
        "Diluted NI Availto Com Stockholders": 137814000.0,
        "Net Income Common Stockholders": 137814000.0,
        "Net Income": 137814000.0,
        "Minority Interests": 75000.0,
        "Net Income Including Noncontrolling Interests": 137739000.0,
        "Net Income Continuous Operations": 137739000.0,
        "Tax Provision": 9048000.0,
        "Pretax Income": 146787000.0,
        "Other Income Expense": 128925000.0,
        "Other Non Operating Income Expenses": 374000.0,
        "Special Income Charges": 135642000.0,
        "Gain On Sale Of Business": 135642000.0,
        "Earnings From Equity Interest": 688000.0,
        "Gain On Sale Of Security": -7779000.0,
        "Net Non Operating Interest Income Expense": -5956000.0,
        "Interest Expense Non Operating": 6763000.0,
        "Interest Income Non Operating": 807000.0,
        "Operating Income": 23818000.0,
        "Operating Expense": 45713000.0,
        "Depreciation Amortization Depletion Income Statement": 19712000.0,
        "Depreciation And Amortization In Income Statement": 19712000.0,
        "Selling General And Administration": 26001000.0,
        "Gross Profit": 69531000.0,
        "Cost Of Revenue": 76272000.0,
        "Total Revenue": 145803000.0,
        "Operating Revenue": 145803000.0
    },
    "2022-06-30": {
        "Tax Effect Of Unusual Items": 0.0,
        "Tax Rate For Calcs": 0.186,
        "Normalized EBITDA": 66736000.0,
        "Total Unusual Items": NaN,
        "Total Unusual Items Excluding Goodwill": NaN,
        "Net Income From Continuing Operation Net Minority Interest": 33589000.0,
        "Reconciled Depreciation": 19560000.0,
        "Reconciled Cost Of Revenue": 74313000.0,
        "EBIT": 47176000.0,
        "Net Interest Income": -5127000.0,
        "Interest Expense": 5932000.0,
        "Interest Income": 805000.0,
        "Normalized Income": 33589000.0,
        "Net Income From Continuing And Discontinued Operation": 33589000.0,
        "Total Expenses": 113924000.0,
        "Total Operating Income As Reported": 46647000.0,
        "Diluted Average Shares": 72149949.0,
        "Basic Average Shares": 71476850.0,
        "Diluted EPS": 0.47,
        "Basic EPS": 0.47,
        "Diluted NI Availto Com Stockholders": 33589000.0,
        "Net Income Common Stockholders": 33589000.0,
        "Net Income": 33589000.0,
        "Minority Interests": 33000.0,
        "Net Income Including Noncontrolling Interests": 33556000.0,
        "Net Income Continuous Operations": 33556000.0,
        "Tax Provision": 7688000.0,
        "Pretax Income": 41244000.0,
        "Other Income Expense": -276000.0,
        "Other Non Operating Income Expenses": -1138000.0,
        "Special Income Charges": NaN,
        "Gain On Sale Of Business": NaN,
        "Earnings From Equity Interest": 862000.0,
        "Gain On Sale Of Security": NaN,
        "Net Non Operating Interest Income Expense": -5127000.0,
        "Interest Expense Non Operating": 5932000.0,
        "Interest Income Non Operating": 805000.0,
        "Operating Income": 46647000.0,
        "Operating Expense": 39611000.0,
        "Depreciation Amortization Depletion Income Statement": 19560000.0,
        "Depreciation And Amortization In Income Statement": 19560000.0,
        "Selling General And Administration": 20051000.0,
        "Gross Profit": 86258000.0,
        "Cost Of Revenue": 74313000.0,
        "Total Revenue": 160571000.0,
        "Operating Revenue": 160571000.0
    },
    "2022-03-31": {
        "Diluted EPS": 0.53,
        "Total Revenue": 150,
        "Gross Profit": 86,
        "Operating Income": 46,
        "EBIT": 67,
        "Net Income": 39
    },
    "2021-12-31": {
        "Diluted EPS": 0.56,
        "Total Revenue": 155,
        "Gross Profit": 87,
        "Operating Income": 50,
        "EBIT": 71,
        "Net Income": 41
    },
    "2021-09-30": {
        "Diluted EPS": 0.48,
        "Total Revenue": 146,
        "Gross Profit": 83,
        "Operating Income": 47,
        "EBIT": 68,
        "Net Income": 35
    },
    "2021-06-30": {
        "Diluted EPS": 0.68,
        "Total Revenue": 149,
        "Gross Profit": 90,
        "Operating Income": 54,
        "EBIT": 75,
        "Net Income": 49
    },
    "2021-03-31": {
        "Diluted EPS": 0.49,
        "Total Revenue": 140,
        "Gross Profit": 80,
        "Operating Income": 45,
        "EBIT": 66,
        "Net Income": 36
    },
    "2020-12-31": {
        "Diluted EPS": 0.45,
        "Total Revenue": 134,
        "Gross Profit": 76,
        "Operating Income": 39,
        "EBIT": 59,
        "Net Income": 32
    },
    "2020-09-30": {
        "Diluted EPS": 0.47,
        "Total Revenue": 137,
        "Gross Profit": 79,
        "Operating Income": 44,
        "EBIT": 64,
        "Net Income": 34
    },
    "2020-06-30": {
        "Diluted EPS": 0.21,
        "Total Revenue": 118,
        "Gross Profit": 61,
        "Operating Income": 26,
        "EBIT": 46,
        "Net Income": 15
    },
    "2020-03-31": {
        "Diluted EPS": 0.3,
        "Total Revenue": 122,
        "Gross Profit": 68,
        "Operating Income": 33,
        "EBIT": 52,
        "Net Income": 22
    },
    "2019-12-31": {
        "Diluted EPS": 0.34,
        "Total Revenue": 127,
        "Gross Profit": 68,
        "Operating Income": 35,
        "EBIT": 56,
        "Net Income": 25
    },
    "2019-09-30": {
        "Diluted EPS": 0.34,
        "Total Revenue": 119,
        "Gross Profit": 67,
        "Operating Income": 35,
        "EBIT": 53,
        "Net Income": 25
    },
    "2019-06-30": {
        "Diluted EPS": 0.37,
        "Total Revenue": 123,
        "Gross Profit": 70,
        "Operating Income": 38,
        "EBIT": 57,
        "Net Income": 27
    },
    "2019-03-31": {
        "Diluted EPS": 0.36,
        "Total Revenue": 119,
        "Gross Profit": 69,
        "Operating Income": 37,
        "EBIT": 56,
        "Net Income": 27
    },
    "2018-12-31": {
        "Diluted EPS": 0.27,
        "Total Revenue": 118,
        "Gross Profit": 67,
        "Operating Income": 29,
        "EBIT": 45,
        "Net Income": 20
    },
    "2018-09-30": {
        "Diluted EPS": 0.31,
        "Total Revenue": 112,
        "Gross Profit": 63,
        "Operating Income": 32,
        "EBIT": 49,
        "Net Income": 23
    },
    "2018-06-30": {
        "Diluted EPS": 0.27,
        "Total Revenue": 113,
        "Gross Profit": 64,
        "Operating Income": 31,
        "EBIT": 47,
        "Net Income": 20
    },
    "2018-03-31": {
        "Diluted EPS": 0.31,
        "Total Revenue": 110,
        "Gross Profit": 63,
        "Operating Income": 34,
        "EBIT": 51,
        "Net Income": 23
    },
    "2017-12-31": {
        "Diluted EPS": 0.1,
        "Total Revenue": 100,
        "Gross Profit": 49,
        "Operating Income": 17,
        "EBIT": 34,
        "Net Income": 6
    },
    "2017-09-30": {
        "Diluted EPS": 0.08,
        "Total Revenue": 103,
        "Gross Profit": 40,
        "Operating Income": 9,
        "EBIT": 27,
        "Net Income": 6
    },
    "2017-06-30": {
        "Diluted EPS": 0.27,
        "Total Revenue": 104,
        "Gross Profit": 60,
        "Operating Income": 30,
        "EBIT": 47,
        "Net Income": 20
    },
    "2017-03-31": {
        "Diluted EPS": 0.31,
        "Total Revenue": 101,
        "Gross Profit": 57,
        "Operating Income": 31,
        "EBIT": 48,
        "Net Income": 23
    },
    "2016-12-31": {
        "Diluted EPS": 0.22,
        "Total Revenue": 102,
        "Gross Profit": 53,
        "Operating Income": 25,
        "EBIT": 42,
        "Net Income": 16
    },
    "2016-09-30": {
        "Diluted EPS": 0.26,
        "Total Revenue": 94,
        "Gross Profit": 53,
        "Operating Income": 27,
        "EBIT": 43,
        "Net Income": 20
    },
    "2016-06-30": {
        "Diluted EPS": 0.27,
        "Total Revenue": 98,
        "Gross Profit": 56,
        "Operating Income": 28,
        "EBIT": 44,
        "Net Income": 20
    },
    "2016-03-31": {
        "Diluted EPS": 0.26,
        "Total Revenue": 95,
        "Gross Profit": 52,
        "Operating Income": 27,
        "EBIT": 42,
        "Net Income": 19
    },
    "2015-12-31": {
        "Diluted EPS": 0.29,
        "Total Revenue": 96,
        "Gross Profit": 53,
        "Operating Income": 27,
        "EBIT": 43,
        "Net Income": 22
    },
    "2015-09-30": {
        "Diluted EPS": 0.33,
        "Total Revenue": 93,
        "Gross Profit": 49,
        "Operating Income": 21,
        "EBIT": 39,
        "Net Income": 25
    },
    "2015-06-30": {
        "Diluted EPS": 0.25,
        "Total Revenue": 93,
        "Gross Profit": 52,
        "Operating Income": 27,
        "EBIT": 44,
        "Net Income": 20
    },
    "2015-03-31": {
        "Diluted EPS": 0.24,
        "Total Revenue": 91,
        "Gross Profit": 52,
        "Operating Income": 27,
        "EBIT": 45,
        "Net Income": 19
    },
    "2014-12-31": {
        "Diluted EPS": 0.15,
        "Total Revenue": 94,
        "Gross Profit": 52,
        "Operating Income": 20,
        "EBIT": 38,
        "Net Income": 11
    },
    "2014-09-30": {
        "Diluted EPS": 0.24,
        "Total Revenue": 89,
        "Gross Profit": 50,
        "Operating Income": 26,
        "EBIT": 44,
        "Net Income": 19
    },
    "2014-06-30": {
        "Diluted EPS": 0.22,
        "Total Revenue": 91,
        "Gross Profit": 52,
        "Operating Income": 25,
        "EBIT": 43,
        "Net Income": 18
    },
    "2014-03-31": {
        "Diluted EPS": 0.23,
        "Total Revenue": 87,
        "Gross Profit": 50,
        "Operating Income": 25,
        "EBIT": 42,
        "Net Income": 18
    },
    "2013-12-31": {
        "Diluted EPS": 0.23,
        "Total Revenue": 94,
        "Gross Profit": 53,
        "Operating Income": 27,
        "EBIT": 45,
        "Net Income": 18
    },
    "2013-09-30": {
        "Diluted EPS": 0.18,
        "Total Revenue": 87,
        "Gross Profit": 49,
        "Operating Income": 22,
        "EBIT": 40,
        "Net Income": 15
    },
    "2013-06-30": {
        "Diluted EPS": -0.82,
        "Total Revenue": 89,
        "Gross Profit": 47,
        "Operating Income": 17,
        "EBIT": 36,
        "Net Income": -65
    },
    "2013-03-31": {
        "Diluted EPS": 0.07,
        "Total Revenue": 87,
        "Gross Profit": 47,
        "Operating Income": 20,
        "EBIT": 39,
        "Net Income": 5
    },
    "2012-12-31": {
        "Diluted EPS": 0.96,
        "Total Revenue": 91,
        "Gross Profit": 50,
        "Operating Income": 25,
        "EBIT": 44,
        "Net Income": 74
    },
    "2012-09-30": {
        "Diluted EPS": 0.03,
        "Total Revenue": 84,
        "Gross Profit": 43,
        "Operating Income": 18,
        "EBIT": 37,
        "Net Income": 2
    },
    "2012-06-30": {
        "Diluted EPS": -0.03,
        "Total Revenue": 84,
        "Gross Profit": 45,
        "Operating Income": 18,
        "EBIT": 37,
        "Net Income": -2
    },
    "2012-03-31": {
        "Diluted EPS": 0.05,
        "Total Revenue": 82,
        "Gross Profit": 45,
        "Operating Income": 18,
        "EBIT": 36,
        "Net Income": 4
    },
    "2011-12-31": {
        "Diluted EPS": 0.0,
        "Total Revenue": NaN,
        "Gross Profit": NaN,
        "Operating Income": NaN,
        "EBIT": NaN,
        "Net Income": NaN
    }
}