{
    "2023-06-30": {
        "Tax Effect Of Unusual Items": 0.0,
        "Tax Rate For Calcs": 0.127,
        "Total Unusual Items": NaN,
        "Total Unusual Items Excluding Goodwill": NaN,
        "Net Income From Continuing Operation Net Minority Interest": 312031000.0,
        "Reconciled Depreciation": 74012000.0,
        "Net Interest Income": 566746000.0,
        "Interest Expense": 339388000.0,
        "Interest Income": 906134000.0,
        "Normalized Income": 312031000.0,
        "Net Income From Continuing And Discontinued Operation": 312031000.0,
        "Diluted Average Shares": 141876000.0,
        "Basic Average Shares": 141468000.0,
        "Diluted EPS": 2.2,
        "Basic EPS": 2.21,
        "Diluted NI Availto Com Stockholders": 312031000.0,
        "Net Income Common Stockholders": 312031000.0,
        "Net Income": 312031000.0,
        "Net Income Including Noncontrolling Interests": 312031000.0,
        "Net Income Continuous Operations": 312031000.0,
        "Tax Provision": 45557000.0,
        "Pretax Income": 357588000.0,
        "Special Income Charges": NaN,
        "Securities Amortization": 55914000.0,
        "Gain On Sale Of Security": 11376000.0,
        "Selling General And Administration": 133199000.0,
        "General And Administrative Expense": 133199000.0,
        "Insurance And Claims": 8262000.0,
        "Salaries And Wages": 124937000.0,
        "Total Revenue": 634818000.0,
        "Operating Revenue": 634818000.0,
        "Occupancy And Equipment": 23567000.0,
        "Other Non Interest Expense": 38550000.0
    },
    "2023-03-31": {
        "Tax Effect Of Unusual Items": NaN,
        "Tax Rate For Calcs": NaN,
        "Total Unusual Items": -3872000.0,
        "Total Unusual Items Excluding Goodwill": -3872000.0,
        "Net Income From Continuing Operation Net Minority Interest": NaN,
        "Reconciled Depreciation": NaN,
        "Net Interest Income": NaN,
        "Interest Expense": NaN,
        "Interest Income": NaN,
        "Normalized Income": NaN,
        "Net Income From Continuing And Discontinued Operation": NaN,
        "Diluted Average Shares": NaN,
        "Basic Average Shares": NaN,
        "Diluted EPS": NaN,
        "Basic EPS": NaN,
        "Diluted NI Availto Com Stockholders": NaN,
        "Net Income Common Stockholders": NaN,
        "Net Income": NaN,
        "Net Income Including Noncontrolling Interests": NaN,
        "Net Income Continuous Operations": NaN,
        "Tax Provision": NaN,
        "Pretax Income": NaN,
        "Special Income Charges": -3872000.0,
        "Securities Amortization": NaN,
        "Gain On Sale Of Security": NaN,
        "Selling General And Administration": NaN,
        "General And Administrative Expense": NaN,
        "Insurance And Claims": NaN,
        "Salaries And Wages": NaN,
        "Total Revenue": NaN,
        "Operating Revenue": NaN,
        "Occupancy And Equipment": NaN,
        "Other Non Interest Expense": NaN
    },
    "2022-12-31": {
        "Tax Effect Of Unusual Items": 0.0,
        "Tax Rate For Calcs": 0.132778,
        "Total Unusual Items": NaN,
        "Total Unusual Items Excluding Goodwill": NaN,
        "Net Income From Continuing Operation Net Minority Interest": 336763000.0,
        "Reconciled Depreciation": 77871000.0,
        "Net Interest Income": 605507000.0,
        "Interest Expense": 155705000.0,
        "Interest Income": 761212000.0,
        "Normalized Income": 336763000.0,
        "Net Income From Continuing And Discontinued Operation": 336763000.0,
        "Diluted Average Shares": 142138000.0,
        "Basic Average Shares": 140947000.0,
        "Diluted EPS": 2.37,
        "Basic EPS": 2.39,
        "Diluted NI Availto Com Stockholders": 336763000.0,
        "Net Income Common Stockholders": 336763000.0,
        "Net Income": 336763000.0,
        "Net Income Including Noncontrolling Interests": 336763000.0,
        "Net Income Continuous Operations": 336763000.0,
        "Tax Provision": 51561000.0,
        "Pretax Income": 388324000.0,
        "Special Income Charges": NaN,
        "Securities Amortization": 64605000.0,
        "Gain On Sale Of Security": 489000.0,
        "Selling General And Administration": 114476000.0,
        "General And Administrative Expense": 114476000.0,
        "Insurance And Claims": 4930000.0,
        "Salaries And Wages": 120422000.0,
        "Total Revenue": 661997000.0,
        "Operating Revenue": 661997000.0
    },
    "2022-09-30": {
        "Tax Effect Of Unusual Items": NaN,
        "Tax Rate For Calcs": NaN,
        "Total Unusual Items": NaN,
        "Total Unusual Items Excluding Goodwill": NaN,
        "Net Income From Continuing Operation Net Minority Interest": NaN,
        "Reconciled Depreciation": NaN,
        "Net Interest Income": NaN,
        "Interest Expense": NaN,
        "Interest Income": NaN,
        "Normalized Income": NaN,
        "Net Income From Continuing And Discontinued Operation": NaN,
        "Diluted Average Shares": NaN,
        "Basic Average Shares": NaN,
        "Diluted EPS": NaN,
        "Basic EPS": NaN,
        "Diluted NI Availto Com Stockholders": NaN,
        "Net Income Common Stockholders": NaN,
        "Net Income": NaN,
        "Net Income Including Noncontrolling Interests": NaN,
        "Net Income Continuous Operations": NaN,
        "Tax Provision": NaN,
        "Pretax Income": NaN,
        "Special Income Charges": NaN,
        "Securities Amortization": NaN,
        "Gain On Sale Of Security": NaN,
        "Selling General And Administration": NaN,
        "General And Administrative Expense": NaN,
        "Other Gand A": 3725000.0,
        "Insurance And Claims": NaN,
        "Salaries And Wages": NaN,
        "Total Revenue": NaN,
        "Operating Revenue": NaN
    },
    "2022-06-30": {
        "Tax Effect Of Unusual Items": 0.0,
        "Tax Rate For Calcs": 0.24,
        "Total Unusual Items": NaN,
        "Total Unusual Items Excluding Goodwill": NaN,
        "Net Income From Continuing Operation Net Minority Interest": 258329000.0,
        "Reconciled Depreciation": 22356000.0,
        "Net Interest Income": 472952000.0,
        "Interest Expense": 26802000.0,
        "Interest Income": 499754000.0,
        "Normalized Income": 258329000.0,
        "Net Income From Continuing And Discontinued Operation": 258329000.0,
        "Diluted Average Shares": 142372000.0,
        "Basic Average Shares": 141429000.0,
        "Diluted EPS": 1.81,
        "Basic EPS": 1.83,
        "Diluted NI Availto Com Stockholders": 258329000.0,
        "Net Income Common Stockholders": 258329000.0,
        "Net Income": 258329000.0,
        "Net Income Including Noncontrolling Interests": 258329000.0,
        "Net Income Continuous Operations": 258329000.0,
        "Tax Provision": 82707000.0,
        "Pretax Income": 341036000.0,
        "Other Non Operating Income Expenses": -14979000.0,
        "Special Income Charges": NaN,
        "Securities Amortization": 14979000.0,
        "Gain On Sale Of Security": 14692000.0,
        "Selling General And Administration": 128349000.0,
        "General And Administrative Expense": 128349000.0,
        "Other Gand A": 10058000.0,
        "Insurance And Claims": 4927000.0,
        "Salaries And Wages": 113364000.0,
        "Total Revenue": 545725000.0,
        "Operating Revenue": 545725000.0
    },
    "2022-03-31": {
        "Diluted EPS": 1.66,
        "Total Revenue": 512,
        "Gross Profit": 495,
        "Operating Income": 298,
        "EBIT": NaN,
        "Net Income": 238
    },
    "2021-12-31": {
        "Diluted EPS": 1.52,
        "Total Revenue": 494,
        "Gross Profit": 477,
        "Operating Income": 277,
        "EBIT": NaN,
        "Net Income": 218
    },
    "2021-09-30": {
        "Diluted EPS": 1.57,
        "Total Revenue": 488,
        "Gross Profit": 469,
        "Operating Income": 273,
        "EBIT": NaN,
        "Net Income": 225
    },
    "2021-06-30": {
        "Diluted EPS": 1.57,
        "Total Revenue": 468,
        "Gross Profit": 445,
        "Operating Income": 270,
        "EBIT": NaN,
        "Net Income": 225
    },
    "2021-03-31": {
        "Diluted EPS": 1.44,
        "Total Revenue": 454,
        "Gross Profit": 427,
        "Operating Income": 235,
        "EBIT": NaN,
        "Net Income": 205
    },
    "2020-12-31": {
        "Diluted EPS": 1.15,
        "Total Revenue": 451,
        "Gross Profit": 416,
        "Operating Income": 213,
        "EBIT": NaN,
        "Net Income": 164
    },
    "2020-09-30": {
        "Diluted EPS": 1.12,
        "Total Revenue": 420,
        "Gross Profit": 379,
        "Operating Income": 196,
        "EBIT": NaN,
        "Net Income": 160
    },
    "2020-06-30": {
        "Diluted EPS": 0.7,
        "Total Revenue": 454,
        "Gross Profit": 399,
        "Operating Income": 112,
        "EBIT": NaN,
        "Net Income": 99
    },
    "2020-03-31": {
        "Diluted EPS": 1.0,
        "Total Revenue": 505,
        "Gross Profit": 418,
        "Operating Income": 164,
        "EBIT": NaN,
        "Net Income": 145
    },
    "2019-12-31": {
        "Diluted EPS": 1.29,
        "Total Revenue": 543,
        "Gross Profit": 444,
        "Operating Income": 219,
        "EBIT": NaN,
        "Net Income": 188
    },
    "2019-09-30": {
        "Diluted EPS": 1.17,
        "Total Revenue": 528,
        "Gross Profit": 421,
        "Operating Income": 206,
        "EBIT": NaN,
        "Net Income": 171
    },
    "2019-06-30": {
        "Diluted EPS": 1.03,
        "Total Revenue": 528,
        "Gross Profit": 420,
        "Operating Income": 223,
        "EBIT": NaN,
        "Net Income": 150
    },
    "2019-03-31": {
        "Diluted EPS": 1.12,
        "Total Revenue": 505,
        "Gross Profit": 405,
        "Operating Income": 195,
        "EBIT": NaN,
        "Net Income": 164
    },
    "2018-12-31": {
        "Diluted EPS": 1.18,
        "Total Revenue": 506,
        "Gross Profit": 418,
        "Operating Income": 205,
        "EBIT": NaN,
        "Net Income": 173
    },
    "2018-09-30": {
        "Diluted EPS": 1.17,
        "Total Revenue": 469,
        "Gross Profit": 395,
        "Operating Income": 205,
        "EBIT": NaN,
        "Net Income": 171
    },
    "2018-06-30": {
        "Diluted EPS": 1.18,
        "Total Revenue": 449,
        "Gross Profit": 390,
        "Operating Income": 197,
        "EBIT": NaN,
        "Net Income": 172
    },
    "2018-03-31": {
        "Diluted EPS": 1.28,
        "Total Revenue": 446,
        "Gross Profit": 401,
        "Operating Income": 212,
        "EBIT": NaN,
        "Net Income": 187
    },
    "2017-12-31": {
        "Diluted EPS": 0.59,
        "Total Revenue": 405,
        "Gross Profit": 365,
        "Operating Income": 174,
        "EBIT": NaN,
        "Net Income": 85
    },
    "2017-09-30": {
        "Diluted EPS": 0.91,
        "Total Revenue": 389,
        "Gross Profit": 353,
        "Operating Income": 175,
        "EBIT": NaN,
        "Net Income": 133
    },
    "2017-06-30": {
        "Diluted EPS": 0.81,
        "Total Revenue": 370,
        "Gross Profit": 337,
        "Operating Income": 158,
        "EBIT": NaN,
        "Net Income": 118
    },
    "2017-03-31": {
        "Diluted EPS": 1.16,
        "Total Revenue": 418,
        "Gross Profit": 388,
        "Operating Income": 228,
        "EBIT": NaN,
        "Net Income": 170
    },
    "2016-12-31": {
        "Diluted EPS": 0.76,
        "Total Revenue": 350,
        "Gross Profit": 321,
        "Operating Income": 161,
        "EBIT": NaN,
        "Net Income": 111
    },
    "2016-09-30": {
        "Diluted EPS": 0.76,
        "Total Revenue": 330,
        "Gross Profit": 303,
        "Operating Income": 123,
        "EBIT": NaN,
        "Net Income": 110
    },
    "2016-06-30": {
        "Diluted EPS": 0.71,
        "Total Revenue": 323,
        "Gross Profit": 298,
        "Operating Income": 143,
        "EBIT": NaN,
        "Net Income": 103
    },
    "2016-03-31": {
        "Diluted EPS": 0.74,
        "Total Revenue": 317,
        "Gross Profit": 293,
        "Operating Income": 145,
        "EBIT": NaN,
        "Net Income": 108
    },
    "2015-12-31": {
        "Diluted EPS": 0.64,
        "Total Revenue": 315,
        "Gross Profit": 291,
        "Operating Income": 156,
        "EBIT": NaN,
        "Net Income": 92
    },
    "2015-09-30": {
        "Diluted EPS": 0.65,
        "Total Revenue": 319,
        "Gross Profit": 294,
        "Operating Income": 139,
        "EBIT": NaN,
        "Net Income": 94
    },
    "2015-06-30": {
        "Diluted EPS": 0.68,
        "Total Revenue": 296,
        "Gross Profit": 268,
        "Operating Income": 144,
        "EBIT": NaN,
        "Net Income": 99
    },
    "2015-03-31": {
        "Diluted EPS": 0.69,
        "Total Revenue": 307,
        "Gross Profit": 280,
        "Operating Income": 147,
        "EBIT": NaN,
        "Net Income": 100
    },
    "2014-12-31": {
        "Diluted EPS": 0.66,
        "Total Revenue": 295,
        "Gross Profit": 267,
        "Operating Income": 123,
        "EBIT": NaN,
        "Net Income": 95
    },
    "2014-09-30": {
        "Diluted EPS": 0.64,
        "Total Revenue": 296,
        "Gross Profit": 267,
        "Operating Income": 85,
        "EBIT": NaN,
        "Net Income": 92
    },
    "2014-06-30": {
        "Diluted EPS": 0.59,
        "Total Revenue": 279,
        "Gross Profit": 252,
        "Operating Income": 123,
        "EBIT": NaN,
        "Net Income": 84
    },
    "2014-03-31": {
        "Diluted EPS": 0.52,
        "Total Revenue": 271,
        "Gross Profit": 243,
        "Operating Income": 116,
        "EBIT": NaN,
        "Net Income": 74
    },
    "2013-12-31": {
        "Diluted EPS": 0.54,
        "Total Revenue": 257,
        "Gross Profit": 228,
        "Operating Income": 119,
        "EBIT": NaN,
        "Net Income": 72
    },
    "2013-09-30": {
        "Diluted EPS": 0.53,
        "Total Revenue": 240,
        "Gross Profit": 213,
        "Operating Income": 109,
        "EBIT": NaN,
        "Net Income": 73
    },
    "2013-06-30": {
        "Diluted EPS": 0.52,
        "Total Revenue": 243,
        "Gross Profit": 215,
        "Operating Income": 112,
        "EBIT": NaN,
        "Net Income": 72
    },
    "2013-03-31": {
        "Diluted EPS": 0.5,
        "Total Revenue": 236,
        "Gross Profit": 207,
        "Operating Income": 107,
        "EBIT": NaN,
        "Net Income": 70
    },
    "2012-12-31": {
        "Diluted EPS": 0.49,
        "Total Revenue": 258,
        "Gross Profit": 226,
        "Operating Income": 131,
        "EBIT": NaN,
        "Net Income": 71
    },
    "2012-09-30": {
        "Diluted EPS": 0.48,
        "Total Revenue": 257,
        "Gross Profit": 225,
        "Operating Income": 105,
        "EBIT": NaN,
        "Net Income": 69
    },
    "2012-06-30": {
        "Diluted EPS": 0.47,
        "Total Revenue": 255,
        "Gross Profit": 222,
        "Operating Income": 104,
        "EBIT": NaN,
        "Net Income": 68
    },
    "2012-03-31": {
        "Diluted EPS": 0.45,
        "Total Revenue": 276,
        "Gross Profit": 241,
        "Operating Income": 108,
        "EBIT": NaN,
        "Net Income": 66
    },
    "2011-12-31": {
        "Diluted EPS": 0.43,
        "Total Revenue": 270,
        "Gross Profit": 230,
        "Operating Income": 103,
        "EBIT": NaN,
        "Net Income": 64
    },
    "2011-09-30": {
        "Diluted EPS": 0.41,
        "Total Revenue": 269,
        "Gross Profit": 224,
        "Operating Income": 98,
        "EBIT": NaN,
        "Net Income": 61
    },
    "2011-06-30": {
        "Diluted EPS": 0.39,
        "Total Revenue": 287,
        "Gross Profit": 240,
        "Operating Income": 96,
        "EBIT": NaN,
        "Net Income": 59
    },
    "2011-03-31": {
        "Diluted EPS": 0.37,
        "Total Revenue": 265,
        "Gross Profit": 220,
        "Operating Income": 87,
        "EBIT": NaN,
        "Net Income": 54
    },
    "2010-12-31": {
        "Diluted EPS": 0.22,
        "Total Revenue": 275,
        "Gross Profit": 229,
        "Operating Income": 86,
        "EBIT": NaN,
        "Net Income": 32
    },
    "2010-09-30": {
        "Diluted EPS": 0.27,
        "Total Revenue": 261,
        "Gross Profit": 212,
        "Operating Income": 74,
        "EBIT": NaN,
        "Net Income": 40
    },
    "2010-06-30": {
        "Diluted EPS": 0.21,
        "Total Revenue": 289,
        "Gross Profit": 239,
        "Operating Income": 59,
        "EBIT": NaN,
        "Net Income": 30
    },
    "2010-03-31": {
        "Diluted EPS": 0.13,
        "Total Revenue": 310,
        "Gross Profit": 253,
        "Operating Income": 38,
        "EBIT": NaN,
        "Net Income": 19
    },
    "2009-12-31": {
        "Diluted EPS": 3.57,
        "Total Revenue": 699,
        "Gross Profit": 637,
        "Operating Income": 409,
        "EBIT": NaN,
        "Net Income": 254
    },
    "2009-09-30": {
        "Diluted EPS": -0.91,
        "Total Revenue": 136,
        "Gross Profit": 84,
        "Operating Income": -121,
        "EBIT": NaN,
        "Net Income": -79
    },
    "2009-06-30": {
        "Diluted EPS": -1.83,
        "Total Revenue": 120,
        "Gross Profit": 62,
        "Operating Income": -147,
        "EBIT": NaN,
        "Net Income": -116
    },
    "2009-03-31": {
        "Diluted EPS": -0.5,
        "Total Revenue": 159,
        "Gross Profit": 93,
        "Operating Income": -36,
        "EBIT": NaN,
        "Net Income": -31
    },
    "2023-09-30": {
        "Tax Effect Of Unusual Items": 0.0,
        "Tax Rate For Calcs": 0.186,
        "Total Unusual Items": NaN,
        "Total Unusual Items Excluding Goodwill": NaN,
        "Net Income From Continuing Operation Net Minority Interest": 287738000.0,
        "Reconciled Depreciation": 68277000.0,
        "Net Interest Income": 570813000.0,
        "Interest Expense": 390974000.0,
        "Interest Income": 961787000.0,
        "Normalized Income": 287738000.0,
        "Net Income From Continuing And Discontinued Operation": 287738000.0,
        "Diluted Average Shares": 142122000.0,
        "Basic Average Shares": 141485000.0,
        "Diluted EPS": 2.02,
        "Basic EPS": 2.03,
        "Diluted NI Availto Com Stockholders": 287738000.0,
        "Net Income Common Stockholders": 287738000.0,
        "Net Income": 287738000.0,
        "Net Income Including Noncontrolling Interests": 287738000.0,
        "Net Income Continuous Operations": 287738000.0,
        "Tax Provision": 65813000.0,
        "Pretax Income": 353551000.0,
        "Special Income Charges": NaN,
        "Securities Amortization": 49694000.0,
        "Gain On Sale Of Security": 12959000.0,
        "Selling General And Administration": 131736000.0,
        "General And Administrative Expense": 131736000.0,
        "Insurance And Claims": 8583000.0,
        "Salaries And Wages": 123153000.0,
        "Total Revenue": 635980000.0,
        "Operating Revenue": 635980000.0,
        "Occupancy And Equipment": 23469000.0,
        "Other Non Interest Expense": 35530000.0
    },
    "2023-12-31": {
        "Tax Effect Of Unusual Items": 0.0,
        "Tax Rate For Calcs": 0.269791,
        "Total Unusual Items": NaN,
        "Total Unusual Items Excluding Goodwill": NaN,
        "Net Income From Continuing Operation Net Minority Interest": 238953000.0,
        "Reconciled Depreciation": -11396000.0,
        "Net Interest Income": 574834000.0,
        "Interest Expense": 415544000.0,
        "Interest Income": 990378000.0,
        "Normalized Income": 238953000.0,
        "Net Income From Continuing And Discontinued Operation": 238953000.0,
        "Diluted Average Shares": 141409000.0,
        "Basic Average Shares": 140595000.0,
        "Diluted EPS": 1.69,
        "Basic EPS": 1.7,
        "Diluted NI Availto Com Stockholders": 238953000.0,
        "Net Income Common Stockholders": 238953000.0,
        "Net Income": 238953000.0,
        "Net Income Including Noncontrolling Interests": 238953000.0,
        "Net Income Continuous Operations": 238953000.0,
        "Tax Provision": 88286000.0,
        "Pretax Income": 327239000.0,
        "Special Income Charges": NaN,
        "Securities Amortization": 4581000.0,
        "Gain On Sale Of Security": 3866000.0,
        "Selling General And Administration": 209347000.0,
        "General And Administrative Expense": 209347000.0,
        "Insurance And Claims": 78553000.0,
        "Salaries And Wages": 130794000.0,
        "Total Revenue": 643347000.0,
        "Operating Revenue": 643347000.0,
        "Occupancy And Equipment": 15735000.0,
        "Other Non Interest Expense": 49445000.0
    },
    "2024-03-31": {
        "Tax Effect Of Unusual Items": 0.0,
        "Tax Rate For Calcs": 0.234,
        "Total Unusual Items": NaN,
        "Total Unusual Items Excluding Goodwill": NaN,
        "Net Income From Continuing Operation Net Minority Interest": 285075000.0,
        "Reconciled Depreciation": 50998000.0,
        "Net Interest Income": 565139000.0,
        "Interest Expense": 458478000.0,
        "Interest Income": 1023617000.0,
        "Normalized Income": 285075000.0,
        "Net Income From Continuing And Discontinued Operation": 285075000.0,
        "Diluted Average Shares": 140261000.0,
        "Basic Average Shares": 139409000.0,
        "Diluted EPS": 2.03,
        "Basic EPS": 2.04,
        "Diluted NI Availto Com Stockholders": 285075000.0,
        "Net Income Common Stockholders": 285075000.0,
        "Net Income": 285075000.0,
        "Net Income Including Noncontrolling Interests": 285075000.0,
        "Net Income Continuous Operations": 285075000.0,
        "Tax Provision": 87177000.0,
        "Pretax Income": 372252000.0,
        "Special Income Charges": NaN,
        "Securities Amortization": 13207000.0,
        "Gain On Sale Of Security": 6614000.0,
        "Selling General And Administration": 161461000.0,
        "General And Administrative Expense": 161461000.0,
        "Insurance And Claims": 19649000.0,
        "Salaries And Wages": 141812000.0,
        "Total Revenue": 631939000.0,
        "Operating Revenue": 631939000.0,
        "Occupancy And Equipment": 15230000.0,
        "Other Non Interest Expense": 44789000.0
    },
    "2024-06-30": {
        "Tax Effect Of Unusual Items": 0.0,
        "Tax Rate For Calcs": 0.209,
        "Total Unusual Items": NaN,
        "Total Unusual Items Excluding Goodwill": NaN,
        "Net Income From Continuing Operation Net Minority Interest": 288230000.0,
        "Reconciled Depreciation": 49374000.0,
        "Net Interest Income": 553229000.0,
        "Interest Expense": 481185000.0,
        "Interest Income": 1034414000.0,
        "Normalized Income": 288230000.0,
        "Net Income From Continuing And Discontinued Operation": 288230000.0,
        "Diluted Average Shares": 139801000.0,
        "Basic Average Shares": 138980000.0,
        "Diluted EPS": 2.06,
        "Basic EPS": 2.07,
        "Diluted NI Availto Com Stockholders": 288230000.0,
        "Net Income Common Stockholders": 288230000.0,
        "Net Income": 288230000.0,
        "Net Income Including Noncontrolling Interests": 288230000.0,
        "Net Income Continuous Operations": 288230000.0,
        "Tax Provision": 76238000.0,
        "Pretax Income": 364468000.0,
        "Special Income Charges": NaN,
        "Securities Amortization": 16052000.0,
        "Gain On Sale Of Security": 8135000.0,
        "Selling General And Administration": 144296000.0,
        "General And Administrative Expense": 144296000.0,
        "Insurance And Claims": 10708000.0,
        "Salaries And Wages": 133588000.0,
        "Total Revenue": 625852000.0,
        "Operating Revenue": 625852000.0,
        "Occupancy And Equipment": 15031000.0,
        "Other Non Interest Expense": 49005000.0
    }
}