{
    "2023-03-31": {
        "Tax Effect Of Unusual Items": 0.0,
        "Tax Rate For Calcs": 0.325864,
        "Normalized EBITDA": 10363000.0,
        "Total Unusual Items": NaN,
        "Total Unusual Items Excluding Goodwill": NaN,
        "Net Income From Continuing Operation Net Minority Interest": -508000.0,
        "Reconciled Depreciation": 5063000.0,
        "Reconciled Cost Of Revenue": 14457000.0,
        "EBITDA": 10363000.0,
        "EBIT": 5300000.0,
        "Net Interest Income": -6862000.0,
        "Interest Expense": 6862000.0,
        "Normalized Income": -508000.0,
        "Net Income From Continuing And Discontinued Operation": -508000.0,
        "Total Expenses": 44592000.0,
        "Total Operating Income As Reported": 5300000.0,
        "Diluted Average Shares": 62683724.0,
        "Basic Average Shares": 47988681.0,
        "Diluted EPS": -0.010586,
        "Basic EPS": -0.010586,
        "Diluted NI Availto Com Stockholders": -508000.0,
        "Net Income Common Stockholders": -508000.0,
        "Otherunder Preferred Stock Dividend": NaN,
        "Net Income": -508000.0,
        "Minority Interests": 545000.0,
        "Net Income Including Noncontrolling Interests": -1053000.0,
        "Net Income Continuous Operations": -1053000.0,
        "Tax Provision": -509000.0,
        "Pretax Income": -1562000.0,
        "Other Income Expense": NaN,
        "Other Non Operating Income Expenses": NaN,
        "Special Income Charges": NaN,
        "Gain On Sale Of Ppe": NaN,
        "Net Non Operating Interest Income Expense": -6862000.0,
        "Interest Expense Non Operating": 6862000.0,
        "Operating Income": 5300000.0,
        "Operating Expense": 30135000.0,
        "Depreciation Amortization Depletion Income Statement": 5063000.0,
        "Depreciation And Amortization In Income Statement": 5063000.0,
        "Selling General And Administration": 25072000.0,
        "Selling And Marketing Expense": 7809000.0,
        "General And Administrative Expense": 17263000.0,
        "Other Gand A": 17263000.0,
        "Gross Profit": 35435000.0,
        "Cost Of Revenue": 14457000.0,
        "Total Revenue": 49892000.0,
        "Operating Revenue": 47095000.0
    },
    "2022-12-31": {
        "Tax Effect Of Unusual Items": 0.0,
        "Tax Rate For Calcs": 0.21,
        "Normalized EBITDA": -38712000.0,
        "Total Unusual Items": -2000.0,
        "Total Unusual Items Excluding Goodwill": -2000.0,
        "Net Income From Continuing Operation Net Minority Interest": 902000.0,
        "Reconciled Depreciation": 5058000.0,
        "Reconciled Cost Of Revenue": 16059000.0,
        "EBITDA": -38712000.0,
        "EBIT": -43770000.0,
        "Net Interest Income": -7235000.0,
        "Interest Expense": 7235000.0,
        "Normalized Income": 902000.0,
        "Net Income From Continuing And Discontinued Operation": 902000.0,
        "Total Expenses": 41360000.0,
        "Total Operating Income As Reported": 12156000.0,
        "Diluted Average Shares": 44561685.0,
        "Basic Average Shares": 44561685.0,
        "Diluted EPS": 0.020242,
        "Basic EPS": 0.020242,
        "Diluted NI Availto Com Stockholders": 902000.0,
        "Net Income Common Stockholders": 902000.0,
        "Otherunder Preferred Stock Dividend": 0.0,
        "Net Income": 902000.0,
        "Minority Interests": -1367000.0,
        "Net Income Including Noncontrolling Interests": 2269000.0,
        "Net Income Continuous Operations": 2269000.0,
        "Tax Provision": -53274000.0,
        "Pretax Income": -51005000.0,
        "Other Income Expense": -55933000.0,
        "Other Non Operating Income Expenses": -55926000.0,
        "Special Income Charges": -2000.0,
        "Gain On Sale Of Ppe": -2000.0,
        "Net Non Operating Interest Income Expense": -7235000.0,
        "Interest Expense Non Operating": 7235000.0,
        "Operating Income": 12163000.0,
        "Operating Expense": 25301000.0,
        "Depreciation Amortization Depletion Income Statement": 5058000.0,
        "Depreciation And Amortization In Income Statement": 5058000.0,
        "Selling General And Administration": 20243000.0,
        "Selling And Marketing Expense": 5656000.0,
        "General And Administrative Expense": 14587000.0,
        "Other Gand A": 14587000.0,
        "Gross Profit": 37464000.0,
        "Cost Of Revenue": 16059000.0,
        "Total Revenue": 53523000.0,
        "Operating Revenue": 50471000.0
    },
    "2022-09-30": {
        "Tax Effect Of Unusual Items": 0.0,
        "Tax Rate For Calcs": 0.00695,
        "Normalized EBITDA": 17187000.0,
        "Total Unusual Items": NaN,
        "Total Unusual Items Excluding Goodwill": NaN,
        "Net Income From Continuing Operation Net Minority Interest": 3514000.0,
        "Reconciled Depreciation": 5058000.0,
        "Reconciled Cost Of Revenue": 16314000.0,
        "EBITDA": 17187000.0,
        "EBIT": 12128000.0,
        "Net Interest Income": -6804000.0,
        "Interest Expense": 6804000.0,
        "Normalized Income": 3514000.0,
        "Net Income From Continuing And Discontinued Operation": 3514000.0,
        "Total Expenses": 43432000.0,
        "Total Operating Income As Reported": 11612000.0,
        "Diluted Average Shares": 62849257.0,
        "Basic Average Shares": 39849170.0,
        "Diluted EPS": 0.08,
        "Basic EPS": 0.09,
        "Diluted NI Availto Com Stockholders": 5287000.0,
        "Average Dilution Earnings": 1773000.0,
        "Net Income Common Stockholders": 3514000.0,
        "Otherunder Preferred Stock Dividend": 0.0,
        "Net Income": 3514000.0,
        "Minority Interests": -1773000.0,
        "Net Income Including Noncontrolling Interests": 5287000.0,
        "Net Income Continuous Operations": 5287000.0,
        "Tax Provision": 37000.0,
        "Pretax Income": 5324000.0,
        "Other Income Expense": 516000.0,
        "Other Non Operating Income Expenses": 516000.0,
        "Special Income Charges": NaN,
        "Gain On Sale Of Ppe": NaN,
        "Net Non Operating Interest Income Expense": -6804000.0,
        "Interest Expense Non Operating": 6804000.0,
        "Operating Income": 11612000.0,
        "Operating Expense": 27119000.0,
        "Depreciation Amortization Depletion Income Statement": 5059000.0,
        "Depreciation And Amortization In Income Statement": 5059000.0,
        "Selling General And Administration": 22060000.0,
        "Selling And Marketing Expense": 8398000.0,
        "General And Administrative Expense": 13662000.0,
        "Other Gand A": 13662000.0,
        "Gross Profit": 38731000.0,
        "Cost Of Revenue": 16313000.0,
        "Total Revenue": 55044000.0,
        "Operating Revenue": 51990000.0
    },
    "2022-06-30": {
        "Tax Effect Of Unusual Items": 0.0,
        "Tax Rate For Calcs": 0.009268,
        "Normalized EBITDA": 15185000.0,
        "Total Unusual Items": NaN,
        "Total Unusual Items Excluding Goodwill": NaN,
        "Net Income From Continuing Operation Net Minority Interest": 1256000.0,
        "Reconciled Depreciation": 5055000.0,
        "Reconciled Cost Of Revenue": 14864000.0,
        "EBITDA": 15185000.0,
        "EBIT": 10130000.0,
        "Net Interest Income": -8080000.0,
        "Interest Expense": 8080000.0,
        "Normalized Income": 1256000.0,
        "Net Income From Continuing And Discontinued Operation": 1256000.0,
        "Total Expenses": 43195000.0,
        "Total Operating Income As Reported": 10163000.0,
        "Diluted Average Shares": 38155439.0,
        "Basic Average Shares": 37911637.0,
        "Diluted EPS": 0.03,
        "Basic EPS": 0.03,
        "Diluted NI Availto Com Stockholders": 1178000.0,
        "Average Dilution Earnings": -78000.0,
        "Net Income Common Stockholders": 1256000.0,
        "Otherunder Preferred Stock Dividend": 0.0,
        "Net Income": 1256000.0,
        "Minority Interests": -775000.0,
        "Net Income Including Noncontrolling Interests": 2031000.0,
        "Net Income Continuous Operations": 2031000.0,
        "Tax Provision": 19000.0,
        "Pretax Income": 2050000.0,
        "Other Income Expense": -33000.0,
        "Other Non Operating Income Expenses": -33000.0,
        "Special Income Charges": NaN,
        "Gain On Sale Of Ppe": NaN,
        "Net Non Operating Interest Income Expense": -8080000.0,
        "Interest Expense Non Operating": 8080000.0,
        "Operating Income": 10163000.0,
        "Operating Expense": 28331000.0,
        "Depreciation Amortization Depletion Income Statement": 5055000.0,
        "Depreciation And Amortization In Income Statement": 5055000.0,
        "Selling General And Administration": 23276000.0,
        "Selling And Marketing Expense": 8049000.0,
        "General And Administrative Expense": 15227000.0,
        "Other Gand A": 15227000.0,
        "Gross Profit": 38494000.0,
        "Cost Of Revenue": 14864000.0,
        "Total Revenue": 53358000.0,
        "Operating Revenue": 50446000.0
    },
    "2022-03-31": {
        "Diluted EPS": 0.05,
        "Total Revenue": 45,
        "Gross Profit": 33,
        "Operating Income": 6,
        "EBIT": 12,
        "Net Income": 2
    },
    "2021-12-31": {
        "Diluted EPS": 0.07,
        "Total Revenue": 45,
        "Gross Profit": 33,
        "Operating Income": 6,
        "EBIT": 12,
        "Net Income": 2
    },
    "2021-09-30": {
        "Diluted EPS": -0.18,
        "Total Revenue": 49,
        "Gross Profit": 36,
        "Operating Income": 0,
        "EBIT": 5,
        "Net Income": -6
    },
    "2021-06-30": {
        "Diluted EPS": 0.0,
        "Total Revenue": 48,
        "Gross Profit": 36,
        "Operating Income": 12,
        "EBIT": 18,
        "Net Income": NaN
    },
    "2021-03-31": {
        "Diluted EPS": 0.0,
        "Total Revenue": 37,
        "Gross Profit": 27,
        "Operating Income": 6,
        "EBIT": 11,
        "Net Income": 0
    },
    "2020-12-31": {
        "Diluted EPS": 0.0,
        "Total Revenue": NaN,
        "Gross Profit": NaN,
        "Operating Income": NaN,
        "EBIT": NaN,
        "Net Income": NaN
    },
    "2020-09-30": {
        "Diluted EPS": 0.0,
        "Total Revenue": 30,
        "Gross Profit": 15,
        "Operating Income": -2,
        "EBIT": 3,
        "Net Income": 0
    },
    "2020-06-30": {
        "Diluted EPS": -0.34,
        "Total Revenue": 11,
        "Gross Profit": 7,
        "Operating Income": -7,
        "EBIT": -7,
        "Net Income": -12
    },
    "2019-12-31": {
        "Diluted EPS": 0.0,
        "Total Revenue": NaN,
        "Gross Profit": NaN,
        "Operating Income": NaN,
        "EBIT": NaN,
        "Net Income": NaN
    },
    "2023-06-30": {
        "Tax Effect Of Unusual Items": 0.0,
        "Tax Rate For Calcs": 0.331,
        "Normalized EBITDA": 20164000.0,
        "Total Unusual Items": NaN,
        "Total Unusual Items Excluding Goodwill": NaN,
        "Net Income From Continuing Operation Net Minority Interest": 4012000.0,
        "Reconciled Depreciation": 5045000.0,
        "Reconciled Cost Of Revenue": 16900000.0,
        "EBITDA": 20164000.0,
        "EBIT": 15119000.0,
        "Net Interest Income": -6762000.0,
        "Interest Expense": 6762000.0,
        "Normalized Income": 4012000.0,
        "Net Income From Continuing And Discontinued Operation": 4012000.0,
        "Total Expenses": 44763000.0,
        "Total Operating Income As Reported": 14327000.0,
        "Diluted Average Shares": 50439538.0,
        "Basic Average Shares": 50335784.0,
        "Diluted EPS": 0.08,
        "Basic EPS": 0.08,
        "Diluted NI Availto Com Stockholders": 4012000.0,
        "Net Income Common Stockholders": 4012000.0,
        "Otherunder Preferred Stock Dividend": NaN,
        "Net Income": 4012000.0,
        "Minority Interests": -1582000.0,
        "Net Income Including Noncontrolling Interests": 5594000.0,
        "Net Income Continuous Operations": 5594000.0,
        "Tax Provision": 2763000.0,
        "Pretax Income": 8357000.0,
        "Other Income Expense": 792000.0,
        "Other Non Operating Income Expenses": 792000.0,
        "Special Income Charges": NaN,
        "Gain On Sale Of Ppe": NaN,
        "Net Non Operating Interest Income Expense": -6762000.0,
        "Interest Expense Non Operating": 6762000.0,
        "Operating Income": 14327000.0,
        "Operating Expense": 27863000.0,
        "Depreciation Amortization Depletion Income Statement": 5045000.0,
        "Depreciation And Amortization In Income Statement": 5045000.0,
        "Selling General And Administration": 22818000.0,
        "Selling And Marketing Expense": 8684000.0,
        "General And Administrative Expense": 14134000.0,
        "Other Gand A": 14134000.0,
        "Gross Profit": 42190000.0,
        "Cost Of Revenue": 16900000.0,
        "Total Revenue": 59090000.0,
        "Operating Revenue": 55787000.0
    },
    "2023-09-30": {
        "Tax Effect Of Unusual Items": 0.0,
        "Tax Rate For Calcs": 0.298,
        "Normalized EBITDA": 17489000.0,
        "Total Unusual Items": NaN,
        "Total Unusual Items Excluding Goodwill": NaN,
        "Net Income From Continuing Operation Net Minority Interest": 2941000.0,
        "Reconciled Depreciation": 5040000.0,
        "Reconciled Cost Of Revenue": 15721000.0,
        "EBITDA": 17489000.0,
        "EBIT": 12449000.0,
        "Net Interest Income": -6471000.0,
        "Interest Expense": 6471000.0,
        "Normalized Income": 2941000.0,
        "Net Income From Continuing And Discontinued Operation": 2941000.0,
        "Total Expenses": 43232000.0,
        "Total Operating Income As Reported": 12485000.0,
        "Diluted Average Shares": 50428170.0,
        "Basic Average Shares": 50321994.0,
        "Diluted EPS": 0.06,
        "Basic EPS": 0.06,
        "Diluted NI Availto Com Stockholders": 2941000.0,
        "Net Income Common Stockholders": 2941000.0,
        "Otherunder Preferred Stock Dividend": NaN,
        "Net Income": 2941000.0,
        "Minority Interests": -1253000.0,
        "Net Income Including Noncontrolling Interests": 4194000.0,
        "Net Income Continuous Operations": 4194000.0,
        "Tax Provision": 1784000.0,
        "Pretax Income": 5978000.0,
        "Other Income Expense": -36000.0,
        "Other Non Operating Income Expenses": -36000.0,
        "Special Income Charges": NaN,
        "Gain On Sale Of Ppe": NaN,
        "Net Non Operating Interest Income Expense": -6471000.0,
        "Interest Expense Non Operating": 6471000.0,
        "Operating Income": 12485000.0,
        "Operating Expense": 27511000.0,
        "Depreciation Amortization Depletion Income Statement": 5040000.0,
        "Depreciation And Amortization In Income Statement": 5040000.0,
        "Selling General And Administration": 22471000.0,
        "Selling And Marketing Expense": 8099000.0,
        "General And Administrative Expense": 14372000.0,
        "Other Gand A": 14372000.0,
        "Gross Profit": 39996000.0,
        "Cost Of Revenue": 15721000.0,
        "Total Revenue": 55717000.0,
        "Operating Revenue": 52786000.0
    }
}