{
    "2023-03-31": {
        "Tax Effect Of Unusual Items": NaN,
        "Tax Rate For Calcs": NaN,
        "Normalized EBITDA": NaN,
        "Total Unusual Items": NaN,
        "Total Unusual Items Excluding Goodwill": NaN,
        "Net Income From Continuing Operation Net Minority Interest": NaN,
        "Reconciled Depreciation": NaN,
        "Reconciled Cost Of Revenue": NaN,
        "EBITDA": NaN,
        "EBIT": NaN,
        "Net Interest Income": NaN,
        "Interest Expense": NaN,
        "Interest Income": 4107000.0,
        "Normalized Income": NaN,
        "Net Income From Continuing And Discontinued Operation": NaN,
        "Total Expenses": NaN,
        "Total Operating Income As Reported": NaN,
        "Diluted Average Shares": NaN,
        "Basic Average Shares": NaN,
        "Diluted EPS": NaN,
        "Basic EPS": NaN,
        "Diluted NI Availto Com Stockholders": NaN,
        "Net Income Common Stockholders": NaN,
        "Net Income": NaN,
        "Net Income Including Noncontrolling Interests": NaN,
        "Net Income Continuous Operations": NaN,
        "Tax Provision": NaN,
        "Pretax Income": NaN,
        "Other Income Expense": NaN,
        "Special Income Charges": NaN,
        "Other Special Charges": -10324000.0,
        "Impairment Of Capital Assets": NaN,
        "Gain On Sale Of Security": NaN,
        "Net Non Operating Interest Income Expense": NaN,
        "Total Other Finance Cost": NaN,
        "Interest Expense Non Operating": NaN,
        "Interest Income Non Operating": 4107000.0,
        "Operating Income": NaN,
        "Operating Expense": NaN,
        "Other Operating Expenses": NaN,
        "Depreciation Amortization Depletion Income Statement": NaN,
        "Depreciation And Amortization In Income Statement": NaN,
        "Amortization": NaN,
        "Amortization Of Intangibles Income Statement": NaN,
        "Research And Development": NaN,
        "Selling General And Administration": NaN,
        "Selling And Marketing Expense": NaN,
        "General And Administrative Expense": NaN,
        "Other Gand A": NaN,
        "Salaries And Wages": NaN,
        "Gross Profit": NaN,
        "Cost Of Revenue": NaN,
        "Total Revenue": NaN,
        "Operating Revenue": NaN
    },
    "2022-12-31": {
        "Tax Effect Of Unusual Items": NaN,
        "Tax Rate For Calcs": NaN,
        "Normalized EBITDA": NaN,
        "Total Unusual Items": NaN,
        "Total Unusual Items Excluding Goodwill": NaN,
        "Net Income From Continuing Operation Net Minority Interest": NaN,
        "Reconciled Depreciation": NaN,
        "Reconciled Cost Of Revenue": NaN,
        "EBITDA": NaN,
        "EBIT": NaN,
        "Net Interest Income": NaN,
        "Interest Expense": NaN,
        "Interest Income": NaN,
        "Normalized Income": NaN,
        "Net Income From Continuing And Discontinued Operation": NaN,
        "Total Expenses": NaN,
        "Total Operating Income As Reported": NaN,
        "Diluted Average Shares": 177584000.0,
        "Basic Average Shares": 177584000.0,
        "Diluted EPS": -0.72,
        "Basic EPS": -0.72,
        "Diluted NI Availto Com Stockholders": NaN,
        "Net Income Common Stockholders": NaN,
        "Net Income": NaN,
        "Net Income Including Noncontrolling Interests": NaN,
        "Net Income Continuous Operations": NaN,
        "Tax Provision": NaN,
        "Pretax Income": NaN,
        "Other Income Expense": NaN,
        "Special Income Charges": NaN,
        "Other Special Charges": NaN,
        "Impairment Of Capital Assets": NaN,
        "Gain On Sale Of Security": NaN,
        "Net Non Operating Interest Income Expense": NaN,
        "Total Other Finance Cost": 1443000.0,
        "Interest Expense Non Operating": NaN,
        "Interest Income Non Operating": NaN,
        "Operating Income": NaN,
        "Operating Expense": NaN,
        "Other Operating Expenses": 0.0,
        "Depreciation Amortization Depletion Income Statement": NaN,
        "Depreciation And Amortization In Income Statement": NaN,
        "Amortization": NaN,
        "Amortization Of Intangibles Income Statement": NaN,
        "Research And Development": NaN,
        "Selling General And Administration": NaN,
        "Selling And Marketing Expense": NaN,
        "General And Administrative Expense": NaN,
        "Other Gand A": NaN,
        "Salaries And Wages": NaN,
        "Gross Profit": NaN,
        "Cost Of Revenue": NaN,
        "Total Revenue": NaN,
        "Operating Revenue": NaN
    },
    "2022-09-30": {
        "Tax Effect Of Unusual Items": NaN,
        "Tax Rate For Calcs": NaN,
        "Normalized EBITDA": NaN,
        "Total Unusual Items": NaN,
        "Total Unusual Items Excluding Goodwill": NaN,
        "Net Income From Continuing Operation Net Minority Interest": NaN,
        "Reconciled Depreciation": NaN,
        "Reconciled Cost Of Revenue": NaN,
        "EBITDA": NaN,
        "EBIT": NaN,
        "Net Interest Income": NaN,
        "Interest Expense": NaN,
        "Interest Income": 4041765000.0,
        "Normalized Income": NaN,
        "Net Income From Continuing And Discontinued Operation": NaN,
        "Total Expenses": NaN,
        "Total Operating Income As Reported": NaN,
        "Diluted Average Shares": NaN,
        "Basic Average Shares": NaN,
        "Diluted EPS": NaN,
        "Basic EPS": NaN,
        "Diluted NI Availto Com Stockholders": NaN,
        "Net Income Common Stockholders": NaN,
        "Net Income": NaN,
        "Net Income Including Noncontrolling Interests": NaN,
        "Net Income Continuous Operations": NaN,
        "Tax Provision": NaN,
        "Pretax Income": NaN,
        "Other Income Expense": NaN,
        "Special Income Charges": NaN,
        "Other Special Charges": NaN,
        "Impairment Of Capital Assets": NaN,
        "Gain On Sale Of Security": NaN,
        "Net Non Operating Interest Income Expense": NaN,
        "Total Other Finance Cost": 1444000.0,
        "Interest Expense Non Operating": NaN,
        "Interest Income Non Operating": 4041765000.0,
        "Operating Income": NaN,
        "Operating Expense": NaN,
        "Other Operating Expenses": 13244000.0,
        "Depreciation Amortization Depletion Income Statement": NaN,
        "Depreciation And Amortization In Income Statement": NaN,
        "Amortization": NaN,
        "Amortization Of Intangibles Income Statement": NaN,
        "Research And Development": NaN,
        "Selling General And Administration": NaN,
        "Selling And Marketing Expense": NaN,
        "General And Administrative Expense": NaN,
        "Other Gand A": NaN,
        "Salaries And Wages": NaN,
        "Gross Profit": NaN,
        "Cost Of Revenue": NaN,
        "Total Revenue": NaN,
        "Operating Revenue": NaN
    },
    "2022-06-30": {
        "Tax Effect Of Unusual Items": -107576.304718,
        "Tax Rate For Calcs": 0.010434,
        "Normalized EBITDA": -102560000.0,
        "Total Unusual Items": -10310000.0,
        "Total Unusual Items Excluding Goodwill": -10310000.0,
        "Net Income From Continuing Operation Net Minority Interest": -166063000.0,
        "Reconciled Depreciation": 51861000.0,
        "Reconciled Cost Of Revenue": 119095000.0,
        "EBITDA": -112870000.0,
        "EBIT": -164731000.0,
        "Net Interest Income": -4511000.0,
        "Interest Expense": 3083000.0,
        "Normalized Income": -155860576.304718,
        "Net Income From Continuing And Discontinued Operation": -166063000.0,
        "Total Expenses": 674639000.0,
        "Total Operating Income As Reported": -159584000.0,
        "Diluted Average Shares": 176364000.0,
        "Basic Average Shares": 176364000.0,
        "Diluted EPS": -0.94,
        "Basic EPS": -0.94,
        "Diluted NI Availto Com Stockholders": -166063000.0,
        "Net Income Common Stockholders": -166063000.0,
        "Net Income": -166063000.0,
        "Net Income Including Noncontrolling Interests": -166063000.0,
        "Net Income Continuous Operations": -166063000.0,
        "Tax Provision": -1751000.0,
        "Pretax Income": -167814000.0,
        "Other Income Expense": -10310000.0,
        "Special Income Charges": -6591000.0,
        "Other Special Charges": NaN,
        "Impairment Of Capital Assets": 6591000.0,
        "Gain On Sale Of Security": -3719000.0,
        "Net Non Operating Interest Income Expense": -4511000.0,
        "Total Other Finance Cost": 1428000.0,
        "Interest Expense Non Operating": 3083000.0,
        "Operating Income": -152999000.0,
        "Operating Expense": 530039000.0,
        "Other Operating Expenses": NaN,
        "Depreciation Amortization Depletion Income Statement": 26356000.0,
        "Depreciation And Amortization In Income Statement": 26356000.0,
        "Amortization": 26356000.0,
        "Amortization Of Intangibles Income Statement": 26356000.0,
        "Research And Development": 106083000.0,
        "Selling General And Administration": 397600000.0,
        "Selling And Marketing Expense": 72800000.0,
        "General And Administrative Expense": 324800000.0,
        "Other Gand A": 68100000.0,
        "Salaries And Wages": 256700000.0,
        "Gross Profit": 377040000.0,
        "Cost Of Revenue": 144600000.0,
        "Total Revenue": 521640000.0,
        "Operating Revenue": 521640000.0
    },
    "2023-06-30": {
        "Tax Effect Of Unusual Items": NaN,
        "Tax Rate For Calcs": NaN,
        "Normalized EBITDA": NaN,
        "Total Unusual Items": NaN,
        "Total Unusual Items Excluding Goodwill": NaN,
        "Net Income From Continuing Operation Net Minority Interest": NaN,
        "Reconciled Depreciation": NaN,
        "Reconciled Cost Of Revenue": NaN,
        "EBITDA": NaN,
        "EBIT": NaN,
        "Net Interest Income": NaN,
        "Interest Expense": 7818000.0,
        "Interest Income": NaN,
        "Normalized Income": NaN,
        "Net Income From Continuing And Discontinued Operation": NaN,
        "Total Expenses": NaN,
        "Total Operating Income As Reported": NaN,
        "Diluted Average Shares": 180204000.0,
        "Basic Average Shares": 180204000.0,
        "Diluted EPS": -0.45,
        "Basic EPS": -0.45,
        "Diluted NI Availto Com Stockholders": NaN,
        "Net Income Common Stockholders": NaN,
        "Net Income": NaN,
        "Net Income Including Noncontrolling Interests": NaN,
        "Net Income Continuous Operations": NaN,
        "Tax Provision": NaN,
        "Pretax Income": NaN,
        "Other Income Expense": NaN,
        "Special Income Charges": NaN,
        "Other Special Charges": NaN,
        "Impairment Of Capital Assets": NaN,
        "Gain On Sale Of Security": NaN,
        "Net Non Operating Interest Income Expense": NaN,
        "Total Other Finance Cost": 7818000.0,
        "Interest Expense Non Operating": 7818000.0,
        "Interest Income Non Operating": NaN,
        "Operating Income": NaN,
        "Operating Expense": NaN,
        "Other Operating Expenses": NaN,
        "Depreciation Amortization Depletion Income Statement": NaN,
        "Depreciation And Amortization In Income Statement": NaN,
        "Amortization": NaN,
        "Amortization Of Intangibles Income Statement": NaN,
        "Research And Development": NaN,
        "Selling General And Administration": NaN,
        "Selling And Marketing Expense": NaN,
        "General And Administrative Expense": NaN,
        "Other Gand A": NaN,
        "Salaries And Wages": NaN,
        "Gross Profit": NaN,
        "Cost Of Revenue": NaN,
        "Total Revenue": NaN,
        "Operating Revenue": NaN
    },
    "2022-03-31": {
        "Diluted EPS": -1.04,
        "Total Revenue": 487,
        "Gross Profit": 352,
        "Operating Income": -177,
        "EBIT": -127,
        "Net Income": -181
    },
    "2021-12-31": {
        "Diluted EPS": -1.3,
        "Total Revenue": 474,
        "Gross Profit": 355,
        "Operating Income": -221,
        "EBIT": -173,
        "Net Income": -221
    },
    "2021-09-30": {
        "Diluted EPS": -0.97,
        "Total Revenue": 456,
        "Gross Profit": 341,
        "Operating Income": -162,
        "EBIT": -92,
        "Net Income": -167
    },
    "2021-06-30": {
        "Diluted EPS": -1.03,
        "Total Revenue": 435,
        "Gross Profit": 321,
        "Operating Income": -172,
        "EBIT": -124,
        "Net Income": -177
    },
    "2021-03-31": {
        "Diluted EPS": -0.18,
        "Total Revenue": 402,
        "Gross Profit": 292,
        "Operating Income": -301,
        "EBIT": -255,
        "Net Income": -31
    },
    "2020-12-31": {
        "Diluted EPS": -2.74,
        "Total Revenue": 466,
        "Gross Profit": 367,
        "Operating Income": -415,
        "EBIT": -373,
        "Net Income": -418
    },
    "2020-09-30": {
        "Diluted EPS": -1.35,
        "Total Revenue": 408,
        "Gross Profit": 313,
        "Operating Income": -203,
        "EBIT": 50,
        "Net Income": -203
    },
    "2020-06-30": {
        "Diluted EPS": -0.45,
        "Total Revenue": 269,
        "Gross Profit": 191,
        "Operating Income": -67,
        "EBIT": -25,
        "Net Income": -68
    },
    "2020-03-31": {
        "Diluted EPS": -0.91,
        "Total Revenue": 348,
        "Gross Profit": 266,
        "Operating Income": -82,
        "EBIT": -43,
        "Net Income": -135
    },
    "2019-12-31": {
        "Diluted EPS": -0.35,
        "Total Revenue": 296,
        "Gross Profit": 225,
        "Operating Income": -96,
        "EBIT": -97,
        "Net Income": -51
    },
    "2019-09-30": {
        "Diluted EPS": -0.31,
        "Total Revenue": 219,
        "Gross Profit": 166,
        "Operating Income": -36,
        "EBIT": -21,
        "Net Income": -41
    },
    "2019-06-30": {
        "Diluted EPS": -0.3,
        "Total Revenue": 200,
        "Gross Profit": 149,
        "Operating Income": -34,
        "EBIT": -17,
        "Net Income": -39
    },
    "2019-03-31": {
        "Diluted EPS": -0.66,
        "Total Revenue": 162,
        "Gross Profit": 119,
        "Operating Income": -68,
        "EBIT": -53,
        "Net Income": -83
    },
    "2018-12-31": {
        "Diluted EPS": -0.43,
        "Total Revenue": 143,
        "Gross Profit": 106,
        "Operating Income": -49,
        "EBIT": -36,
        "Net Income": -54
    },
    "2018-09-30": {
        "Diluted EPS": -0.37,
        "Total Revenue": 118,
        "Gross Profit": 88,
        "Operating Income": -41,
        "EBIT": -28,
        "Net Income": -45
    },
    "2018-06-30": {
        "Diluted EPS": -0.3,
        "Total Revenue": 103,
        "Gross Profit": 76,
        "Operating Income": -33,
        "EBIT": -22,
        "Net Income": -36
    },
    "2018-03-31": {
        "Diluted EPS": -0.33,
        "Total Revenue": 90,
        "Gross Profit": 67,
        "Operating Income": -37,
        "EBIT": -28,
        "Net Income": -39
    },
    "2017-12-31": {
        "Diluted EPS": -0.17,
        "Total Revenue": 87,
        "Gross Profit": 65,
        "Operating Income": -23,
        "EBIT": -19,
        "Net Income": -22
    },
    "2017-09-30": {
        "Diluted EPS": -0.23,
        "Total Revenue": 73,
        "Gross Profit": 52,
        "Operating Income": -28,
        "EBIT": -25,
        "Net Income": -27
    },
    "2017-06-30": {
        "Diluted EPS": -0.27,
        "Total Revenue": 58,
        "Gross Profit": 40,
        "Operating Income": -31,
        "EBIT": -28,
        "Net Income": -31
    },
    "2017-03-31": {
        "Diluted EPS": -0.32,
        "Total Revenue": 48,
        "Gross Profit": 31,
        "Operating Income": -35,
        "EBIT": -33,
        "Net Income": -35
    },
    "2016-12-31": {
        "Diluted EPS": -0.32,
        "Total Revenue": 35,
        "Gross Profit": 21,
        "Operating Income": -38,
        "EBIT": -35,
        "Net Income": -37
    },
    "2016-09-30": {
        "Diluted EPS": -0.36,
        "Total Revenue": 28,
        "Gross Profit": 16,
        "Operating Income": -38,
        "EBIT": -35,
        "Net Income": -38
    },
    "2016-06-30": {
        "Diluted EPS": -0.46,
        "Total Revenue": 21,
        "Gross Profit": 11,
        "Operating Income": -45,
        "EBIT": -42,
        "Net Income": -45
    },
    "2016-03-31": {
        "Diluted EPS": -0.49,
        "Total Revenue": 15,
        "Gross Profit": 6,
        "Operating Income": -48,
        "EBIT": -45,
        "Net Income": -47
    },
    "2015-12-31": {
        "Diluted EPS": -0.42,
        "Total Revenue": 14,
        "Gross Profit": 7,
        "Operating Income": -40,
        "EBIT": -38,
        "Net Income": -40
    },
    "2015-09-30": {
        "Diluted EPS": -0.45,
        "Total Revenue": 13,
        "Gross Profit": 5,
        "Operating Income": -43,
        "EBIT": -41,
        "Net Income": -43
    },
    "2015-06-30": {
        "Diluted EPS": -0.44,
        "Total Revenue": 8,
        "Gross Profit": 3,
        "Operating Income": -39,
        "EBIT": -37,
        "Net Income": -39
    },
    "2015-03-31": {
        "Diluted EPS": -0.4,
        "Total Revenue": 4,
        "Gross Profit": 0,
        "Operating Income": -36,
        "EBIT": -34,
        "Net Income": -36
    },
    "2014-12-31": {
        "Diluted EPS": -0.39,
        "Total Revenue": 2,
        "Gross Profit": -2,
        "Operating Income": -33,
        "EBIT": -31,
        "Net Income": -32
    },
    "2014-09-30": {
        "Diluted EPS": -0.39,
        "Total Revenue": NaN,
        "Gross Profit": -1,
        "Operating Income": -32,
        "EBIT": -31,
        "Net Income": -32
    },
    "2014-06-30": {
        "Diluted EPS": -0.24,
        "Total Revenue": NaN,
        "Gross Profit": NaN,
        "Operating Income": -20,
        "EBIT": -19,
        "Net Income": -19
    },
    "2014-03-31": {
        "Diluted EPS": -0.23,
        "Total Revenue": 0,
        "Gross Profit": 0,
        "Operating Income": -16,
        "EBIT": -16,
        "Net Income": -16
    },
    "2013-12-31": {
        "Diluted EPS": -0.17,
        "Total Revenue": 1,
        "Gross Profit": 1,
        "Operating Income": -12,
        "EBIT": -13,
        "Net Income": -12
    },
    "2013-09-30": {
        "Diluted EPS": -0.16,
        "Total Revenue": 1,
        "Gross Profit": 1,
        "Operating Income": -11,
        "EBIT": -12,
        "Net Income": -11
    },
    "2013-06-30": {
        "Diluted EPS": -0.19,
        "Total Revenue": 1,
        "Gross Profit": 1,
        "Operating Income": -12,
        "EBIT": -13,
        "Net Income": -12
    },
    "2013-03-31": {
        "Diluted EPS": -0.17,
        "Total Revenue": 1,
        "Gross Profit": 1,
        "Operating Income": -11,
        "EBIT": -11,
        "Net Income": -11
    },
    "2012-12-31": {
        "Diluted EPS": -0.22,
        "Total Revenue": 1,
        "Gross Profit": 1,
        "Operating Income": -14,
        "EBIT": -15,
        "Net Income": -14
    },
    "2012-09-30": {
        "Diluted EPS": -0.21,
        "Total Revenue": 1,
        "Gross Profit": 1,
        "Operating Income": -13,
        "EBIT": -14,
        "Net Income": -13
    },
    "2012-06-30": {
        "Diluted EPS": -0.26,
        "Total Revenue": 1,
        "Gross Profit": 1,
        "Operating Income": -15,
        "EBIT": -16,
        "Net Income": -15
    },
    "2012-03-31": {
        "Diluted EPS": -0.19,
        "Total Revenue": 1,
        "Gross Profit": 1,
        "Operating Income": -11,
        "EBIT": -11,
        "Net Income": -11
    },
    "2011-12-31": {
        "Diluted EPS": -0.18,
        "Total Revenue": 1,
        "Gross Profit": 1,
        "Operating Income": -10,
        "EBIT": -11,
        "Net Income": -10
    },
    "2011-09-30": {
        "Diluted EPS": -0.15,
        "Total Revenue": 1,
        "Gross Profit": 1,
        "Operating Income": -8,
        "EBIT": -9,
        "Net Income": -8
    },
    "2011-06-30": {
        "Diluted EPS": -0.13,
        "Total Revenue": 1,
        "Gross Profit": 1,
        "Operating Income": -7,
        "EBIT": -8,
        "Net Income": -7
    },
    "2011-03-31": {
        "Diluted EPS": -0.08,
        "Total Revenue": 1,
        "Gross Profit": 1,
        "Operating Income": -4,
        "EBIT": -5,
        "Net Income": -4
    },
    "2010-12-31": {
        "Diluted EPS": -0.09,
        "Total Revenue": 1,
        "Gross Profit": 1,
        "Operating Income": -4,
        "EBIT": -5,
        "Net Income": -4
    },
    "2010-09-30": {
        "Diluted EPS": -0.08,
        "Total Revenue": 1,
        "Gross Profit": 1,
        "Operating Income": -3,
        "EBIT": -5,
        "Net Income": -3
    },
    "2010-06-30": {
        "Diluted EPS": -0.06,
        "Total Revenue": 1,
        "Gross Profit": 1,
        "Operating Income": -2,
        "EBIT": -5,
        "Net Income": -2
    },
    "2010-03-31": {
        "Diluted EPS": -0.06,
        "Total Revenue": 1,
        "Gross Profit": 1,
        "Operating Income": -2,
        "EBIT": -2,
        "Net Income": -2
    },
    "2009-12-31": {
        "Diluted EPS": -0.04,
        "Total Revenue": 1,
        "Gross Profit": 1,
        "Operating Income": -2,
        "EBIT": -3,
        "Net Income": -2
    },
    "2009-09-30": {
        "Diluted EPS": -0.03,
        "Total Revenue": 1,
        "Gross Profit": 1,
        "Operating Income": -1,
        "EBIT": -2,
        "Net Income": -1
    },
    "2009-06-30": {
        "Diluted EPS": -0.08,
        "Total Revenue": 1,
        "Gross Profit": 1,
        "Operating Income": -2,
        "EBIT": -4,
        "Net Income": -2
    },
    "2009-03-31": {
        "Diluted EPS": -0.13,
        "Total Revenue": 1,
        "Gross Profit": 1,
        "Operating Income": -4,
        "EBIT": -5,
        "Net Income": -4
    },
    "2023-09-30": {
        "Tax Effect Of Unusual Items": 492986.577181,
        "Tax Rate For Calcs": 0.238734,
        "Normalized EBITDA": 57774000.0,
        "Total Unusual Items": 2065000.0,
        "Total Unusual Items Excluding Goodwill": 2065000.0,
        "Net Income From Continuing Operation Net Minority Interest": 794000.0,
        "Reconciled Depreciation": 52254000.0,
        "Reconciled Cost Of Revenue": 139238000.0,
        "EBITDA": 59839000.0,
        "EBIT": 7585000.0,
        "Net Interest Income": -7871000.0,
        "Interest Expense": 6542000.0,
        "Interest Income": 6252129000.0,
        "Normalized Income": -778013.422819,
        "Net Income From Continuing And Discontinued Operation": 794000.0,
        "Total Expenses": 621511000.0,
        "Total Operating Income As Reported": 6849000.0,
        "Diluted Average Shares": 184075000.0,
        "Basic Average Shares": 180649000.0,
        "Diluted EPS": 0.004313,
        "Basic EPS": 0.004395,
        "Diluted NI Availto Com Stockholders": 794000.0,
        "Net Income Common Stockholders": 794000.0,
        "Net Income": 794000.0,
        "Net Income Including Noncontrolling Interests": 794000.0,
        "Net Income Continuous Operations": 794000.0,
        "Tax Provision": 249000.0,
        "Pretax Income": 1043000.0,
        "Other Income Expense": 2065000.0,
        "Special Income Charges": 0.0,
        "Other Special Charges": NaN,
        "Impairment Of Capital Assets": 0.0,
        "Gain On Sale Of Security": 2065000.0,
        "Net Non Operating Interest Income Expense": -7871000.0,
        "Total Other Finance Cost": 1329000.0,
        "Interest Expense Non Operating": 6542000.0,
        "Interest Income Non Operating": 6252129000.0,
        "Operating Income": 6827000.0,
        "Operating Expense": 453011000.0,
        "Other Operating Expenses": -72027000.0,
        "Depreciation Amortization Depletion Income Statement": 22992000.0,
        "Depreciation And Amortization In Income Statement": 22992000.0,
        "Amortization": 22992000.0,
        "Amortization Of Intangibles Income Statement": 22992000.0,
        "Research And Development": 111446000.0,
        "Selling General And Administration": 390600000.0,
        "Selling And Marketing Expense": 43900000.0,
        "General And Administrative Expense": 346700000.0,
        "Other Gand A": 99600000.0,
        "Salaries And Wages": 247100000.0,
        "Gross Profit": 459838000.0,
        "Cost Of Revenue": 168500000.0,
        "Total Revenue": 628338000.0,
        "Operating Revenue": 628338000.0
    },
    "2023-12-31": {
        "Tax Effect Of Unusual Items": 306719.469589,
        "Tax Rate For Calcs": 0.012109,
        "Normalized EBITDA": -14998000.0,
        "Total Unusual Items": 25330000.0,
        "Total Unusual Items Excluding Goodwill": 25330000.0,
        "Net Income From Continuing Operation Net Minority Interest": -49766000.0,
        "Reconciled Depreciation": 54172000.0,
        "Reconciled Cost Of Revenue": 140956000.0,
        "EBITDA": 10332000.0,
        "EBIT": -43840000.0,
        "Net Interest Income": -7865000.0,
        "Interest Expense": 6536000.0,
        "Interest Income": NaN,
        "Normalized Income": -74789280.530411,
        "Net Income From Continuing And Discontinued Operation": -49766000.0,
        "Total Expenses": 714684000.0,
        "Total Operating Income As Reported": -67841000.0,
        "Diluted Average Shares": NaN,
        "Basic Average Shares": NaN,
        "Diluted EPS": NaN,
        "Basic EPS": NaN,
        "Diluted NI Availto Com Stockholders": -49766000.0,
        "Net Income Common Stockholders": -49766000.0,
        "Net Income": -49766000.0,
        "Net Income Including Noncontrolling Interests": -49766000.0,
        "Net Income Continuous Operations": -49766000.0,
        "Tax Provision": -610000.0,
        "Pretax Income": -50376000.0,
        "Other Income Expense": 25330000.0,
        "Special Income Charges": 0.0,
        "Other Special Charges": 0.0,
        "Impairment Of Capital Assets": 0.0,
        "Gain On Sale Of Security": 25330000.0,
        "Net Non Operating Interest Income Expense": -7865000.0,
        "Total Other Finance Cost": 1329000.0,
        "Interest Expense Non Operating": 6536000.0,
        "Interest Income Non Operating": NaN,
        "Operating Income": -67799000.0,
        "Operating Expense": 542867000.0,
        "Other Operating Expenses": -6400000.0,
        "Depreciation Amortization Depletion Income Statement": 23311000.0,
        "Depreciation And Amortization In Income Statement": 23311000.0,
        "Amortization": 23311000.0,
        "Amortization Of Intangibles Income Statement": 23311000.0,
        "Research And Development": 114922000.0,
        "Selling General And Administration": 411034000.0,
        "Selling And Marketing Expense": 57587000.0,
        "General And Administrative Expense": 353447000.0,
        "Other Gand A": 106547000.0,
        "Salaries And Wages": 246900000.0,
        "Gross Profit": 475068000.0,
        "Cost Of Revenue": 171817000.0,
        "Total Revenue": 646885000.0,
        "Operating Revenue": 646885000.0
    },
    "2024-03-31": {
        "Tax Effect Of Unusual Items": 371070.0,
        "Tax Rate For Calcs": 0.21,
        "Normalized EBITDA": -48303000.0,
        "Total Unusual Items": 1767000.0,
        "Total Unusual Items Excluding Goodwill": 1767000.0,
        "Net Income From Continuing Operation Net Minority Interest": -110228000.0,
        "Reconciled Depreciation": 53943000.0,
        "Reconciled Cost Of Revenue": 139468000.0,
        "EBITDA": -46536000.0,
        "EBIT": -100479000.0,
        "Net Interest Income": -7943000.0,
        "Interest Expense": 7943000.0,
        "Interest Income": NaN,
        "Normalized Income": -111623930.0,
        "Net Income From Continuing And Discontinued Operation": -110228000.0,
        "Total Expenses": 739787000.0,
        "Total Operating Income As Reported": -106692000.0,
        "Diluted Average Shares": 182350000.0,
        "Basic Average Shares": 182350000.0,
        "Diluted EPS": -0.6,
        "Basic EPS": -0.6,
        "Diluted NI Availto Com Stockholders": -110228000.0,
        "Net Income Common Stockholders": -110228000.0,
        "Net Income": -110228000.0,
        "Net Income Including Noncontrolling Interests": -110228000.0,
        "Net Income Continuous Operations": -110228000.0,
        "Tax Provision": 1806000.0,
        "Pretax Income": -108422000.0,
        "Other Income Expense": 1767000.0,
        "Special Income Charges": -4446000.0,
        "Other Special Charges": NaN,
        "Impairment Of Capital Assets": 4446000.0,
        "Gain On Sale Of Security": 6213000.0,
        "Net Non Operating Interest Income Expense": -7943000.0,
        "Total Other Finance Cost": NaN,
        "Interest Expense Non Operating": 7943000.0,
        "Interest Income Non Operating": NaN,
        "Operating Income": -102263000.0,
        "Operating Expense": 569687000.0,
        "Other Operating Expenses": 268000.0,
        "Depreciation Amortization Depletion Income Statement": 23311000.0,
        "Depreciation And Amortization In Income Statement": 23311000.0,
        "Amortization": 23311000.0,
        "Amortization Of Intangibles Income Statement": 23311000.0,
        "Research And Development": 110608000.0,
        "Selling General And Administration": 435500000.0,
        "Selling And Marketing Expense": 50400000.0,
        "General And Administrative Expense": 385100000.0,
        "Other Gand A": 117600000.0,
        "Salaries And Wages": 267500000.0,
        "Gross Profit": 467424000.0,
        "Cost Of Revenue": 170100000.0,
        "Total Revenue": 637524000.0,
        "Operating Revenue": 637524000.0
    },
    "2024-06-30": {
        "Tax Effect Of Unusual Items": 766290.0,
        "Tax Rate For Calcs": 0.21,
        "Normalized EBITDA": 31218000.0,
        "Total Unusual Items": 3649000.0,
        "Total Unusual Items Excluding Goodwill": 3649000.0,
        "Net Income From Continuing Operation Net Minority Interest": -15808000.0,
        "Reconciled Depreciation": 52998000.0,
        "Reconciled Cost Of Revenue": 160113000.0,
        "EBITDA": 34867000.0,
        "EBIT": -18131000.0,
        "Net Interest Income": 111000.0,
        "Interest Expense": NaN,
        "Interest Income": NaN,
        "Normalized Income": -18690710.0,
        "Net Income From Continuing And Discontinued Operation": -15808000.0,
        "Total Expenses": 717395000.0,
        "Total Operating Income As Reported": -26257000.0,
        "Diluted Average Shares": 184313000.0,
        "Basic Average Shares": 184313000.0,
        "Diluted EPS": -0.09,
        "Basic EPS": -0.09,
        "Diluted NI Availto Com Stockholders": -15808000.0,
        "Net Income Common Stockholders": -15808000.0,
        "Net Income": -15808000.0,
        "Net Income Including Noncontrolling Interests": -15808000.0,
        "Net Income Continuous Operations": -15808000.0,
        "Tax Provision": 1463000.0,
        "Pretax Income": -14345000.0,
        "Other Income Expense": 3649000.0,
        "Special Income Charges": -8152000.0,
        "Other Special Charges": NaN,
        "Impairment Of Capital Assets": 8152000.0,
        "Gain On Sale Of Security": 11801000.0,
        "Net Non Operating Interest Income Expense": 111000.0,
        "Total Other Finance Cost": -111000.0,
        "Interest Expense Non Operating": NaN,
        "Interest Income Non Operating": NaN,
        "Operating Income": -18131000.0,
        "Operating Expense": 527595000.0,
        "Other Operating Expenses": -3800000.0,
        "Depreciation Amortization Depletion Income Statement": 23311000.0,
        "Depreciation And Amortization In Income Statement": 23311000.0,
        "Amortization": 23311000.0,
        "Amortization Of Intangibles Income Statement": 23311000.0,
        "Research And Development": 120884000.0,
        "Selling General And Administration": 387200000.0,
        "Selling And Marketing Expense": 51800000.0,
        "General And Administrative Expense": 335400000.0,
        "Other Gand A": 88000000.0,
        "Salaries And Wages": 247400000.0,
        "Gross Profit": 509464000.0,
        "Cost Of Revenue": 189800000.0,
        "Total Revenue": 699264000.0,
        "Operating Revenue": 699264000.0
    },
    "2024-09-30": {
        "Tax Effect Of Unusual Items": -1494360.0,
        "Tax Rate For Calcs": 0.21,
        "Normalized EBITDA": 32732000.0,
        "Total Unusual Items": -7116000.0,
        "Total Unusual Items Excluding Goodwill": -7116000.0,
        "Net Income From Continuing Operation Net Minority Interest": -38236000.0,
        "Reconciled Depreciation": 54771000.0,
        "Reconciled Cost Of Revenue": 165764000.0,
        "EBITDA": 25616000.0,
        "EBIT": -29155000.0,
        "Net Interest Income": -9607000.0,
        "Interest Expense": 8273000.0,
        "Interest Income": NaN,
        "Normalized Income": -32614360.0,
        "Net Income From Continuing And Discontinued Operation": -38236000.0,
        "Total Expenses": 729436000.0,
        "Total Operating Income As Reported": -39403000.0,
        "Diluted Average Shares": 184795000.0,
        "Basic Average Shares": 184795000.0,
        "Diluted EPS": -0.21,
        "Basic EPS": -0.21,
        "Diluted NI Availto Com Stockholders": -38236000.0,
        "Net Income Common Stockholders": -38236000.0,
        "Net Income": -38236000.0,
        "Net Income Including Noncontrolling Interests": -38236000.0,
        "Net Income Continuous Operations": -38236000.0,
        "Tax Provision": 808000.0,
        "Pretax Income": -37428000.0,
        "Other Income Expense": -7116000.0,
        "Special Income Charges": -18698000.0,
        "Other Special Charges": NaN,
        "Impairment Of Capital Assets": 18698000.0,
        "Gain On Sale Of Security": 11582000.0,
        "Net Non Operating Interest Income Expense": -9607000.0,
        "Total Other Finance Cost": 1334000.0,
        "Interest Expense Non Operating": 8273000.0,
        "Interest Income Non Operating": NaN,
        "Operating Income": -20781000.0,
        "Operating Expense": 533336000.0,
        "Other Operating Expenses": -3100000.0,
        "Depreciation Amortization Depletion Income Statement": 24435000.0,
        "Depreciation And Amortization In Income Statement": 24435000.0,
        "Amortization": 24435000.0,
        "Amortization Of Intangibles Income Statement": 24435000.0,
        "Research And Development": 100101000.0,
        "Selling General And Administration": 411900000.0,
        "Selling And Marketing Expense": 54200000.0,
        "General And Administrative Expense": 357700000.0,
        "Other Gand A": 114400000.0,
        "Salaries And Wages": 243300000.0,
        "Gross Profit": 512555000.0,
        "Cost Of Revenue": 196100000.0,
        "Total Revenue": 708655000.0,
        "Operating Revenue": 708655000.0
    }
}