{
    "2023-03-31": {
        "Tax Effect Of Unusual Items": NaN,
        "Tax Rate For Calcs": NaN,
        "Normalized EBITDA": NaN,
        "Total Unusual Items": NaN,
        "Total Unusual Items Excluding Goodwill": NaN,
        "Net Income From Continuing Operation Net Minority Interest": NaN,
        "Reconciled Depreciation": NaN,
        "Reconciled Cost Of Revenue": NaN,
        "EBITDA": NaN,
        "EBIT": NaN,
        "Net Interest Income": NaN,
        "Interest Income": NaN,
        "Normalized Income": NaN,
        "Net Income From Continuing And Discontinued Operation": NaN,
        "Total Expenses": NaN,
        "Total Operating Income As Reported": NaN,
        "Diluted Average Shares": NaN,
        "Basic Average Shares": NaN,
        "Diluted EPS": NaN,
        "Basic EPS": NaN,
        "Diluted NI Availto Com Stockholders": NaN,
        "Net Income Common Stockholders": NaN,
        "Net Income": NaN,
        "Net Income Including Noncontrolling Interests": NaN,
        "Net Income Continuous Operations": NaN,
        "Tax Provision": NaN,
        "Pretax Income": NaN,
        "Other Income Expense": NaN,
        "Other Non Operating Income Expenses": NaN,
        "Special Income Charges": NaN,
        "Impairment Of Capital Assets": NaN,
        "Restructuring And Mergern Acquisition": NaN,
        "Net Non Operating Interest Income Expense": NaN,
        "Interest Income Non Operating": NaN,
        "Operating Income": NaN,
        "Operating Expense": NaN,
        "Research And Development": NaN,
        "Selling General And Administration": NaN,
        "General And Administrative Expense": 131397000.0,
        "Other Gand A": 117988000.0,
        "Salaries And Wages": 13409000.0,
        "Gross Profit": NaN,
        "Cost Of Revenue": NaN,
        "Total Revenue": NaN,
        "Operating Revenue": NaN
    },
    "2022-12-31": {
        "Tax Effect Of Unusual Items": 0.0,
        "Tax Rate For Calcs": 0.039902,
        "Normalized EBITDA": -42132000.0,
        "Net Income From Continuing Operation Net Minority Interest": -30173000.0,
        "Reconciled Depreciation": 5946000.0,
        "Reconciled Cost Of Revenue": 15920000.0,
        "EBITDA": -42132000.0,
        "EBIT": -48078000.0,
        "Net Interest Income": 16988000.0,
        "Interest Income": 16988000.0,
        "Normalized Income": -30173000.0,
        "Net Income From Continuing And Discontinued Operation": -30173000.0,
        "Total Expenses": 471995000.0,
        "Total Operating Income As Reported": -48078000.0,
        "Diluted Average Shares": 323256000.0,
        "Basic Average Shares": 323256000.0,
        "Diluted EPS": -0.09,
        "Basic EPS": -0.09,
        "Diluted NI Availto Com Stockholders": -30173000.0,
        "Net Income Common Stockholders": -30173000.0,
        "Net Income": -30173000.0,
        "Net Income Including Noncontrolling Interests": -30173000.0,
        "Net Income Continuous Operations": -30173000.0,
        "Tax Provision": -1254000.0,
        "Pretax Income": -31427000.0,
        "Other Income Expense": -337000.0,
        "Other Non Operating Income Expenses": -337000.0,
        "Net Non Operating Interest Income Expense": 16988000.0,
        "Interest Income Non Operating": 16988000.0,
        "Operating Income": -48078000.0,
        "Operating Expense": 456075000.0,
        "Research And Development": 336824000.0,
        "Selling General And Administration": 119251000.0,
        "General And Administrative Expense": NaN,
        "Other Gand A": NaN,
        "Salaries And Wages": NaN,
        "Gross Profit": 407997000.0,
        "Cost Of Revenue": 15920000.0,
        "Total Revenue": 423917000.0,
        "Operating Revenue": 570216000.0
    },
    "2022-09-30": {
        "Tax Effect Of Unusual Items": NaN,
        "Tax Rate For Calcs": NaN,
        "Normalized EBITDA": NaN,
        "Total Unusual Items": NaN,
        "Total Unusual Items Excluding Goodwill": NaN,
        "Net Income From Continuing Operation Net Minority Interest": NaN,
        "Reconciled Depreciation": NaN,
        "Reconciled Cost Of Revenue": NaN,
        "EBITDA": NaN,
        "EBIT": NaN,
        "Net Interest Income": NaN,
        "Interest Income": NaN,
        "Normalized Income": NaN,
        "Net Income From Continuing And Discontinued Operation": NaN,
        "Total Expenses": NaN,
        "Total Operating Income As Reported": NaN,
        "Diluted Average Shares": NaN,
        "Basic Average Shares": NaN,
        "Diluted EPS": NaN,
        "Basic EPS": NaN,
        "Diluted NI Availto Com Stockholders": NaN,
        "Net Income Common Stockholders": NaN,
        "Net Income": NaN,
        "Net Income Including Noncontrolling Interests": NaN,
        "Net Income Continuous Operations": NaN,
        "Tax Provision": NaN,
        "Pretax Income": NaN,
        "Other Income Expense": NaN,
        "Other Non Operating Income Expenses": NaN,
        "Special Income Charges": NaN,
        "Restructuring And Mergern Acquisition": NaN,
        "Net Non Operating Interest Income Expense": NaN,
        "Interest Income Non Operating": NaN,
        "Operating Income": NaN,
        "Operating Expense": NaN,
        "Research And Development": NaN,
        "Selling General And Administration": NaN,
        "General And Administrative Expense": 114983000.0,
        "Other Gand A": 94084000.0,
        "Salaries And Wages": 20899000.0,
        "Gross Profit": NaN,
        "Cost Of Revenue": NaN,
        "Total Revenue": NaN,
        "Operating Revenue": NaN
    },
    "2022-06-30": {
        "Tax Effect Of Unusual Items": 0.0,
        "Tax Rate For Calcs": 0.202,
        "Normalized EBITDA": 88482000.0,
        "Net Income From Continuing Operation Net Minority Interest": 70672000.0,
        "Reconciled Depreciation": 4776000.0,
        "Reconciled Cost Of Revenue": 13481000.0,
        "EBITDA": 88482000.0,
        "EBIT": 83706000.0,
        "Net Interest Income": 4757000.0,
        "Interest Income": 4757000.0,
        "Normalized Income": 70672000.0,
        "Net Income From Continuing And Discontinued Operation": 70672000.0,
        "Total Expenses": 335721000.0,
        "Total Operating Income As Reported": 83706000.0,
        "Diluted Average Shares": 324904000.0,
        "Basic Average Shares": 321117000.0,
        "Diluted EPS": 0.22,
        "Basic EPS": 0.22,
        "Diluted NI Availto Com Stockholders": 70672000.0,
        "Net Income Common Stockholders": 70672000.0,
        "Net Income": 70672000.0,
        "Net Income Including Noncontrolling Interests": 70672000.0,
        "Net Income Continuous Operations": 70672000.0,
        "Tax Provision": 17836000.0,
        "Pretax Income": 88508000.0,
        "Other Income Expense": 45000.0,
        "Other Non Operating Income Expenses": 45000.0,
        "Net Non Operating Interest Income Expense": 4757000.0,
        "Interest Income Non Operating": 4757000.0,
        "Operating Income": 83706000.0,
        "Operating Expense": 322240000.0,
        "Research And Development": 199481000.0,
        "Selling General And Administration": 122759000.0,
        "Gross Profit": 405946000.0,
        "Cost Of Revenue": 13481000.0,
        "Total Revenue": 419427000.0,
        "Operating Revenue": 555456000.0
    },
    "2023-06-30": {
        "Tax Effect Of Unusual Items": NaN,
        "Tax Rate For Calcs": NaN,
        "Normalized EBITDA": NaN,
        "Total Unusual Items": 0.0,
        "Total Unusual Items Excluding Goodwill": 0.0,
        "Net Income From Continuing Operation Net Minority Interest": NaN,
        "Reconciled Depreciation": NaN,
        "Reconciled Cost Of Revenue": NaN,
        "EBITDA": NaN,
        "EBIT": NaN,
        "Net Interest Income": NaN,
        "Interest Income": NaN,
        "Normalized Income": NaN,
        "Net Income From Continuing And Discontinued Operation": NaN,
        "Total Expenses": NaN,
        "Total Operating Income As Reported": NaN,
        "Diluted Average Shares": NaN,
        "Basic Average Shares": NaN,
        "Diluted EPS": NaN,
        "Basic EPS": NaN,
        "Diluted NI Availto Com Stockholders": NaN,
        "Net Income Common Stockholders": NaN,
        "Net Income": NaN,
        "Net Income Including Noncontrolling Interests": NaN,
        "Net Income Continuous Operations": NaN,
        "Tax Provision": NaN,
        "Pretax Income": NaN,
        "Other Income Expense": NaN,
        "Other Non Operating Income Expenses": NaN,
        "Special Income Charges": 0.0,
        "Impairment Of Capital Assets": NaN,
        "Restructuring And Mergern Acquisition": 0.0,
        "Net Non Operating Interest Income Expense": NaN,
        "Interest Income Non Operating": NaN,
        "Operating Income": NaN,
        "Operating Expense": NaN,
        "Research And Development": NaN,
        "Selling General And Administration": NaN,
        "General And Administrative Expense": NaN,
        "Other Gand A": NaN,
        "Salaries And Wages": NaN,
        "Gross Profit": NaN,
        "Cost Of Revenue": NaN,
        "Total Revenue": NaN,
        "Operating Revenue": NaN
    },
    "2022-03-31": {
        "Diluted EPS": 0.21,
        "Total Revenue": 356,
        "Gross Profit": 343,
        "Operating Income": 83,
        "EBIT": 88,
        "Net Income": 69
    },
    "2021-12-31": {
        "Diluted EPS": 0.3,
        "Total Revenue": 451,
        "Gross Profit": 438,
        "Operating Income": 117,
        "EBIT": 119,
        "Net Income": 95
    },
    "2021-09-30": {
        "Diluted EPS": 0.12,
        "Total Revenue": 328,
        "Gross Profit": 317,
        "Operating Income": 52,
        "EBIT": 56,
        "Net Income": 38
    },
    "2021-06-30": {
        "Diluted EPS": 0.3,
        "Total Revenue": 385,
        "Gross Profit": 370,
        "Operating Income": 123,
        "EBIT": 127,
        "Net Income": 96
    },
    "2021-03-31": {
        "Diluted EPS": 0.0,
        "Total Revenue": 270,
        "Gross Profit": 257,
        "Operating Income": -5,
        "EBIT": -1,
        "Net Income": 2
    },
    "2020-12-31": {
        "Diluted EPS": 0.09,
        "Total Revenue": 270,
        "Gross Profit": 261,
        "Operating Income": 24,
        "EBIT": 27,
        "Net Income": 28
    },
    "2020-09-30": {
        "Diluted EPS": -0.1,
        "Total Revenue": 231,
        "Gross Profit": 222,
        "Operating Income": -43,
        "EBIT": -40,
        "Net Income": -32
    },
    "2020-06-30": {
        "Diluted EPS": 0.21,
        "Total Revenue": 259,
        "Gross Profit": 250,
        "Operating Income": 76,
        "EBIT": 78,
        "Net Income": 67
    },
    "2020-03-31": {
        "Diluted EPS": 0.15,
        "Total Revenue": 227,
        "Gross Profit": 218,
        "Operating Income": 53,
        "EBIT": 55,
        "Net Income": 49
    },
    "2019-12-31": {
        "Diluted EPS": 0.22,
        "Total Revenue": 240,
        "Gross Profit": 230,
        "Operating Income": 77,
        "EBIT": 80,
        "Net Income": 69
    },
    "2019-09-30": {
        "Diluted EPS": 0.31,
        "Total Revenue": 272,
        "Gross Profit": 264,
        "Operating Income": 116,
        "EBIT": 118,
        "Net Income": 97
    },
    "2019-06-30": {
        "Diluted EPS": 0.25,
        "Total Revenue": 240,
        "Gross Profit": 233,
        "Operating Income": 92,
        "EBIT": 94,
        "Net Income": 79
    },
    "2019-03-31": {
        "Diluted EPS": 0.24,
        "Total Revenue": 215,
        "Gross Profit": 208,
        "Operating Income": 85,
        "EBIT": 87,
        "Net Income": 76
    },
    "2018-12-31": {
        "Diluted EPS": 1.15,
        "Total Revenue": 229,
        "Gross Profit": 221,
        "Operating Income": 112,
        "EBIT": 111,
        "Net Income": 360
    },
    "2018-09-30": {
        "Diluted EPS": 0.41,
        "Total Revenue": 225,
        "Gross Profit": 218,
        "Operating Income": 125,
        "EBIT": 130,
        "Net Income": 127
    },
    "2018-06-30": {
        "Diluted EPS": 0.28,
        "Total Revenue": 186,
        "Gross Profit": 180,
        "Operating Income": 86,
        "EBIT": 87,
        "Net Income": 87
    },
    "2018-03-31": {
        "Diluted EPS": 0.37,
        "Total Revenue": 214,
        "Gross Profit": 208,
        "Operating Income": 116,
        "EBIT": 117,
        "Net Income": 116
    },
    "2017-12-31": {
        "Diluted EPS": 0.12,
        "Total Revenue": 120,
        "Gross Profit": 116,
        "Operating Income": 37,
        "EBIT": 38,
        "Net Income": 38
    },
    "2017-09-30": {
        "Diluted EPS": 0.26,
        "Total Revenue": 153,
        "Gross Profit": 148,
        "Operating Income": 81,
        "EBIT": 81,
        "Net Income": 81
    },
    "2017-06-30": {
        "Diluted EPS": 0.06,
        "Total Revenue": 99,
        "Gross Profit": 96,
        "Operating Income": 27,
        "EBIT": 27,
        "Net Income": 18
    },
    "2017-03-31": {
        "Diluted EPS": 0.05,
        "Total Revenue": 81,
        "Gross Profit": 78,
        "Operating Income": 20,
        "EBIT": 21,
        "Net Income": 17
    },
    "2016-12-31": {
        "Diluted EPS": 0.17,
        "Total Revenue": 78,
        "Gross Profit": 76,
        "Operating Income": 39,
        "EBIT": 39,
        "Net Income": 35
    },
    "2016-09-30": {
        "Diluted EPS": -0.04,
        "Total Revenue": 62,
        "Gross Profit": 60,
        "Operating Income": 7,
        "EBIT": 9,
        "Net Income": -11
    },
    "2016-06-30": {
        "Diluted EPS": -0.15,
        "Total Revenue": 36,
        "Gross Profit": 35,
        "Operating Income": -25,
        "EBIT": -22,
        "Net Income": -35
    },
    "2016-03-31": {
        "Diluted EPS": -0.26,
        "Total Revenue": 15,
        "Gross Profit": 15,
        "Operating Income": -49,
        "EBIT": -46,
        "Net Income": -59
    },
    "2015-12-31": {
        "Diluted EPS": -0.16,
        "Total Revenue": 10,
        "Gross Profit": 9,
        "Operating Income": -32,
        "EBIT": -14,
        "Net Income": -38
    },
    "2015-09-30": {
        "Diluted EPS": -0.21,
        "Total Revenue": 10,
        "Gross Profit": 8,
        "Operating Income": -36,
        "EBIT": -35,
        "Net Income": -46
    },
    "2015-06-30": {
        "Diluted EPS": -0.22,
        "Total Revenue": 8,
        "Gross Profit": 7,
        "Operating Income": -31,
        "EBIT": -31,
        "Net Income": -43
    },
    "2015-03-31": {
        "Diluted EPS": -0.18,
        "Total Revenue": 9,
        "Gross Profit": 9,
        "Operating Income": -23,
        "EBIT": -22,
        "Net Income": -35
    },
    "2014-12-31": {
        "Diluted EPS": -0.25,
        "Total Revenue": 7,
        "Gross Profit": 7,
        "Operating Income": -46,
        "EBIT": -25,
        "Net Income": -51
    },
    "2014-09-30": {
        "Diluted EPS": -0.32,
        "Total Revenue": 6,
        "Gross Profit": 6,
        "Operating Income": -52,
        "EBIT": -50,
        "Net Income": -63
    },
    "2014-06-30": {
        "Diluted EPS": -0.38,
        "Total Revenue": 7,
        "Gross Profit": 6,
        "Operating Income": -62,
        "EBIT": -61,
        "Net Income": -73
    },
    "2014-03-31": {
        "Diluted EPS": -0.39,
        "Total Revenue": 5,
        "Gross Profit": 5,
        "Operating Income": -65,
        "EBIT": -64,
        "Net Income": -75
    },
    "2013-12-31": {
        "Diluted EPS": -0.39,
        "Total Revenue": 4,
        "Gross Profit": 4,
        "Operating Income": -60,
        "EBIT": -59,
        "Net Income": -71
    },
    "2013-09-30": {
        "Diluted EPS": -0.36,
        "Total Revenue": 5,
        "Gross Profit": 5,
        "Operating Income": -56,
        "EBIT": -55,
        "Net Income": -67
    },
    "2013-06-30": {
        "Diluted EPS": -0.34,
        "Total Revenue": 12,
        "Gross Profit": 12,
        "Operating Income": -51,
        "EBIT": -51,
        "Net Income": -62
    },
    "2013-03-31": {
        "Diluted EPS": -0.24,
        "Total Revenue": 10,
        "Gross Profit": 9,
        "Operating Income": -34,
        "EBIT": -33,
        "Net Income": -45
    },
    "2012-12-31": {
        "Diluted EPS": -0.29,
        "Total Revenue": 8,
        "Gross Profit": 8,
        "Operating Income": -42,
        "EBIT": -41,
        "Net Income": -52
    },
    "2012-09-30": {
        "Diluted EPS": -0.2,
        "Total Revenue": 13,
        "Gross Profit": 13,
        "Operating Income": -25,
        "EBIT": -24,
        "Net Income": -33
    },
    "2012-06-30": {
        "Diluted EPS": -0.25,
        "Total Revenue": 8,
        "Gross Profit": 8,
        "Operating Income": -33,
        "EBIT": -31,
        "Net Income": -36
    },
    "2012-03-31": {
        "Diluted EPS": -0.18,
        "Total Revenue": 19,
        "Gross Profit": 19,
        "Operating Income": -22,
        "EBIT": -21,
        "Net Income": -26
    },
    "2011-12-31": {
        "Diluted EPS": 0.39,
        "Total Revenue": 93,
        "Gross Profit": 93,
        "Operating Income": 52,
        "EBIT": 53,
        "Net Income": 46
    },
    "2011-09-30": {
        "Diluted EPS": 0.59,
        "Total Revenue": 128,
        "Gross Profit": 128,
        "Operating Income": 80,
        "EBIT": 81,
        "Net Income": 78
    },
    "2011-06-30": {
        "Diluted EPS": -0.16,
        "Total Revenue": 32,
        "Gross Profit": 32,
        "Operating Income": -18,
        "EBIT": -16,
        "Net Income": -21
    },
    "2011-03-31": {
        "Diluted EPS": -0.24,
        "Total Revenue": 36,
        "Gross Profit": 36,
        "Operating Income": -24,
        "EBIT": -22,
        "Net Income": -27
    },
    "2010-12-31": {
        "Diluted EPS": -0.16,
        "Total Revenue": 41,
        "Gross Profit": 41,
        "Operating Income": -14,
        "EBIT": -12,
        "Net Income": -18
    },
    "2010-09-30": {
        "Diluted EPS": -0.08,
        "Total Revenue": 54,
        "Gross Profit": 54,
        "Operating Income": -4,
        "EBIT": -2,
        "Net Income": -9
    },
    "2010-06-30": {
        "Diluted EPS": -0.21,
        "Total Revenue": 48,
        "Gross Profit": 48,
        "Operating Income": -26,
        "EBIT": -23,
        "Net Income": -23
    },
    "2010-03-31": {
        "Diluted EPS": -0.4,
        "Total Revenue": 42,
        "Gross Profit": 42,
        "Operating Income": -47,
        "EBIT": -44,
        "Net Income": -43
    },
    "2009-12-31": {
        "Diluted EPS": -0.26,
        "Total Revenue": 44,
        "Gross Profit": 44,
        "Operating Income": -30,
        "EBIT": -27,
        "Net Income": -29
    },
    "2009-09-30": {
        "Diluted EPS": -0.24,
        "Total Revenue": 55,
        "Gross Profit": 55,
        "Operating Income": -17,
        "EBIT": -14,
        "Net Income": -25
    },
    "2009-06-30": {
        "Diluted EPS": -0.42,
        "Total Revenue": 27,
        "Gross Profit": 27,
        "Operating Income": -38,
        "EBIT": -35,
        "Net Income": -45
    },
    "2009-03-31": {
        "Diluted EPS": -0.34,
        "Total Revenue": 25,
        "Gross Profit": 25,
        "Operating Income": -37,
        "EBIT": -33,
        "Net Income": -36
    },
    "2023-09-30": {
        "Tax Effect Of Unusual Items": 0.0,
        "Tax Rate For Calcs": 0.21,
        "Normalized EBITDA": -11287000.0,
        "Total Unusual Items": 0.0,
        "Total Unusual Items Excluding Goodwill": 0.0,
        "Net Income From Continuing Operation Net Minority Interest": 1041000.0,
        "Reconciled Depreciation": 6296000.0,
        "Reconciled Cost Of Revenue": 18774000.0,
        "EBITDA": -11287000.0,
        "EBIT": -17583000.0,
        "Net Interest Income": 23112000.0,
        "Interest Income": 23112000.0,
        "Normalized Income": 1041000.0,
        "Net Income From Continuing And Discontinued Operation": 1041000.0,
        "Total Expenses": 489503000.0,
        "Total Operating Income As Reported": -17583000.0,
        "Diluted Average Shares": 319247000.0,
        "Basic Average Shares": 315496000.0,
        "Diluted EPS": 0.003261,
        "Basic EPS": 0.0033,
        "Diluted NI Availto Com Stockholders": 1041000.0,
        "Net Income Common Stockholders": 1041000.0,
        "Net Income": 1041000.0,
        "Net Income Including Noncontrolling Interests": 1041000.0,
        "Net Income Continuous Operations": 1041000.0,
        "Tax Provision": 4777000.0,
        "Pretax Income": 5818000.0,
        "Other Income Expense": 289000.0,
        "Other Non Operating Income Expenses": 289000.0,
        "Special Income Charges": 0.0,
        "Impairment Of Capital Assets": 0.0,
        "Restructuring And Mergern Acquisition": 0.0,
        "Net Non Operating Interest Income Expense": 23112000.0,
        "Interest Income Non Operating": 23112000.0,
        "Operating Income": -17583000.0,
        "Operating Expense": 470729000.0,
        "Research And Development": 332585000.0,
        "Selling General And Administration": 138144000.0,
        "General And Administrative Expense": 138144000.0,
        "Other Gand A": 110104000.0,
        "Salaries And Wages": 28040000.0,
        "Gross Profit": 453146000.0,
        "Cost Of Revenue": 18774000.0,
        "Total Revenue": 471920000.0,
        "Operating Revenue": 635865000.0
    },
    "2023-12-31": {
        "Tax Effect Of Unusual Items": 0.0,
        "Tax Rate For Calcs": 0.170042,
        "Normalized EBITDA": 88314000.0,
        "Total Unusual Items": NaN,
        "Total Unusual Items Excluding Goodwill": NaN,
        "Net Income From Continuing Operation Net Minority Interest": 85518000.0,
        "Reconciled Depreciation": 6526000.0,
        "Reconciled Cost Of Revenue": 21753000.0,
        "EBITDA": 88314000.0,
        "EBIT": 81788000.0,
        "Net Interest Income": 21388000.0,
        "Interest Income": 21388000.0,
        "Normalized Income": 85518000.0,
        "Net Income From Continuing And Discontinued Operation": 85518000.0,
        "Total Expenses": 397864000.0,
        "Total Operating Income As Reported": 81788000.0,
        "Diluted Average Shares": 313023000.0,
        "Basic Average Shares": 308482000.0,
        "Diluted EPS": 0.27,
        "Basic EPS": 0.28,
        "Diluted NI Availto Com Stockholders": 85518000.0,
        "Net Income Common Stockholders": 85518000.0,
        "Net Income": 85518000.0,
        "Net Income Including Noncontrolling Interests": 85518000.0,
        "Net Income Continuous Operations": 85518000.0,
        "Tax Provision": 17521000.0,
        "Pretax Income": 103039000.0,
        "Other Income Expense": -137000.0,
        "Other Non Operating Income Expenses": -137000.0,
        "Special Income Charges": NaN,
        "Impairment Of Capital Assets": NaN,
        "Restructuring And Mergern Acquisition": NaN,
        "Net Non Operating Interest Income Expense": 21388000.0,
        "Interest Income Non Operating": 21388000.0,
        "Operating Income": 81788000.0,
        "Operating Expense": 376111000.0,
        "Research And Development": 244670000.0,
        "Selling General And Administration": 131441000.0,
        "General And Administrative Expense": NaN,
        "Other Gand A": NaN,
        "Salaries And Wages": NaN,
        "Gross Profit": 457899000.0,
        "Cost Of Revenue": 21753000.0,
        "Total Revenue": 479652000.0,
        "Operating Revenue": 647912000.0
    },
    "2024-03-31": {
        "Tax Effect Of Unusual Items": -7978905.0,
        "Tax Rate For Calcs": 0.243,
        "Normalized EBITDA": 101510000.0,
        "Total Unusual Items": -32835000.0,
        "Total Unusual Items Excluding Goodwill": -32835000.0,
        "Net Income From Continuing Operation Net Minority Interest": 37317000.0,
        "Reconciled Depreciation": 6378000.0,
        "Reconciled Cost Of Revenue": 21256000.0,
        "EBITDA": 68675000.0,
        "EBIT": 62297000.0,
        "Net Interest Income": 19894000.0,
        "Interest Income": 19894000.0,
        "Normalized Income": 62173095.0,
        "Net Income From Continuing And Discontinued Operation": 37317000.0,
        "Total Expenses": 362929000.0,
        "Total Operating Income As Reported": 29462000.0,
        "Diluted Average Shares": 305530000.0,
        "Basic Average Shares": 300757000.0,
        "Diluted EPS": 0.12,
        "Basic EPS": 0.12,
        "Diluted NI Availto Com Stockholders": 37317000.0,
        "Net Income Common Stockholders": 37317000.0,
        "Net Income": 37317000.0,
        "Net Income Including Noncontrolling Interests": 37317000.0,
        "Net Income Continuous Operations": 37317000.0,
        "Tax Provision": 11950000.0,
        "Pretax Income": 49267000.0,
        "Other Income Expense": -32924000.0,
        "Other Non Operating Income Expenses": -89000.0,
        "Special Income Charges": -32835000.0,
        "Impairment Of Capital Assets": NaN,
        "Restructuring And Mergern Acquisition": 32835000.0,
        "Net Non Operating Interest Income Expense": 19894000.0,
        "Interest Income Non Operating": 19894000.0,
        "Operating Income": 62297000.0,
        "Operating Expense": 341673000.0,
        "Research And Development": 227689000.0,
        "Selling General And Administration": 113984000.0,
        "General And Administrative Expense": 113984000.0,
        "Other Gand A": 98763000.0,
        "Salaries And Wages": 15221000.0,
        "Gross Profit": 403970000.0,
        "Cost Of Revenue": 21256000.0,
        "Total Revenue": 425226000.0,
        "Operating Revenue": 610488000.0
    },
    "2024-06-30": {
        "Tax Effect Of Unusual Items": -108300.0,
        "Tax Rate For Calcs": 0.228,
        "Normalized EBITDA": 284153000.0,
        "Total Unusual Items": -475000.0,
        "Total Unusual Items Excluding Goodwill": -475000.0,
        "Net Income From Continuing Operation Net Minority Interest": 226116000.0,
        "Reconciled Depreciation": 7329000.0,
        "Reconciled Cost Of Revenue": 17667000.0,
        "EBITDA": 283678000.0,
        "EBIT": 276349000.0,
        "Net Interest Income": 17258000.0,
        "Interest Income": 17258000.0,
        "Normalized Income": 226482700.0,
        "Net Income From Continuing And Discontinued Operation": 226116000.0,
        "Total Expenses": 360829000.0,
        "Total Operating Income As Reported": 275874000.0,
        "Diluted Average Shares": 293974000.0,
        "Basic Average Shares": 289216000.0,
        "Diluted EPS": 0.77,
        "Basic EPS": 0.78,
        "Diluted NI Availto Com Stockholders": 226116000.0,
        "Net Income Common Stockholders": 226116000.0,
        "Net Income": 226116000.0,
        "Net Income Including Noncontrolling Interests": 226116000.0,
        "Net Income Continuous Operations": 226116000.0,
        "Tax Provision": 66729000.0,
        "Pretax Income": 292845000.0,
        "Other Income Expense": -762000.0,
        "Other Non Operating Income Expenses": -287000.0,
        "Special Income Charges": -475000.0,
        "Impairment Of Capital Assets": NaN,
        "Restructuring And Mergern Acquisition": 475000.0,
        "Net Non Operating Interest Income Expense": 17258000.0,
        "Interest Income Non Operating": 17258000.0,
        "Operating Income": 276349000.0,
        "Operating Expense": 343162000.0,
        "Research And Development": 211147000.0,
        "Selling General And Administration": 132015000.0,
        "General And Administrative Expense": NaN,
        "Other Gand A": NaN,
        "Salaries And Wages": NaN,
        "Gross Profit": 619511000.0,
        "Cost Of Revenue": 17667000.0,
        "Total Revenue": 637178000.0,
        "Operating Revenue": 803888000.0
    },
    "2024-09-30": {
        "Tax Effect Of Unusual Items": -12320784.0,
        "Tax Rate For Calcs": 0.238,
        "Normalized EBITDA": 247065000.0,
        "Total Unusual Items": -51768000.0,
        "Total Unusual Items Excluding Goodwill": -51768000.0,
        "Net Income From Continuing Operation Net Minority Interest": 117973000.0,
        "Reconciled Depreciation": 7454000.0,
        "Reconciled Cost Of Revenue": 17328000.0,
        "EBITDA": 195297000.0,
        "EBIT": 187843000.0,
        "Net Interest Income": 18709000.0,
        "Interest Income": 18709000.0,
        "Normalized Income": 157420216.0,
        "Net Income From Continuing And Discontinued Operation": 117973000.0,
        "Total Expenses": 351699000.0,
        "Total Operating Income As Reported": 136075000.0,
        "Diluted Average Shares": 291478000.0,
        "Basic Average Shares": 285622000.0,
        "Diluted EPS": 0.4,
        "Basic EPS": 0.41,
        "Diluted NI Availto Com Stockholders": 117973000.0,
        "Net Income Common Stockholders": 117973000.0,
        "Net Income": 117973000.0,
        "Net Income Including Noncontrolling Interests": 117973000.0,
        "Net Income Continuous Operations": 117973000.0,
        "Tax Provision": 36782000.0,
        "Pretax Income": 154755000.0,
        "Other Income Expense": -51797000.0,
        "Other Non Operating Income Expenses": -29000.0,
        "Special Income Charges": -51768000.0,
        "Impairment Of Capital Assets": 51672000.0,
        "Restructuring And Mergern Acquisition": 96000.0,
        "Net Non Operating Interest Income Expense": 18709000.0,
        "Interest Income Non Operating": 18709000.0,
        "Operating Income": 187843000.0,
        "Operating Expense": 334371000.0,
        "Research And Development": 222570000.0,
        "Selling General And Administration": 111801000.0,
        "General And Administrative Expense": NaN,
        "Other Gand A": NaN,
        "Salaries And Wages": NaN,
        "Gross Profit": 522214000.0,
        "Cost Of Revenue": 17328000.0,
        "Total Revenue": 539542000.0,
        "Operating Revenue": 707902000.0
    }
}