{
    "2023-03-31": {
        "Tax Effect Of Unusual Items": 0.0,
        "Tax Rate For Calcs": 0.21,
        "Normalized EBITDA": -1291000.0,
        "Net Income From Continuing Operation Net Minority Interest": -5945000.0,
        "Reconciled Depreciation": 1413000.0,
        "Reconciled Cost Of Revenue": 15775000.0,
        "EBITDA": -1291000.0,
        "EBIT": -2704000.0,
        "Net Interest Income": -1416000.0,
        "Interest Expense": 1416000.0,
        "Normalized Income": -5945000.0,
        "Net Income From Continuing And Discontinued Operation": -5945000.0,
        "Total Expenses": 42805000.0,
        "Total Operating Income As Reported": -2704000.0,
        "Diluted Average Shares": 81768429.0,
        "Basic Average Shares": 81768429.0,
        "Diluted EPS": -0.07,
        "Basic EPS": -0.07,
        "Diluted NI Availto Com Stockholders": -5945000.0,
        "Net Income Common Stockholders": -5945000.0,
        "Net Income": -5945000.0,
        "Net Income Including Noncontrolling Interests": -5945000.0,
        "Net Income Continuous Operations": -5945000.0,
        "Tax Provision": 1825000.0,
        "Pretax Income": -4120000.0,
        "Net Non Operating Interest Income Expense": -1416000.0,
        "Interest Expense Non Operating": 1416000.0,
        "Operating Income": -2704000.0,
        "Operating Expense": 27030000.0,
        "Research And Development": 5418000.0,
        "Selling General And Administration": 21612000.0,
        "Selling And Marketing Expense": 9183000.0,
        "General And Administrative Expense": 12429000.0,
        "Other Gand A": 12429000.0,
        "Gross Profit": 24326000.0,
        "Cost Of Revenue": 15775000.0,
        "Total Revenue": 40101000.0,
        "Operating Revenue": 40101000.0
    },
    "2022-12-31": {
        "Tax Effect Of Unusual Items": 0.0,
        "Tax Rate For Calcs": 0.21,
        "Normalized EBITDA": 616000.0,
        "Net Income From Continuing Operation Net Minority Interest": -3397000.0,
        "Reconciled Depreciation": 1316000.0,
        "Reconciled Cost Of Revenue": 16105000.0,
        "EBITDA": 616000.0,
        "EBIT": -700000.0,
        "Net Interest Income": -185000.0,
        "Interest Expense": 185000.0,
        "Normalized Income": -3397000.0,
        "Net Income From Continuing And Discontinued Operation": -3397000.0,
        "Total Expenses": 44169000.0,
        "Total Operating Income As Reported": -700000.0,
        "Diluted Average Shares": 81567647.0,
        "Basic Average Shares": 81567647.0,
        "Diluted EPS": -0.04,
        "Basic EPS": -0.04,
        "Diluted NI Availto Com Stockholders": -3397000.0,
        "Net Income Common Stockholders": -3397000.0,
        "Net Income": -3397000.0,
        "Net Income Including Noncontrolling Interests": -3397000.0,
        "Net Income Continuous Operations": -3397000.0,
        "Tax Provision": 2512000.0,
        "Pretax Income": -885000.0,
        "Net Non Operating Interest Income Expense": -185000.0,
        "Interest Expense Non Operating": 185000.0,
        "Operating Income": -700000.0,
        "Operating Expense": 28064000.0,
        "Research And Development": 2991000.0,
        "Selling General And Administration": 25073000.0,
        "Selling And Marketing Expense": 11918000.0,
        "General And Administrative Expense": 13155000.0,
        "Other Gand A": 13155000.0,
        "Gross Profit": 27364000.0,
        "Cost Of Revenue": 16105000.0,
        "Total Revenue": 43469000.0,
        "Operating Revenue": 43469000.0
    },
    "2022-09-30": {
        "Tax Effect Of Unusual Items": NaN,
        "Tax Rate For Calcs": NaN,
        "Normalized EBITDA": NaN,
        "Net Income From Continuing Operation Net Minority Interest": NaN,
        "Reconciled Depreciation": NaN,
        "Reconciled Cost Of Revenue": NaN,
        "EBITDA": NaN,
        "EBIT": NaN,
        "Net Interest Income": NaN,
        "Interest Expense": NaN,
        "Normalized Income": NaN,
        "Net Income From Continuing And Discontinued Operation": NaN,
        "Total Expenses": NaN,
        "Total Operating Income As Reported": NaN,
        "Diluted Average Shares": NaN,
        "Basic Average Shares": NaN,
        "Diluted EPS": NaN,
        "Basic EPS": NaN,
        "Diluted NI Availto Com Stockholders": NaN,
        "Net Income Common Stockholders": NaN,
        "Net Income": NaN,
        "Minority Interests": 0.0,
        "Net Income Including Noncontrolling Interests": NaN,
        "Net Income Continuous Operations": NaN,
        "Tax Provision": NaN,
        "Pretax Income": NaN,
        "Net Non Operating Interest Income Expense": NaN,
        "Interest Expense Non Operating": NaN,
        "Operating Income": NaN,
        "Operating Expense": NaN,
        "Research And Development": NaN,
        "Selling General And Administration": NaN,
        "Selling And Marketing Expense": NaN,
        "General And Administrative Expense": NaN,
        "Other Gand A": NaN,
        "Gross Profit": NaN,
        "Cost Of Revenue": NaN,
        "Total Revenue": NaN,
        "Operating Revenue": NaN
    },
    "2022-06-30": {
        "Tax Effect Of Unusual Items": 0.0,
        "Tax Rate For Calcs": 0.4,
        "Normalized EBITDA": -2406000.0,
        "Net Income From Continuing Operation Net Minority Interest": -7994000.0,
        "Reconciled Depreciation": 1568000.0,
        "Reconciled Cost Of Revenue": 15876000.0,
        "EBITDA": -2406000.0,
        "EBIT": -3974000.0,
        "Net Interest Income": -1955000.0,
        "Interest Expense": 1955000.0,
        "Normalized Income": -7994000.0,
        "Net Income From Continuing And Discontinued Operation": -7994000.0,
        "Total Expenses": 47136000.0,
        "Total Operating Income As Reported": -3974000.0,
        "Diluted Average Shares": 80473097.0,
        "Basic Average Shares": 80473097.0,
        "Diluted EPS": -0.1,
        "Basic EPS": -0.1,
        "Diluted NI Availto Com Stockholders": -7994000.0,
        "Net Income Common Stockholders": -7994000.0,
        "Otherunder Preferred Stock Dividend": NaN,
        "Net Income": -7994000.0,
        "Minority Interests": 0.0,
        "Net Income Including Noncontrolling Interests": -7994000.0,
        "Net Income Continuous Operations": -7994000.0,
        "Tax Provision": 2065000.0,
        "Pretax Income": -5929000.0,
        "Net Non Operating Interest Income Expense": -1955000.0,
        "Interest Expense Non Operating": 1955000.0,
        "Operating Income": -3974000.0,
        "Operating Expense": 31260000.0,
        "Research And Development": 3584000.0,
        "Selling General And Administration": 27676000.0,
        "Selling And Marketing Expense": 12244000.0,
        "General And Administrative Expense": 15432000.0,
        "Other Gand A": 15432000.0,
        "Gross Profit": 27286000.0,
        "Cost Of Revenue": 15876000.0,
        "Total Revenue": 43162000.0,
        "Operating Revenue": 43162000.0
    },
    "2022-03-31": {
        "Diluted EPS": -0.09,
        "Total Revenue": 40,
        "Gross Profit": 26,
        "Operating Income": -5,
        "EBIT": -3,
        "Net Income": -7
    },
    "2021-12-31": {
        "Diluted EPS": -0.29,
        "Total Revenue": 40,
        "Gross Profit": 20,
        "Operating Income": -20,
        "EBIT": -19,
        "Net Income": -12
    },
    "2021-09-30": {
        "Diluted EPS": -0.18,
        "Total Revenue": 37,
        "Gross Profit": 19,
        "Operating Income": -9,
        "EBIT": -7,
        "Net Income": -6
    },
    "2021-06-30": {
        "Diluted EPS": 0.05,
        "Total Revenue": 35,
        "Gross Profit": 27,
        "Operating Income": 7,
        "EBIT": 9,
        "Net Income": 2
    },
    "2021-03-31": {
        "Diluted EPS": 0.06,
        "Total Revenue": 30,
        "Gross Profit": 22,
        "Operating Income": 12,
        "EBIT": 13,
        "Net Income": 2
    },
    "2020-12-31": {
        "Diluted EPS": 0.0,
        "Total Revenue": NaN,
        "Gross Profit": NaN,
        "Operating Income": NaN,
        "EBIT": NaN,
        "Net Income": NaN
    },
    "2020-09-30": {
        "Diluted EPS": -0.25,
        "Total Revenue": 22,
        "Gross Profit": 13,
        "Operating Income": -5,
        "EBIT": -5,
        "Net Income": -7
    },
    "2019-12-31": {
        "Diluted EPS": 0.0,
        "Total Revenue": NaN,
        "Gross Profit": NaN,
        "Operating Income": NaN,
        "EBIT": NaN,
        "Net Income": NaN
    },
    "2023-06-30": {
        "Tax Effect Of Unusual Items": 0.0,
        "Tax Rate For Calcs": 0.21,
        "Normalized EBITDA": -8185000.0,
        "Net Income From Continuing Operation Net Minority Interest": -11304000.0,
        "Reconciled Depreciation": 1376000.0,
        "Reconciled Cost Of Revenue": 16925000.0,
        "EBITDA": -8185000.0,
        "EBIT": -9561000.0,
        "Net Interest Income": -1367000.0,
        "Interest Expense": 1367000.0,
        "Normalized Income": -11304000.0,
        "Net Income From Continuing And Discontinued Operation": -11304000.0,
        "Total Expenses": 48445000.0,
        "Total Operating Income As Reported": -9561000.0,
        "Diluted Average Shares": 82011477.0,
        "Basic Average Shares": 82011477.0,
        "Diluted EPS": -0.14,
        "Basic EPS": -0.14,
        "Diluted NI Availto Com Stockholders": -11304000.0,
        "Net Income Common Stockholders": -11304000.0,
        "Net Income": -11304000.0,
        "Net Income Including Noncontrolling Interests": -11304000.0,
        "Net Income Continuous Operations": -11304000.0,
        "Tax Provision": 376000.0,
        "Pretax Income": -10928000.0,
        "Net Non Operating Interest Income Expense": -1367000.0,
        "Interest Expense Non Operating": 1367000.0,
        "Operating Income": -9561000.0,
        "Operating Expense": 31520000.0,
        "Research And Development": 5094000.0,
        "Selling General And Administration": 26426000.0,
        "Selling And Marketing Expense": 14714000.0,
        "General And Administrative Expense": 11712000.0,
        "Other Gand A": 11712000.0,
        "Gross Profit": 21959000.0,
        "Cost Of Revenue": 16925000.0,
        "Total Revenue": 38884000.0,
        "Operating Revenue": 38884000.0
    },
    "2023-09-30": {
        "Tax Effect Of Unusual Items": 0.0,
        "Tax Rate For Calcs": 0.016,
        "Normalized EBITDA": -13816000.0,
        "Net Income From Continuing Operation Net Minority Interest": -17003000.0,
        "Reconciled Depreciation": 1082000.0,
        "Reconciled Cost Of Revenue": 17680000.0,
        "EBITDA": -13816000.0,
        "EBIT": -14898000.0,
        "Net Interest Income": -2375000.0,
        "Interest Expense": 2375000.0,
        "Normalized Income": -17003000.0,
        "Net Income From Continuing And Discontinued Operation": -17003000.0,
        "Total Expenses": 51392000.0,
        "Total Operating Income As Reported": -14898000.0,
        "Diluted Average Shares": 82469190.0,
        "Basic Average Shares": 82469190.0,
        "Diluted EPS": -0.21,
        "Basic EPS": -0.21,
        "Diluted NI Availto Com Stockholders": -17003000.0,
        "Net Income Common Stockholders": -17003000.0,
        "Net Income": -17003000.0,
        "Net Income Including Noncontrolling Interests": -17003000.0,
        "Net Income Continuous Operations": -17003000.0,
        "Tax Provision": -270000.0,
        "Pretax Income": -17273000.0,
        "Net Non Operating Interest Income Expense": -2375000.0,
        "Interest Expense Non Operating": 2375000.0,
        "Operating Income": -14898000.0,
        "Operating Expense": 33712000.0,
        "Research And Development": 6607000.0,
        "Selling General And Administration": 27105000.0,
        "Selling And Marketing Expense": 12860000.0,
        "General And Administrative Expense": 14245000.0,
        "Other Gand A": 14245000.0,
        "Gross Profit": 18814000.0,
        "Cost Of Revenue": 17680000.0,
        "Total Revenue": 36494000.0,
        "Operating Revenue": 36494000.0
    },
    "2023-12-31": {
        "Tax Effect Of Unusual Items": 0.0,
        "Tax Rate For Calcs": 0.21,
        "Normalized EBITDA": -4693000.0,
        "Net Income From Continuing Operation Net Minority Interest": -7204000.0,
        "Reconciled Depreciation": 1293000.0,
        "Reconciled Cost Of Revenue": 16508000.0,
        "EBITDA": -4693000.0,
        "EBIT": -5986000.0,
        "Net Interest Income": -169000.0,
        "Interest Expense": 169000.0,
        "Normalized Income": -7204000.0,
        "Net Income From Continuing And Discontinued Operation": -7204000.0,
        "Total Expenses": 41194000.0,
        "Total Operating Income As Reported": -5986000.0,
        "Diluted Average Shares": 83703085.0,
        "Basic Average Shares": 83703085.0,
        "Diluted EPS": -0.09,
        "Basic EPS": -0.09,
        "Diluted NI Availto Com Stockholders": -7204000.0,
        "Net Income Common Stockholders": -7204000.0,
        "Net Income": -7204000.0,
        "Net Income Including Noncontrolling Interests": -7204000.0,
        "Net Income Continuous Operations": -7204000.0,
        "Tax Provision": 1049000.0,
        "Pretax Income": -6155000.0,
        "Net Non Operating Interest Income Expense": -169000.0,
        "Interest Expense Non Operating": 169000.0,
        "Operating Income": -5986000.0,
        "Operating Expense": 24686000.0,
        "Research And Development": 6249000.0,
        "Selling General And Administration": 18437000.0,
        "Selling And Marketing Expense": 7595000.0,
        "General And Administrative Expense": 10842000.0,
        "Other Gand A": 10842000.0,
        "Gross Profit": 18700000.0,
        "Cost Of Revenue": 16508000.0,
        "Total Revenue": 35208000.0,
        "Operating Revenue": 35208000.0
    },
    "2024-03-31": {
        "Tax Effect Of Unusual Items": 0.0,
        "Tax Rate For Calcs": 0.4,
        "Normalized EBITDA": -370000.0,
        "Net Income From Continuing Operation Net Minority Interest": -3781000.0,
        "Reconciled Depreciation": 1423000.0,
        "Reconciled Cost Of Revenue": 14584000.0,
        "EBITDA": -370000.0,
        "EBIT": -1793000.0,
        "Net Interest Income": -954000.0,
        "Interest Expense": 954000.0,
        "Normalized Income": -3781000.0,
        "Net Income From Continuing And Discontinued Operation": -3781000.0,
        "Total Expenses": 35328000.0,
        "Total Operating Income As Reported": -1793000.0,
        "Diluted Average Shares": 85141411.0,
        "Basic Average Shares": 85141411.0,
        "Diluted EPS": -0.04,
        "Basic EPS": -0.04,
        "Diluted NI Availto Com Stockholders": -3781000.0,
        "Net Income Common Stockholders": -3781000.0,
        "Net Income": -3781000.0,
        "Net Income Including Noncontrolling Interests": -3781000.0,
        "Net Income Continuous Operations": -3781000.0,
        "Tax Provision": 1034000.0,
        "Pretax Income": -2747000.0,
        "Net Non Operating Interest Income Expense": -954000.0,
        "Interest Expense Non Operating": 954000.0,
        "Operating Income": -1793000.0,
        "Operating Expense": 20744000.0,
        "Research And Development": 5929000.0,
        "Selling General And Administration": 14815000.0,
        "Selling And Marketing Expense": 3384000.0,
        "General And Administrative Expense": 11431000.0,
        "Other Gand A": 11431000.0,
        "Gross Profit": 18951000.0,
        "Cost Of Revenue": 14584000.0,
        "Total Revenue": 33535000.0,
        "Operating Revenue": 33535000.0
    }
}