{
    "2023-06-30": {
        "Tax Effect Of Unusual Items": NaN,
        "Tax Rate For Calcs": NaN,
        "Normalized EBITDA": NaN,
        "Total Unusual Items": NaN,
        "Total Unusual Items Excluding Goodwill": NaN,
        "Net Income From Continuing Operation Net Minority Interest": NaN,
        "Reconciled Depreciation": NaN,
        "Reconciled Cost Of Revenue": NaN,
        "EBITDA": NaN,
        "EBIT": NaN,
        "Net Interest Income": NaN,
        "Interest Expense": NaN,
        "Interest Income": NaN,
        "Normalized Income": NaN,
        "Net Income From Continuing And Discontinued Operation": NaN,
        "Total Expenses": NaN,
        "Diluted Average Shares": 35532284.0,
        "Basic Average Shares": 35274753.0,
        "Diluted EPS": 3.4,
        "Basic EPS": 3.43,
        "Diluted NI Availto Com Stockholders": NaN,
        "Net Income Common Stockholders": NaN,
        "Net Income": NaN,
        "Net Income Including Noncontrolling Interests": NaN,
        "Net Income Continuous Operations": NaN,
        "Tax Provision": NaN,
        "Pretax Income": NaN,
        "Other Income Expense": NaN,
        "Other Non Operating Income Expenses": NaN,
        "Special Income Charges": NaN,
        "Earnings From Equity Interest": NaN,
        "Net Non Operating Interest Income Expense": NaN,
        "Interest Expense Non Operating": NaN,
        "Interest Income Non Operating": NaN,
        "Operating Income": NaN,
        "Operating Expense": NaN,
        "Selling General And Administration": NaN,
        "General And Administrative Expense": NaN,
        "Other Gand A": NaN,
        "Gross Profit": NaN,
        "Cost Of Revenue": NaN,
        "Total Revenue": NaN,
        "Operating Revenue": NaN
    },
    "2023-03-31": {
        "Tax Effect Of Unusual Items": NaN,
        "Tax Rate For Calcs": NaN,
        "Normalized EBITDA": NaN,
        "Total Unusual Items": 0.0,
        "Total Unusual Items Excluding Goodwill": 0.0,
        "Net Income From Continuing Operation Net Minority Interest": NaN,
        "Reconciled Depreciation": NaN,
        "Reconciled Cost Of Revenue": NaN,
        "EBITDA": NaN,
        "EBIT": NaN,
        "Net Interest Income": NaN,
        "Interest Expense": NaN,
        "Interest Income": NaN,
        "Normalized Income": NaN,
        "Net Income From Continuing And Discontinued Operation": NaN,
        "Total Expenses": NaN,
        "Diluted Average Shares": NaN,
        "Basic Average Shares": NaN,
        "Diluted EPS": NaN,
        "Basic EPS": NaN,
        "Diluted NI Availto Com Stockholders": NaN,
        "Net Income Common Stockholders": NaN,
        "Net Income": NaN,
        "Net Income Including Noncontrolling Interests": NaN,
        "Net Income Continuous Operations": NaN,
        "Tax Provision": NaN,
        "Pretax Income": NaN,
        "Other Income Expense": NaN,
        "Other Non Operating Income Expenses": NaN,
        "Special Income Charges": 0.0,
        "Earnings From Equity Interest": NaN,
        "Net Non Operating Interest Income Expense": NaN,
        "Interest Expense Non Operating": NaN,
        "Interest Income Non Operating": NaN,
        "Operating Income": NaN,
        "Operating Expense": NaN,
        "Selling General And Administration": NaN,
        "General And Administrative Expense": NaN,
        "Other Gand A": NaN,
        "Gross Profit": NaN,
        "Cost Of Revenue": NaN,
        "Total Revenue": NaN,
        "Operating Revenue": NaN
    },
    "2022-12-31": {
        "Tax Effect Of Unusual Items": NaN,
        "Tax Rate For Calcs": NaN,
        "Normalized EBITDA": NaN,
        "Total Unusual Items": 0.0,
        "Total Unusual Items Excluding Goodwill": 0.0,
        "Net Income From Continuing Operation Net Minority Interest": NaN,
        "Reconciled Depreciation": NaN,
        "Reconciled Cost Of Revenue": NaN,
        "EBITDA": NaN,
        "EBIT": NaN,
        "Net Interest Income": NaN,
        "Interest Expense": NaN,
        "Interest Income": NaN,
        "Normalized Income": NaN,
        "Net Income From Continuing And Discontinued Operation": NaN,
        "Total Expenses": NaN,
        "Diluted Average Shares": NaN,
        "Basic Average Shares": NaN,
        "Diluted EPS": NaN,
        "Basic EPS": NaN,
        "Diluted NI Availto Com Stockholders": NaN,
        "Net Income Common Stockholders": NaN,
        "Net Income": NaN,
        "Net Income Including Noncontrolling Interests": NaN,
        "Net Income Continuous Operations": NaN,
        "Tax Provision": NaN,
        "Pretax Income": NaN,
        "Other Income Expense": NaN,
        "Other Non Operating Income Expenses": NaN,
        "Special Income Charges": 0.0,
        "Earnings From Equity Interest": NaN,
        "Net Non Operating Interest Income Expense": NaN,
        "Interest Expense Non Operating": NaN,
        "Interest Income Non Operating": NaN,
        "Operating Income": NaN,
        "Operating Expense": NaN,
        "Selling General And Administration": NaN,
        "General And Administrative Expense": NaN,
        "Other Gand A": NaN,
        "Gross Profit": NaN,
        "Cost Of Revenue": NaN,
        "Total Revenue": NaN,
        "Operating Revenue": NaN
    },
    "2022-09-30": {
        "Tax Effect Of Unusual Items": NaN,
        "Tax Rate For Calcs": NaN,
        "Normalized EBITDA": NaN,
        "Total Unusual Items": 0.0,
        "Total Unusual Items Excluding Goodwill": 0.0,
        "Net Income From Continuing Operation Net Minority Interest": NaN,
        "Reconciled Depreciation": NaN,
        "Reconciled Cost Of Revenue": NaN,
        "EBITDA": NaN,
        "EBIT": NaN,
        "Net Interest Income": NaN,
        "Interest Expense": NaN,
        "Interest Income": NaN,
        "Normalized Income": NaN,
        "Net Income From Continuing And Discontinued Operation": NaN,
        "Total Expenses": NaN,
        "Diluted Average Shares": NaN,
        "Basic Average Shares": NaN,
        "Diluted EPS": NaN,
        "Basic EPS": NaN,
        "Diluted NI Availto Com Stockholders": NaN,
        "Net Income Common Stockholders": NaN,
        "Net Income": NaN,
        "Net Income Including Noncontrolling Interests": NaN,
        "Net Income Continuous Operations": NaN,
        "Tax Provision": NaN,
        "Pretax Income": NaN,
        "Other Income Expense": NaN,
        "Other Non Operating Income Expenses": NaN,
        "Special Income Charges": 0.0,
        "Earnings From Equity Interest": NaN,
        "Net Non Operating Interest Income Expense": NaN,
        "Interest Expense Non Operating": NaN,
        "Interest Income Non Operating": NaN,
        "Operating Income": NaN,
        "Operating Expense": NaN,
        "Selling General And Administration": NaN,
        "General And Administrative Expense": NaN,
        "Other Gand A": NaN,
        "Gross Profit": NaN,
        "Cost Of Revenue": NaN,
        "Total Revenue": NaN,
        "Operating Revenue": NaN
    },
    "2022-06-30": {
        "Tax Effect Of Unusual Items": 0.0,
        "Tax Rate For Calcs": 0.23,
        "Normalized EBITDA": 177753000.0,
        "Total Unusual Items": NaN,
        "Total Unusual Items Excluding Goodwill": NaN,
        "Net Income From Continuing Operation Net Minority Interest": 105005000.0,
        "Reconciled Depreciation": 34229000.0,
        "Reconciled Cost Of Revenue": 410521000.0,
        "EBITDA": 177753000.0,
        "EBIT": 143524000.0,
        "Net Interest Income": -7330000.0,
        "Interest Expense": 7345000.0,
        "Interest Income": 15000.0,
        "Normalized Income": 105005000.0,
        "Net Income From Continuing And Discontinued Operation": 105005000.0,
        "Total Expenses": 422341000.0,
        "Diluted Average Shares": 38222949.0,
        "Basic Average Shares": 37982580.0,
        "Diluted EPS": 2.75,
        "Basic EPS": 2.76,
        "Diluted NI Availto Com Stockholders": 105005000.0,
        "Net Income Common Stockholders": 105005000.0,
        "Net Income": 105005000.0,
        "Net Income Including Noncontrolling Interests": 105005000.0,
        "Net Income Continuous Operations": 105005000.0,
        "Tax Provision": 31174000.0,
        "Pretax Income": 136179000.0,
        "Other Income Expense": 4463000.0,
        "Other Non Operating Income Expenses": -635000.0,
        "Special Income Charges": NaN,
        "Earnings From Equity Interest": 5098000.0,
        "Net Non Operating Interest Income Expense": -7330000.0,
        "Interest Expense Non Operating": 7345000.0,
        "Interest Income Non Operating": 15000.0,
        "Operating Income": 139046000.0,
        "Operating Expense": 11820000.0,
        "Selling General And Administration": 11820000.0,
        "General And Administrative Expense": 11820000.0,
        "Other Gand A": 11820000.0,
        "Gross Profit": 150866000.0,
        "Cost Of Revenue": 410521000.0,
        "Total Revenue": 561387000.0,
        "Operating Revenue": 561387000.0
    },
    "2022-03-31": {
        "Diluted EPS": 1.9,
        "Total Revenue": 413,
        "Gross Profit": 99,
        "Operating Income": 89,
        "EBIT": 122,
        "Net Income": 74
    },
    "2021-12-31": {
        "Diluted EPS": 2.53,
        "Total Revenue": 463,
        "Gross Profit": 139,
        "Operating Income": 134,
        "EBIT": 166,
        "Net Income": 102
    },
    "2021-09-30": {
        "Diluted EPS": 2.46,
        "Total Revenue": 510,
        "Gross Profit": 155,
        "Operating Income": 145,
        "EBIT": 177,
        "Net Income": 102
    },
    "2021-06-30": {
        "Diluted EPS": 2.25,
        "Total Revenue": 476,
        "Gross Profit": 127,
        "Operating Income": 129,
        "EBIT": 161,
        "Net Income": 95
    },
    "2021-03-31": {
        "Diluted EPS": 1.56,
        "Total Revenue": 343,
        "Gross Profit": 70,
        "Operating Income": 70,
        "EBIT": 103,
        "Net Income": 66
    },
    "2020-12-31": {
        "Diluted EPS": 1.94,
        "Total Revenue": 405,
        "Gross Profit": 113,
        "Operating Income": 112,
        "EBIT": 144,
        "Net Income": 81
    },
    "2020-09-30": {
        "Diluted EPS": 2.31,
        "Total Revenue": 448,
        "Gross Profit": 123,
        "Operating Income": 122,
        "EBIT": 154,
        "Net Income": 96
    },
    "2020-06-30": {
        "Diluted EPS": 2.31,
        "Total Revenue": 427,
        "Gross Profit": 102,
        "Operating Income": 144,
        "EBIT": 176,
        "Net Income": 96
    },
    "2020-03-31": {
        "Diluted EPS": 1.78,
        "Total Revenue": 290,
        "Gross Profit": 65,
        "Operating Income": 57,
        "EBIT": 85,
        "Net Income": 72
    },
    "2019-12-31": {
        "Diluted EPS": -2.76,
        "Total Revenue": 343,
        "Gross Profit": 93,
        "Operating Income": 91,
        "EBIT": 119,
        "Net Income": -115
    },
    "2019-09-30": {
        "Diluted EPS": 1.72,
        "Total Revenue": 401,
        "Gross Profit": 109,
        "Operating Income": 109,
        "EBIT": 137,
        "Net Income": 72
    },
    "2019-06-30": {
        "Diluted EPS": 0.94,
        "Total Revenue": 371,
        "Gross Profit": 75,
        "Operating Income": 64,
        "EBIT": 92,
        "Net Income": 41
    },
    "2019-03-31": {
        "Diluted EPS": -2.68,
        "Total Revenue": 202,
        "Gross Profit": 78,
        "Operating Income": 79,
        "EBIT": 109,
        "Net Income": -128
    },
    "2018-12-31": {
        "Diluted EPS": 1.24,
        "Total Revenue": 333,
        "Gross Profit": 80,
        "Operating Income": 81,
        "EBIT": 110,
        "Net Income": 58
    },
    "2018-09-30": {
        "Diluted EPS": 1.53,
        "Total Revenue": 381,
        "Gross Profit": 98,
        "Operating Income": 99,
        "EBIT": 131,
        "Net Income": 73
    },
    "2018-06-30": {
        "Diluted EPS": 1.38,
        "Total Revenue": 394,
        "Gross Profit": 92,
        "Operating Income": 92,
        "EBIT": 122,
        "Net Income": 66
    },
    "2018-03-31": {
        "Diluted EPS": 0.76,
        "Total Revenue": 285,
        "Gross Profit": 61,
        "Operating Income": 88,
        "EBIT": 114,
        "Net Income": 37
    },
    "2017-12-31": {
        "Diluted EPS": 2.08,
        "Total Revenue": 359,
        "Gross Profit": 95,
        "Operating Income": 58,
        "EBIT": 87,
        "Net Income": 101
    },
    "2017-09-30": {
        "Diluted EPS": 1.31,
        "Total Revenue": 376,
        "Gross Profit": 97,
        "Operating Income": 109,
        "EBIT": 139,
        "Net Income": 63
    },
    "2017-06-30": {
        "Diluted EPS": 1.13,
        "Total Revenue": 366,
        "Gross Profit": 86,
        "Operating Income": 86,
        "EBIT": 115,
        "Net Income": 55
    },
    "2017-03-31": {
        "Diluted EPS": 0.75,
        "Total Revenue": 279,
        "Gross Profit": 62,
        "Operating Income": 55,
        "EBIT": 79,
        "Net Income": 36
    },
    "2016-12-31": {
        "Diluted EPS": 1.17,
        "Total Revenue": 302,
        "Gross Profit": 87,
        "Operating Income": 99,
        "EBIT": 122,
        "Net Income": 56
    },
    "2016-09-30": {
        "Diluted EPS": 1.25,
        "Total Revenue": 333,
        "Gross Profit": 91,
        "Operating Income": 95,
        "EBIT": 117,
        "Net Income": 60
    },
    "2016-06-30": {
        "Diluted EPS": 0.93,
        "Total Revenue": 298,
        "Gross Profit": 72,
        "Operating Income": 71,
        "EBIT": 94,
        "Net Income": 45
    },
    "2016-03-31": {
        "Diluted EPS": 0.79,
        "Total Revenue": 252,
        "Gross Profit": 57,
        "Operating Income": 45,
        "EBIT": 68,
        "Net Income": 39
    },
    "2015-12-31": {
        "Diluted EPS": 0.92,
        "Total Revenue": 277,
        "Gross Profit": 69,
        "Operating Income": 81,
        "EBIT": 106,
        "Net Income": 46
    },
    "2015-09-30": {
        "Diluted EPS": 0.59,
        "Total Revenue": 329,
        "Gross Profit": 44,
        "Operating Income": 47,
        "EBIT": 72,
        "Net Income": 30
    },
    "2015-06-30": {
        "Diluted EPS": 0.75,
        "Total Revenue": 285,
        "Gross Profit": 61,
        "Operating Income": 60,
        "EBIT": 85,
        "Net Income": 38
    },
    "2015-03-31": {
        "Diluted EPS": 0.93,
        "Total Revenue": 224,
        "Gross Profit": 44,
        "Operating Income": 37,
        "EBIT": 59,
        "Net Income": 47
    },
    "2014-12-31": {
        "Diluted EPS": 1.03,
        "Total Revenue": 292,
        "Gross Profit": 79,
        "Operating Income": 82,
        "EBIT": 102,
        "Net Income": 52
    },
    "2014-09-30": {
        "Diluted EPS": 1.0,
        "Total Revenue": 285,
        "Gross Profit": 75,
        "Operating Income": 78,
        "EBIT": 96,
        "Net Income": 50
    },
    "2014-06-30": {
        "Diluted EPS": 0.75,
        "Total Revenue": 266,
        "Gross Profit": 56,
        "Operating Income": 67,
        "EBIT": 84,
        "Net Income": 38
    },
    "2014-03-31": {
        "Diluted EPS": 0.46,
        "Total Revenue": 190,
        "Gross Profit": 30,
        "Operating Income": 29,
        "EBIT": 47,
        "Net Income": 23
    },
    "2013-12-31": {
        "Diluted EPS": 0.63,
        "Total Revenue": 229,
        "Gross Profit": 50,
        "Operating Income": 53,
        "EBIT": 71,
        "Net Income": 32
    },
    "2013-09-30": {
        "Diluted EPS": 0.8,
        "Total Revenue": 253,
        "Gross Profit": 59,
        "Operating Income": 63,
        "EBIT": 81,
        "Net Income": 40
    },
    "2013-06-30": {
        "Diluted EPS": 0.6,
        "Total Revenue": 227,
        "Gross Profit": 47,
        "Operating Income": 54,
        "EBIT": 72,
        "Net Income": 30
    },
    "2013-03-31": {
        "Diluted EPS": 0.14,
        "Total Revenue": 159,
        "Gross Profit": 17,
        "Operating Income": 15,
        "EBIT": 33,
        "Net Income": 8
    },
    "2012-12-31": {
        "Diluted EPS": 0.37,
        "Total Revenue": 165,
        "Gross Profit": 31,
        "Operating Income": 31,
        "EBIT": 45,
        "Net Income": 18
    },
    "2012-09-30": {
        "Diluted EPS": 0.4,
        "Total Revenue": 165,
        "Gross Profit": 32,
        "Operating Income": 30,
        "EBIT": 42,
        "Net Income": 18
    },
    "2012-06-30": {
        "Diluted EPS": 0.31,
        "Total Revenue": 154,
        "Gross Profit": 23,
        "Operating Income": 24,
        "EBIT": 36,
        "Net Income": 14
    },
    "2012-03-31": {
        "Diluted EPS": 0.19,
        "Total Revenue": 117,
        "Gross Profit": 15,
        "Operating Income": 25,
        "EBIT": 38,
        "Net Income": 9
    },
    "2011-12-31": {
        "Diluted EPS": 0.07,
        "Total Revenue": 124,
        "Gross Profit": 12,
        "Operating Income": 7,
        "EBIT": 19,
        "Net Income": 3
    },
    "2011-09-30": {
        "Diluted EPS": 0.14,
        "Total Revenue": 135,
        "Gross Profit": 9,
        "Operating Income": 12,
        "EBIT": 25,
        "Net Income": 6
    },
    "2011-06-30": {
        "Diluted EPS": 0.02,
        "Total Revenue": 120,
        "Gross Profit": 4,
        "Operating Income": 6,
        "EBIT": 18,
        "Net Income": 1
    },
    "2011-03-31": {
        "Diluted EPS": -0.24,
        "Total Revenue": 95,
        "Gross Profit": -2,
        "Operating Income": -11,
        "EBIT": 1,
        "Net Income": -11
    },
    "2010-12-31": {
        "Diluted EPS": 0.12,
        "Total Revenue": 104,
        "Gross Profit": 8,
        "Operating Income": 11,
        "EBIT": 23,
        "Net Income": 5
    },
    "2010-09-30": {
        "Diluted EPS": 0.22,
        "Total Revenue": 132,
        "Gross Profit": 14,
        "Operating Income": 13,
        "EBIT": 26,
        "Net Income": 10
    },
    "2010-06-30": {
        "Diluted EPS": 0.24,
        "Total Revenue": 131,
        "Gross Profit": 16,
        "Operating Income": 20,
        "EBIT": 32,
        "Net Income": 11
    },
    "2010-03-31": {
        "Diluted EPS": 0.04,
        "Total Revenue": 97,
        "Gross Profit": 8,
        "Operating Income": 43,
        "EBIT": 55,
        "Net Income": 2
    },
    "2009-12-31": {
        "Diluted EPS": 0.11,
        "Total Revenue": 105,
        "Gross Profit": 8,
        "Operating Income": 5,
        "EBIT": 18,
        "Net Income": 5
    },
    "2009-09-30": {
        "Diluted EPS": 0.24,
        "Total Revenue": 138,
        "Gross Profit": 16,
        "Operating Income": 15,
        "EBIT": 28,
        "Net Income": 10
    },
    "2009-06-30": {
        "Diluted EPS": 0.27,
        "Total Revenue": 128,
        "Gross Profit": 20,
        "Operating Income": 16,
        "EBIT": 28,
        "Net Income": 12
    },
    "2009-03-31": {
        "Diluted EPS": 0.15,
        "Total Revenue": 105,
        "Gross Profit": 10,
        "Operating Income": 60,
        "EBIT": 73,
        "Net Income": 7
    },
    "2023-09-30": {
        "Tax Effect Of Unusual Items": 0.0,
        "Tax Rate For Calcs": 0.224709,
        "Normalized EBITDA": 241805000.0,
        "Total Unusual Items": NaN,
        "Total Unusual Items Excluding Goodwill": NaN,
        "Net Income From Continuing Operation Net Minority Interest": 150553000.0,
        "Reconciled Depreciation": 37197000.0,
        "Reconciled Cost Of Revenue": 413218000.0,
        "EBITDA": 241805000.0,
        "EBIT": 204608000.0,
        "Net Interest Income": -10204000.0,
        "Interest Expense": 10419000.0,
        "Interest Income": 215000.0,
        "Normalized Income": 150553000.0,
        "Net Income From Continuing And Discontinued Operation": 150553000.0,
        "Total Expenses": 429794000.0,
        "Diluted Average Shares": 35336966.0,
        "Basic Average Shares": 35056973.0,
        "Diluted EPS": 4.26,
        "Basic EPS": 4.29,
        "Diluted NI Availto Com Stockholders": 150553000.0,
        "Net Income Common Stockholders": 150553000.0,
        "Net Income": 150553000.0,
        "Net Income Including Noncontrolling Interests": 150553000.0,
        "Net Income Continuous Operations": 150553000.0,
        "Tax Provision": 43636000.0,
        "Pretax Income": 194189000.0,
        "Other Income Expense": 11951000.0,
        "Other Non Operating Income Expenses": 1605000.0,
        "Special Income Charges": NaN,
        "Earnings From Equity Interest": 10346000.0,
        "Net Non Operating Interest Income Expense": -10204000.0,
        "Interest Expense Non Operating": 10419000.0,
        "Interest Income Non Operating": 215000.0,
        "Operating Income": 192442000.0,
        "Operating Expense": 16576000.0,
        "Selling General And Administration": 16576000.0,
        "General And Administrative Expense": 16576000.0,
        "Other Gand A": 16576000.0,
        "Gross Profit": 209018000.0,
        "Cost Of Revenue": 413218000.0,
        "Total Revenue": 622236000.0,
        "Operating Revenue": 622236000.0
    },
    "2023-12-31": {
        "Tax Effect Of Unusual Items": 0.0,
        "Tax Rate For Calcs": 0.224876,
        "Normalized EBITDA": 214349000.0,
        "Total Unusual Items": NaN,
        "Total Unusual Items Excluding Goodwill": NaN,
        "Net Income From Continuing Operation Net Minority Interest": 129138000.0,
        "Reconciled Depreciation": 37468000.0,
        "Reconciled Cost Of Revenue": 378205000.0,
        "EBITDA": 214349000.0,
        "EBIT": 176881000.0,
        "Net Interest Income": -10128000.0,
        "Interest Expense": 10278000.0,
        "Interest Income": 150000.0,
        "Normalized Income": 129138000.0,
        "Net Income From Continuing And Discontinued Operation": 129138000.0,
        "Total Expenses": 392406000.0,
        "Diluted Average Shares": 34749721.0,
        "Basic Average Shares": 34466141.0,
        "Diluted EPS": 3.72,
        "Basic EPS": 3.75,
        "Diluted NI Availto Com Stockholders": 129138000.0,
        "Net Income Common Stockholders": 129138000.0,
        "Net Income": 129138000.0,
        "Net Income Including Noncontrolling Interests": 129138000.0,
        "Net Income Continuous Operations": 129138000.0,
        "Tax Provision": 37465000.0,
        "Pretax Income": 166603000.0,
        "Other Income Expense": 10304000.0,
        "Other Non Operating Income Expenses": 1019000.0,
        "Special Income Charges": NaN,
        "Earnings From Equity Interest": 9285000.0,
        "Net Non Operating Interest Income Expense": -10128000.0,
        "Interest Expense Non Operating": 10278000.0,
        "Interest Income Non Operating": 150000.0,
        "Operating Income": 166427000.0,
        "Operating Expense": 14201000.0,
        "Selling General And Administration": 14201000.0,
        "General And Administrative Expense": 14201000.0,
        "Other Gand A": 14201000.0,
        "Gross Profit": 180628000.0,
        "Cost Of Revenue": 378205000.0,
        "Total Revenue": 558833000.0,
        "Operating Revenue": 558833000.0
    },
    "2024-03-31": {
        "Tax Effect Of Unusual Items": 0.0,
        "Tax Rate For Calcs": 0.241868,
        "Normalized EBITDA": 150387000.0,
        "Total Unusual Items": NaN,
        "Total Unusual Items Excluding Goodwill": NaN,
        "Net Income From Continuing Operation Net Minority Interest": 77099000.0,
        "Reconciled Depreciation": 38485000.0,
        "Reconciled Cost Of Revenue": 357027000.0,
        "EBITDA": 150387000.0,
        "EBIT": 111902000.0,
        "Net Interest Income": -9686000.0,
        "Interest Expense": 10206000.0,
        "Interest Income": 520000.0,
        "Normalized Income": 77099000.0,
        "Net Income From Continuing And Discontinued Operation": 77099000.0,
        "Total Expenses": 374366000.0,
        "Diluted Average Shares": NaN,
        "Basic Average Shares": NaN,
        "Diluted EPS": NaN,
        "Basic EPS": NaN,
        "Diluted NI Availto Com Stockholders": 77099000.0,
        "Net Income Common Stockholders": 77099000.0,
        "Net Income": 77099000.0,
        "Net Income Including Noncontrolling Interests": 77099000.0,
        "Net Income Continuous Operations": 77099000.0,
        "Tax Provision": 24597000.0,
        "Pretax Income": 101696000.0,
        "Other Income Expense": 9041000.0,
        "Other Non Operating Income Expenses": 250000.0,
        "Special Income Charges": NaN,
        "Earnings From Equity Interest": 8791000.0,
        "Net Non Operating Interest Income Expense": -9686000.0,
        "Interest Expense Non Operating": 10206000.0,
        "Interest Income Non Operating": 520000.0,
        "Operating Income": 102341000.0,
        "Operating Expense": 17339000.0,
        "Selling General And Administration": 17339000.0,
        "General And Administrative Expense": 17339000.0,
        "Other Gand A": 17339000.0,
        "Gross Profit": 119680000.0,
        "Cost Of Revenue": 357027000.0,
        "Total Revenue": 476707000.0,
        "Operating Revenue": 476707000.0
    },
    "2024-06-30": {
        "Tax Effect Of Unusual Items": 0.0,
        "Tax Rate For Calcs": 0.22,
        "Normalized EBITDA": 220150000.0,
        "Total Unusual Items": NaN,
        "Total Unusual Items Excluding Goodwill": NaN,
        "Net Income From Continuing Operation Net Minority Interest": 133842000.0,
        "Reconciled Depreciation": 38350000.0,
        "Reconciled Cost Of Revenue": 421821000.0,
        "EBITDA": 220150000.0,
        "EBIT": 181800000.0,
        "Net Interest Income": -10684000.0,
        "Interest Expense": 10866000.0,
        "Interest Income": 182000.0,
        "Normalized Income": 133842000.0,
        "Net Income From Continuing And Discontinued Operation": 133842000.0,
        "Total Expenses": 437470000.0,
        "Diluted Average Shares": 33993023.0,
        "Basic Average Shares": 33734280.0,
        "Diluted EPS": 3.94,
        "Basic EPS": 3.97,
        "Diluted NI Availto Com Stockholders": 133842000.0,
        "Net Income Common Stockholders": 133842000.0,
        "Net Income": 133842000.0,
        "Net Income Including Noncontrolling Interests": 133842000.0,
        "Net Income Continuous Operations": 133842000.0,
        "Tax Provision": 37092000.0,
        "Pretax Income": 170934000.0,
        "Other Income Expense": 10399000.0,
        "Other Non Operating Income Expenses": 2683000.0,
        "Special Income Charges": NaN,
        "Earnings From Equity Interest": 7716000.0,
        "Net Non Operating Interest Income Expense": -10684000.0,
        "Interest Expense Non Operating": 10866000.0,
        "Interest Income Non Operating": 182000.0,
        "Operating Income": 171219000.0,
        "Operating Expense": 15649000.0,
        "Selling General And Administration": 15649000.0,
        "General And Administrative Expense": 15649000.0,
        "Other Gand A": 15649000.0,
        "Gross Profit": 186868000.0,
        "Cost Of Revenue": 421821000.0,
        "Total Revenue": 608689000.0,
        "Operating Revenue": 608689000.0
    },
    "2024-09-30": {
        "Tax Effect Of Unusual Items": 0.0,
        "Tax Rate For Calcs": 0.23,
        "Normalized EBITDA": 235600000.0,
        "Total Unusual Items": NaN,
        "Total Unusual Items Excluding Goodwill": NaN,
        "Net Income From Continuing Operation Net Minority Interest": 143520000.0,
        "Reconciled Depreciation": 39077000.0,
        "Reconciled Cost Of Revenue": 419775000.0,
        "EBITDA": 235600000.0,
        "EBIT": 196523000.0,
        "Net Interest Income": -10714000.0,
        "Interest Expense": 11272000.0,
        "Interest Income": 558000.0,
        "Normalized Income": 143520000.0,
        "Net Income From Continuing And Discontinued Operation": 143520000.0,
        "Total Expenses": 437654000.0,
        "Diluted Average Shares": 33716036.0,
        "Basic Average Shares": 33431315.0,
        "Diluted EPS": 4.26,
        "Basic EPS": 4.29,
        "Diluted NI Availto Com Stockholders": 143520000.0,
        "Net Income Common Stockholders": 143520000.0,
        "Net Income": 143520000.0,
        "Net Income Including Noncontrolling Interests": 143520000.0,
        "Net Income Continuous Operations": 143520000.0,
        "Tax Provision": 41731000.0,
        "Pretax Income": 185251000.0,
        "Other Income Expense": 10000000.0,
        "Other Non Operating Income Expenses": 724000.0,
        "Special Income Charges": NaN,
        "Earnings From Equity Interest": 9276000.0,
        "Net Non Operating Interest Income Expense": -10714000.0,
        "Interest Expense Non Operating": 11272000.0,
        "Interest Income Non Operating": 558000.0,
        "Operating Income": 185965000.0,
        "Operating Expense": 17879000.0,
        "Selling General And Administration": 17879000.0,
        "General And Administrative Expense": 17879000.0,
        "Other Gand A": 17879000.0,
        "Gross Profit": 203844000.0,
        "Cost Of Revenue": 419775000.0,
        "Total Revenue": 623619000.0,
        "Operating Revenue": 623619000.0
    }
}