{
    "2023-03-31": {
        "Tax Effect Of Unusual Items": NaN,
        "Tax Rate For Calcs": NaN,
        "Normalized EBITDA": NaN,
        "Total Unusual Items": NaN,
        "Total Unusual Items Excluding Goodwill": NaN,
        "Net Income From Continuing Operation Net Minority Interest": NaN,
        "Reconciled Depreciation": NaN,
        "Reconciled Cost Of Revenue": NaN,
        "EBITDA": NaN,
        "EBIT": NaN,
        "Normalized Income": NaN,
        "Net Income From Continuing And Discontinued Operation": NaN,
        "Total Expenses": NaN,
        "Total Operating Income As Reported": NaN,
        "Diluted Average Shares": NaN,
        "Basic Average Shares": NaN,
        "Diluted EPS": NaN,
        "Basic EPS": NaN,
        "Diluted NI Availto Com Stockholders": NaN,
        "Net Income Common Stockholders": NaN,
        "Net Income": NaN,
        "Minority Interests": 0.0,
        "Net Income Including Noncontrolling Interests": NaN,
        "Net Income Discontinuous Operations": NaN,
        "Net Income Continuous Operations": NaN,
        "Tax Provision": NaN,
        "Pretax Income": NaN,
        "Other Income Expense": NaN,
        "Other Non Operating Income Expenses": NaN,
        "Special Income Charges": NaN,
        "Other Special Charges": NaN,
        "Earnings From Equity Interest": NaN,
        "Operating Income": NaN,
        "Operating Expense": NaN,
        "Research And Development": NaN,
        "Selling General And Administration": NaN,
        "Selling And Marketing Expense": NaN,
        "General And Administrative Expense": NaN,
        "Other Gand A": NaN,
        "Gross Profit": NaN,
        "Cost Of Revenue": NaN,
        "Total Revenue": NaN,
        "Operating Revenue": NaN
    },
    "2022-12-31": {
        "Tax Effect Of Unusual Items": NaN,
        "Tax Rate For Calcs": NaN,
        "Normalized EBITDA": NaN,
        "Total Unusual Items": NaN,
        "Total Unusual Items Excluding Goodwill": NaN,
        "Net Income From Continuing Operation Net Minority Interest": NaN,
        "Reconciled Depreciation": NaN,
        "Reconciled Cost Of Revenue": NaN,
        "EBITDA": NaN,
        "EBIT": NaN,
        "Normalized Income": NaN,
        "Net Income From Continuing And Discontinued Operation": NaN,
        "Total Expenses": NaN,
        "Total Operating Income As Reported": NaN,
        "Diluted Average Shares": NaN,
        "Basic Average Shares": NaN,
        "Diluted EPS": NaN,
        "Basic EPS": NaN,
        "Diluted NI Availto Com Stockholders": NaN,
        "Net Income Common Stockholders": NaN,
        "Net Income": NaN,
        "Minority Interests": 0.0,
        "Net Income Including Noncontrolling Interests": NaN,
        "Net Income Discontinuous Operations": NaN,
        "Net Income Continuous Operations": NaN,
        "Tax Provision": NaN,
        "Pretax Income": NaN,
        "Other Income Expense": NaN,
        "Other Non Operating Income Expenses": NaN,
        "Special Income Charges": NaN,
        "Other Special Charges": NaN,
        "Earnings From Equity Interest": NaN,
        "Operating Income": NaN,
        "Operating Expense": NaN,
        "Research And Development": NaN,
        "Selling General And Administration": NaN,
        "Selling And Marketing Expense": NaN,
        "General And Administrative Expense": NaN,
        "Other Gand A": NaN,
        "Gross Profit": NaN,
        "Cost Of Revenue": NaN,
        "Total Revenue": NaN,
        "Operating Revenue": NaN
    },
    "2022-09-30": {
        "Tax Effect Of Unusual Items": 0.0,
        "Tax Rate For Calcs": 0.4,
        "Normalized EBITDA": 2793000.0,
        "Net Income From Continuing Operation Net Minority Interest": 4402000.0,
        "Reconciled Depreciation": 2767000.0,
        "Reconciled Cost Of Revenue": 1145853000.0,
        "EBITDA": 2793000.0,
        "EBIT": 26000.0,
        "Normalized Income": 4402000.0,
        "Net Income From Continuing And Discontinued Operation": 4402000.0,
        "Total Expenses": 1238949000.0,
        "Total Operating Income As Reported": 26000.0,
        "Diluted Average Shares": 155915307.0,
        "Basic Average Shares": 151826315.0,
        "Diluted EPS": 0.03,
        "Basic EPS": 0.03,
        "Diluted NI Availto Com Stockholders": 4402000.0,
        "Net Income Common Stockholders": 4402000.0,
        "Net Income": 4402000.0,
        "Minority Interests": 0.0,
        "Net Income Including Noncontrolling Interests": 4402000.0,
        "Net Income Continuous Operations": 4402000.0,
        "Tax Provision": -4627000.0,
        "Pretax Income": -225000.0,
        "Other Income Expense": -251000.0,
        "Other Non Operating Income Expenses": 78000.0,
        "Earnings From Equity Interest": -329000.0,
        "Operating Income": 26000.0,
        "Operating Expense": 93096000.0,
        "Selling General And Administration": 93096000.0,
        "Selling And Marketing Expense": 3636000.0,
        "General And Administrative Expense": 89460000.0,
        "Other Gand A": 89460000.0,
        "Gross Profit": 93122000.0,
        "Cost Of Revenue": 1145853000.0,
        "Total Revenue": 1238975000.0,
        "Operating Revenue": 1238975000.0
    },
    "2022-06-30": {
        "Tax Effect Of Unusual Items": 0.0,
        "Tax Rate For Calcs": 0.1516,
        "Normalized EBITDA": 14078000.0,
        "Net Income From Continuing Operation Net Minority Interest": 9359000.0,
        "Reconciled Depreciation": 2429000.0,
        "Reconciled Cost Of Revenue": 1307810000.0,
        "EBITDA": 14078000.0,
        "EBIT": 11649000.0,
        "Normalized Income": 9359000.0,
        "Net Income From Continuing And Discontinued Operation": 9359000.0,
        "Total Expenses": 1403411000.0,
        "Total Operating Income As Reported": 11649000.0,
        "Diluted Average Shares": 155816038.0,
        "Basic Average Shares": 150783418.0,
        "Diluted EPS": 0.06,
        "Basic EPS": 0.06,
        "Diluted NI Availto Com Stockholders": 9359000.0,
        "Net Income Common Stockholders": 9359000.0,
        "Net Income": 9359000.0,
        "Minority Interests": 0.0,
        "Net Income Including Noncontrolling Interests": 9359000.0,
        "Net Income Continuous Operations": 9359000.0,
        "Tax Provision": 1661000.0,
        "Pretax Income": 11020000.0,
        "Other Income Expense": -629000.0,
        "Other Non Operating Income Expenses": -62000.0,
        "Earnings From Equity Interest": -567000.0,
        "Operating Income": 11649000.0,
        "Operating Expense": 95601000.0,
        "Selling General And Administration": 95601000.0,
        "Selling And Marketing Expense": 4210000.0,
        "General And Administrative Expense": 91391000.0,
        "Other Gand A": 91391000.0,
        "Gross Profit": 107250000.0,
        "Cost Of Revenue": 1307810000.0,
        "Total Revenue": 1415060000.0,
        "Operating Revenue": 1415060000.0
    },
    "2023-06-30": {
        "Tax Effect Of Unusual Items": NaN,
        "Tax Rate For Calcs": NaN,
        "Normalized EBITDA": NaN,
        "Total Unusual Items": 0.0,
        "Total Unusual Items Excluding Goodwill": 0.0,
        "Net Income From Continuing Operation Net Minority Interest": NaN,
        "Reconciled Depreciation": NaN,
        "Reconciled Cost Of Revenue": NaN,
        "EBITDA": NaN,
        "EBIT": NaN,
        "Normalized Income": NaN,
        "Net Income From Continuing And Discontinued Operation": NaN,
        "Total Expenses": NaN,
        "Total Operating Income As Reported": NaN,
        "Diluted Average Shares": 156693959.0,
        "Basic Average Shares": 153249120.0,
        "Diluted EPS": 0.06,
        "Basic EPS": 0.06,
        "Diluted NI Availto Com Stockholders": NaN,
        "Net Income Common Stockholders": NaN,
        "Net Income": NaN,
        "Minority Interests": 0.0,
        "Net Income Including Noncontrolling Interests": NaN,
        "Net Income Discontinuous Operations": -1933000.0,
        "Net Income Continuous Operations": NaN,
        "Tax Provision": NaN,
        "Pretax Income": NaN,
        "Other Income Expense": NaN,
        "Other Non Operating Income Expenses": NaN,
        "Special Income Charges": 0.0,
        "Other Special Charges": NaN,
        "Earnings From Equity Interest": NaN,
        "Operating Income": NaN,
        "Operating Expense": NaN,
        "Research And Development": 14888000.0,
        "Selling General And Administration": NaN,
        "Selling And Marketing Expense": NaN,
        "General And Administrative Expense": NaN,
        "Other Gand A": NaN,
        "Gross Profit": NaN,
        "Cost Of Revenue": NaN,
        "Total Revenue": NaN,
        "Operating Revenue": NaN
    },
    "2022-03-31": {
        "Diluted EPS": 0.06,
        "Total Revenue": NaN,
        "Gross Profit": 83,
        "Operating Income": 4,
        "EBIT": 6,
        "Net Income": 9
    },
    "2021-12-31": {
        "Diluted EPS": 0.09,
        "Total Revenue": NaN,
        "Gross Profit": 83,
        "Operating Income": 2,
        "EBIT": 3,
        "Net Income": 16
    },
    "2021-09-30": {
        "Diluted EPS": 0.15,
        "Total Revenue": NaN,
        "Gross Profit": 80,
        "Operating Income": 11,
        "EBIT": 13,
        "Net Income": 24
    },
    "2021-06-30": {
        "Diluted EPS": 0.24,
        "Total Revenue": NaN,
        "Gross Profit": 80,
        "Operating Income": 17,
        "EBIT": 18,
        "Net Income": 37
    },
    "2021-03-31": {
        "Diluted EPS": 0.03,
        "Total Revenue": 584,
        "Gross Profit": 53,
        "Operating Income": 5,
        "EBIT": 6,
        "Net Income": 5
    },
    "2020-12-31": {
        "Diluted EPS": 0.05,
        "Total Revenue": 609,
        "Gross Profit": 50,
        "Operating Income": 8,
        "EBIT": 9,
        "Net Income": 8
    },
    "2020-09-30": {
        "Diluted EPS": 0.1,
        "Total Revenue": 564,
        "Gross Profit": 47,
        "Operating Income": 15,
        "EBIT": 16,
        "Net Income": 15
    },
    "2020-06-30": {
        "Diluted EPS": 0.06,
        "Total Revenue": 354,
        "Gross Profit": 34,
        "Operating Income": 8,
        "EBIT": 9,
        "Net Income": 8
    },
    "2020-03-31": {
        "Diluted EPS": 0.0,
        "Total Revenue": 271,
        "Gross Profit": 28,
        "Operating Income": 0,
        "EBIT": 1,
        "Net Income": 0
    },
    "2019-12-31": {
        "Diluted EPS": 0.01,
        "Total Revenue": 274,
        "Gross Profit": 24,
        "Operating Income": 1,
        "EBIT": 2,
        "Net Income": 1
    },
    "2019-09-30": {
        "Diluted EPS": -0.02,
        "Total Revenue": 282,
        "Gross Profit": 23,
        "Operating Income": -2,
        "EBIT": -1,
        "Net Income": -2
    },
    "2019-06-30": {
        "Diluted EPS": -0.02,
        "Total Revenue": 267,
        "Gross Profit": 22,
        "Operating Income": -2,
        "EBIT": -2,
        "Net Income": -2
    },
    "2019-03-31": {
        "Diluted EPS": -0.05,
        "Total Revenue": 157,
        "Gross Profit": 14,
        "Operating Income": -6,
        "EBIT": -6,
        "Net Income": -6
    },
    "2018-12-31": {
        "Diluted EPS": -0.04,
        "Total Revenue": 150,
        "Gross Profit": 10,
        "Operating Income": -5,
        "EBIT": -5,
        "Net Income": -5
    },
    "2018-09-30": {
        "Diluted EPS": -0.04,
        "Total Revenue": 157,
        "Gross Profit": 11,
        "Operating Income": -5,
        "EBIT": -4,
        "Net Income": -5
    },
    "2018-06-30": {
        "Diluted EPS": -0.02,
        "Total Revenue": 131,
        "Gross Profit": 12,
        "Operating Income": -2,
        "EBIT": -2,
        "Net Income": -2
    },
    "2018-03-31": {
        "Diluted EPS": -0.1,
        "Total Revenue": 62,
        "Gross Profit": 6,
        "Operating Income": -11,
        "EBIT": -10,
        "Net Income": -11
    },
    "2017-12-31": {
        "Diluted EPS": -0.11,
        "Total Revenue": 48,
        "Gross Profit": 5,
        "Operating Income": -12,
        "EBIT": -12,
        "Net Income": -12
    },
    "2017-09-30": {
        "Diluted EPS": -0.05,
        "Total Revenue": 47,
        "Gross Profit": 4,
        "Operating Income": -5,
        "EBIT": -5,
        "Net Income": -5
    },
    "2017-06-30": {
        "Diluted EPS": -0.02,
        "Total Revenue": 39,
        "Gross Profit": 4,
        "Operating Income": -2,
        "EBIT": -2,
        "Net Income": -2
    },
    "2017-03-31": {
        "Diluted EPS": -0.03,
        "Total Revenue": 22,
        "Gross Profit": 3,
        "Operating Income": -3,
        "EBIT": -3,
        "Net Income": -3
    },
    "2016-12-31": {
        "Diluted EPS": -0.05,
        "Total Revenue": 18,
        "Gross Profit": 2,
        "Operating Income": -5,
        "EBIT": -5,
        "Net Income": -5
    },
    "2016-09-30": {
        "Diluted EPS": -0.02,
        "Total Revenue": 16,
        "Gross Profit": 2,
        "Operating Income": -2,
        "EBIT": -2,
        "Net Income": -2
    },
    "2016-06-30": {
        "Diluted EPS": -0.01,
        "Total Revenue": 13,
        "Gross Profit": 2,
        "Operating Income": -1,
        "EBIT": -1,
        "Net Income": -1
    },
    "2016-03-31": {
        "Diluted EPS": -0.01,
        "Total Revenue": 7,
        "Gross Profit": 1,
        "Operating Income": -1,
        "EBIT": -1,
        "Net Income": -1
    },
    "2015-12-31": {
        "Diluted EPS": 0.02,
        "Total Revenue": 6,
        "Gross Profit": 1,
        "Operating Income": 2,
        "EBIT": 2,
        "Net Income": 2
    },
    "2015-09-30": {
        "Diluted EPS": 0.02,
        "Total Revenue": 7,
        "Gross Profit": 1,
        "Operating Income": 2,
        "EBIT": 2,
        "Net Income": 2
    },
    "2015-06-30": {
        "Diluted EPS": -0.05,
        "Total Revenue": 6,
        "Gross Profit": 1,
        "Operating Income": -5,
        "EBIT": -5,
        "Net Income": -5
    },
    "2015-03-31": {
        "Diluted EPS": 0.0,
        "Total Revenue": 3,
        "Gross Profit": 1,
        "Operating Income": 0,
        "EBIT": 0,
        "Net Income": 0
    },
    "2014-12-31": {
        "Diluted EPS": 0.0,
        "Total Revenue": NaN,
        "Gross Profit": NaN,
        "Operating Income": NaN,
        "EBIT": NaN,
        "Net Income": NaN
    },
    "2014-09-30": {
        "Diluted EPS": 0.0,
        "Total Revenue": 4,
        "Gross Profit": 1,
        "Operating Income": 0,
        "EBIT": 0,
        "Net Income": 0
    },
    "2013-12-31": {
        "Diluted EPS": 0.0,
        "Total Revenue": NaN,
        "Gross Profit": NaN,
        "Operating Income": NaN,
        "EBIT": NaN,
        "Net Income": NaN
    },
    "2023-09-30": {
        "Tax Effect Of Unusual Items": 0.0,
        "Tax Rate For Calcs": 0.21,
        "Normalized EBITDA": 6495000.0,
        "Total Unusual Items": 0.0,
        "Total Unusual Items Excluding Goodwill": 0.0,
        "Net Income From Continuing Operation Net Minority Interest": 2265000.0,
        "Reconciled Depreciation": 2790000.0,
        "Reconciled Cost Of Revenue": 1130070000.0,
        "EBITDA": 6495000.0,
        "EBIT": 3705000.0,
        "Normalized Income": 2265000.0,
        "Net Income From Continuing And Discontinued Operation": 1349000.0,
        "Total Expenses": 1209088000.0,
        "Total Operating Income As Reported": 3705000.0,
        "Diluted Average Shares": 158183888.0,
        "Basic Average Shares": 153392005.0,
        "Diluted EPS": 0.01,
        "Basic EPS": 0.01,
        "Diluted NI Availto Com Stockholders": 1349000.0,
        "Net Income Common Stockholders": 1349000.0,
        "Net Income": 1349000.0,
        "Minority Interests": 0.0,
        "Net Income Including Noncontrolling Interests": 1349000.0,
        "Net Income Discontinuous Operations": -916000.0,
        "Net Income Continuous Operations": 2265000.0,
        "Tax Provision": 1788000.0,
        "Pretax Income": 4053000.0,
        "Other Income Expense": 348000.0,
        "Other Non Operating Income Expenses": 702000.0,
        "Special Income Charges": 0.0,
        "Other Special Charges": NaN,
        "Earnings From Equity Interest": -354000.0,
        "Operating Income": 3705000.0,
        "Operating Expense": 79018000.0,
        "Research And Development": 15480000.0,
        "Selling General And Administration": 63538000.0,
        "Selling And Marketing Expense": 3175000.0,
        "General And Administrative Expense": 60363000.0,
        "Other Gand A": 60363000.0,
        "Gross Profit": 82723000.0,
        "Cost Of Revenue": 1130070000.0,
        "Total Revenue": 1212793000.0,
        "Operating Revenue": 1212793000.0
    },
    "2023-12-31": {
        "Tax Effect Of Unusual Items": 0.0,
        "Tax Rate For Calcs": 0.208181,
        "Normalized EBITDA": -15801000.0,
        "Total Unusual Items": NaN,
        "Total Unusual Items Excluding Goodwill": NaN,
        "Net Income From Continuing Operation Net Minority Interest": -21197000.0,
        "Reconciled Depreciation": 2744000.0,
        "Reconciled Cost Of Revenue": 912196000.0,
        "EBITDA": -15801000.0,
        "EBIT": -18545000.0,
        "Normalized Income": -21197000.0,
        "Net Income From Continuing And Discontinued Operation": -21197000.0,
        "Total Expenses": 1001594000.0,
        "Total Operating Income As Reported": -27748000.0,
        "Diluted Average Shares": NaN,
        "Basic Average Shares": NaN,
        "Diluted EPS": NaN,
        "Basic EPS": NaN,
        "Diluted NI Availto Com Stockholders": -21197000.0,
        "Net Income Common Stockholders": -21197000.0,
        "Net Income": -21197000.0,
        "Minority Interests": 0.0,
        "Net Income Including Noncontrolling Interests": -21197000.0,
        "Net Income Discontinuous Operations": NaN,
        "Net Income Continuous Operations": -21197000.0,
        "Tax Provision": -5573000.0,
        "Pretax Income": -26770000.0,
        "Other Income Expense": -8225000.0,
        "Other Non Operating Income Expenses": 1527000.0,
        "Special Income Charges": NaN,
        "Other Special Charges": NaN,
        "Earnings From Equity Interest": -549000.0,
        "Operating Income": -18545000.0,
        "Operating Expense": 89398000.0,
        "Research And Development": NaN,
        "Selling General And Administration": 89398000.0,
        "Selling And Marketing Expense": 3121000.0,
        "General And Administrative Expense": 86277000.0,
        "Other Gand A": 86277000.0,
        "Gross Profit": 70853000.0,
        "Cost Of Revenue": 912196000.0,
        "Total Revenue": 983049000.0,
        "Operating Revenue": 983049000.0
    },
    "2024-03-31": {
        "Tax Effect Of Unusual Items": -2880000.0,
        "Tax Rate For Calcs": 0.18,
        "Normalized EBITDA": 16225000.0,
        "Total Unusual Items": -16000000.0,
        "Total Unusual Items Excluding Goodwill": -16000000.0,
        "Net Income From Continuing Operation Net Minority Interest": -13830000.0,
        "Reconciled Depreciation": 2399000.0,
        "Reconciled Cost Of Revenue": 864746000.0,
        "EBITDA": 225000.0,
        "EBIT": -2174000.0,
        "Normalized Income": -710000.0,
        "Net Income From Continuing And Discontinued Operation": -15639000.0,
        "Total Expenses": 945228000.0,
        "Total Operating Income As Reported": -18174000.0,
        "Diluted Average Shares": 154740334.0,
        "Basic Average Shares": 154740334.0,
        "Diluted EPS": -0.1,
        "Basic EPS": -0.1,
        "Diluted NI Availto Com Stockholders": -15639000.0,
        "Net Income Common Stockholders": -15639000.0,
        "Net Income": -15639000.0,
        "Minority Interests": NaN,
        "Net Income Including Noncontrolling Interests": -15639000.0,
        "Net Income Discontinuous Operations": -1809000.0,
        "Net Income Continuous Operations": -13830000.0,
        "Tax Provision": -3305000.0,
        "Pretax Income": -17135000.0,
        "Other Income Expense": -14961000.0,
        "Other Non Operating Income Expenses": 1188000.0,
        "Special Income Charges": -16000000.0,
        "Other Special Charges": 16000000.0,
        "Earnings From Equity Interest": -149000.0,
        "Operating Income": -2174000.0,
        "Operating Expense": 80482000.0,
        "Research And Development": 14761000.0,
        "Selling General And Administration": 65721000.0,
        "Selling And Marketing Expense": 3139000.0,
        "General And Administrative Expense": 62582000.0,
        "Other Gand A": 62582000.0,
        "Gross Profit": 78308000.0,
        "Cost Of Revenue": 864746000.0,
        "Total Revenue": 943054000.0,
        "Operating Revenue": 943054000.0
    },
    "2024-06-30": {
        "Tax Effect Of Unusual Items": 0.0,
        "Tax Rate For Calcs": 0.21,
        "Normalized EBITDA": 21501000.0,
        "Total Unusual Items": 0.0,
        "Total Unusual Items Excluding Goodwill": 0.0,
        "Net Income From Continuing Operation Net Minority Interest": 11766000.0,
        "Reconciled Depreciation": 2964000.0,
        "Reconciled Cost Of Revenue": 1197668000.0,
        "EBITDA": 21501000.0,
        "EBIT": 18537000.0,
        "Normalized Income": 11766000.0,
        "Net Income From Continuing And Discontinued Operation": 12383000.0,
        "Total Expenses": 1276707000.0,
        "Total Operating Income As Reported": 18537000.0,
        "Diluted Average Shares": 155984147.0,
        "Basic Average Shares": 153580879.0,
        "Diluted EPS": 0.08,
        "Basic EPS": 0.08,
        "Diluted NI Availto Com Stockholders": 12383000.0,
        "Net Income Common Stockholders": 12383000.0,
        "Net Income": 12383000.0,
        "Minority Interests": NaN,
        "Net Income Including Noncontrolling Interests": 12383000.0,
        "Net Income Discontinuous Operations": 617000.0,
        "Net Income Continuous Operations": 11766000.0,
        "Tax Provision": 8146000.0,
        "Pretax Income": 19912000.0,
        "Other Income Expense": 1375000.0,
        "Other Non Operating Income Expenses": 1749000.0,
        "Special Income Charges": 0.0,
        "Other Special Charges": NaN,
        "Earnings From Equity Interest": -374000.0,
        "Operating Income": 18537000.0,
        "Operating Expense": 79039000.0,
        "Research And Development": 14848000.0,
        "Selling General And Administration": 64191000.0,
        "Selling And Marketing Expense": 3031000.0,
        "General And Administrative Expense": 61160000.0,
        "Other Gand A": 61160000.0,
        "Gross Profit": 97576000.0,
        "Cost Of Revenue": 1197668000.0,
        "Total Revenue": 1295244000.0,
        "Operating Revenue": 1295244000.0
    },
    "2024-09-30": {
        "Tax Effect Of Unusual Items": -3070642.436652,
        "Tax Rate For Calcs": 0.170591,
        "Normalized EBITDA": 30045000.0,
        "Total Unusual Items": -18000000.0,
        "Total Unusual Items Excluding Goodwill": -18000000.0,
        "Net Income From Continuing Operation Net Minority Interest": -6481000.0,
        "Reconciled Depreciation": 2379000.0,
        "Reconciled Cost Of Revenue": 1143535000.0,
        "EBITDA": 12045000.0,
        "EBIT": 9666000.0,
        "Normalized Income": 8448357.563348,
        "Net Income From Continuing And Discontinued Operation": -8506000.0,
        "Total Expenses": 1221521000.0,
        "Total Operating Income As Reported": -8334000.0,
        "Diluted Average Shares": 153259842.0,
        "Basic Average Shares": 153259842.0,
        "Diluted EPS": -0.06,
        "Basic EPS": -0.06,
        "Diluted NI Availto Com Stockholders": -8506000.0,
        "Net Income Common Stockholders": -8506000.0,
        "Net Income": -8506000.0,
        "Minority Interests": NaN,
        "Net Income Including Noncontrolling Interests": -8506000.0,
        "Net Income Discontinuous Operations": -2025000.0,
        "Net Income Continuous Operations": -6481000.0,
        "Tax Provision": -1333000.0,
        "Pretax Income": -7814000.0,
        "Other Income Expense": -17480000.0,
        "Other Non Operating Income Expenses": 801000.0,
        "Special Income Charges": -18000000.0,
        "Other Special Charges": 18000000.0,
        "Earnings From Equity Interest": -281000.0,
        "Operating Income": 9666000.0,
        "Operating Expense": 77986000.0,
        "Research And Development": 13804000.0,
        "Selling General And Administration": 64182000.0,
        "Selling And Marketing Expense": 2792000.0,
        "General And Administrative Expense": 61390000.0,
        "Other Gand A": 61390000.0,
        "Gross Profit": 87652000.0,
        "Cost Of Revenue": 1143535000.0,
        "Total Revenue": 1231187000.0,
        "Operating Revenue": 1231187000.0
    }
}