{
    "2023-04-30": {
        "Tax Effect Of Unusual Items": 0.0,
        "Tax Rate For Calcs": 0.4,
        "Normalized EBITDA": -55710000.0,
        "Total Unusual Items": NaN,
        "Total Unusual Items Excluding Goodwill": NaN,
        "Net Income From Continuing Operation Net Minority Interest": -73427000.0,
        "Reconciled Depreciation": 14405000.0,
        "Reconciled Cost Of Revenue": 319464000.0,
        "EBIT": -70115000.0,
        "Net Interest Income": -2943000.0,
        "Interest Expense": 2943000.0,
        "Normalized Income": -73427000.0,
        "Net Income From Continuing And Discontinued Operation": -73427000.0,
        "Total Expenses": 453372000.0,
        "Total Operating Income As Reported": -70115000.0,
        "Diluted Average Shares": 3693900.0,
        "Basic Average Shares": 3693900.0,
        "Diluted EPS": -19.8,
        "Basic EPS": -19.8,
        "Diluted NI Availto Com Stockholders": -73427000.0,
        "Net Income Common Stockholders": -73427000.0,
        "Net Income": -73427000.0,
        "Net Income Including Noncontrolling Interests": -73427000.0,
        "Net Income Continuous Operations": -73427000.0,
        "Tax Provision": 369000.0,
        "Pretax Income": -73058000.0,
        "Other Income Expense": NaN,
        "Other Non Operating Income Expenses": NaN,
        "Special Income Charges": NaN,
        "Restructuring And Mergern Acquisition": NaN,
        "Net Non Operating Interest Income Expense": -2943000.0,
        "Total Other Finance Cost": 2943000.0,
        "Interest Expense Non Operating": 2943000.0,
        "Operating Income": -70115000.0,
        "Operating Expense": 133908000.0,
        "Other Operating Expenses": -5440000.0,
        "Selling General And Administration": 139348000.0,
        "Gross Profit": 63793000.0,
        "Cost Of Revenue": 319464000.0,
        "Total Revenue": 383257000.0,
        "Operating Revenue": 383257000.0
    },
    "2023-01-31": {
        "Tax Effect Of Unusual Items": 22931608.0,
        "Tax Rate For Calcs": 0.056,
        "Normalized EBITDA": -39288000.0,
        "Total Unusual Items": 409493000.0,
        "Total Unusual Items Excluding Goodwill": 409493000.0,
        "Net Income From Continuing Operation Net Minority Interest": 333160000.0,
        "Reconciled Depreciation": 17093000.0,
        "Reconciled Cost Of Revenue": 391557000.0,
        "EBIT": 370205000.0,
        "Net Interest Income": -17141000.0,
        "Interest Expense": 17141000.0,
        "Normalized Income": -53401392.0,
        "Net Income From Continuing And Discontinued Operation": 333160000.0,
        "Total Expenses": 553620000.0,
        "Total Operating Income As Reported": -39287000.0,
        "Diluted Average Shares": 69155000.0,
        "Basic Average Shares": 68551000.0,
        "Diluted EPS": 4.82,
        "Basic EPS": 4.86,
        "Diluted NI Availto Com Stockholders": 333160000.0,
        "Net Income Common Stockholders": 333160000.0,
        "Net Income": 333160000.0,
        "Net Income Including Noncontrolling Interests": 333160000.0,
        "Net Income Continuous Operations": 333160000.0,
        "Tax Provision": 19904000.0,
        "Pretax Income": 353064000.0,
        "Other Income Expense": 409492000.0,
        "Other Non Operating Income Expenses": -1000.0,
        "Special Income Charges": 409493000.0,
        "Restructuring And Mergern Acquisition": -409493000.0,
        "Net Non Operating Interest Income Expense": -17141000.0,
        "Total Other Finance Cost": NaN,
        "Interest Expense Non Operating": 17141000.0,
        "Operating Income": -39287000.0,
        "Operating Expense": 162063000.0,
        "Other Operating Expenses": -147000.0,
        "Selling General And Administration": 162210000.0,
        "Gross Profit": 122776000.0,
        "Cost Of Revenue": 391557000.0,
        "Total Revenue": 514333000.0,
        "Operating Revenue": 514333000.0
    },
    "2022-10-31": {
        "Tax Effect Of Unusual Items": 0.0,
        "Tax Rate For Calcs": 0.4,
        "Normalized EBITDA": -14012000.0,
        "Total Unusual Items": NaN,
        "Total Unusual Items Excluding Goodwill": NaN,
        "Net Income From Continuing Operation Net Minority Interest": -34448000.0,
        "Reconciled Depreciation": 14988000.0,
        "Reconciled Cost Of Revenue": 313528000.0,
        "EBIT": -29000000.0,
        "Net Interest Income": -4668000.0,
        "Interest Expense": 4668000.0,
        "Normalized Income": -34448000.0,
        "Net Income From Continuing And Discontinued Operation": -34448000.0,
        "Total Expenses": 463654000.0,
        "Total Operating Income As Reported": -29509000.0,
        "Diluted Average Shares": 3413600.0,
        "Basic Average Shares": 3413600.0,
        "Diluted EPS": -10.0,
        "Basic EPS": -10.0,
        "Diluted NI Availto Com Stockholders": -34448000.0,
        "Net Income Common Stockholders": -34448000.0,
        "Net Income": -34448000.0,
        "Net Income Including Noncontrolling Interests": -34448000.0,
        "Net Income Continuous Operations": -34448000.0,
        "Tax Provision": 780000.0,
        "Pretax Income": -33668000.0,
        "Other Income Expense": 509000.0,
        "Other Non Operating Income Expenses": 509000.0,
        "Special Income Charges": NaN,
        "Restructuring And Mergern Acquisition": NaN,
        "Net Non Operating Interest Income Expense": -4668000.0,
        "Total Other Finance Cost": NaN,
        "Interest Expense Non Operating": 4668000.0,
        "Operating Income": -29509000.0,
        "Operating Expense": 150126000.0,
        "Other Operating Expenses": 36000.0,
        "Selling General And Administration": 150090000.0,
        "Gross Profit": 120617000.0,
        "Cost Of Revenue": 313528000.0,
        "Total Revenue": 434145000.0,
        "Operating Revenue": 421226000.0
    },
    "2022-07-31": {
        "Tax Effect Of Unusual Items": 0.0,
        "Tax Rate For Calcs": 0.035,
        "Normalized EBITDA": 26004000.0,
        "Total Unusual Items": NaN,
        "Total Unusual Items Excluding Goodwill": NaN,
        "Net Income From Continuing Operation Net Minority Interest": 7036000.0,
        "Reconciled Depreciation": 14916000.0,
        "Reconciled Cost Of Revenue": 311218000.0,
        "EBIT": 11088000.0,
        "Net Interest Income": -3800000.0,
        "Interest Expense": 3800000.0,
        "Normalized Income": 7036000.0,
        "Net Income From Continuing And Discontinued Operation": 7036000.0,
        "Total Expenses": 454507000.0,
        "Total Operating Income As Reported": 10412000.0,
        "Diluted Average Shares": 3437000.0,
        "Basic Average Shares": 3408000.0,
        "Diluted EPS": 2.05,
        "Basic EPS": 2.06,
        "Diluted NI Availto Com Stockholders": 7036000.0,
        "Net Income Common Stockholders": 7036000.0,
        "Net Income": 7036000.0,
        "Net Income Including Noncontrolling Interests": 7036000.0,
        "Net Income Continuous Operations": 7036000.0,
        "Tax Provision": 252000.0,
        "Pretax Income": 7288000.0,
        "Other Income Expense": 676000.0,
        "Other Non Operating Income Expenses": 676000.0,
        "Special Income Charges": NaN,
        "Restructuring And Mergern Acquisition": NaN,
        "Net Non Operating Interest Income Expense": -3800000.0,
        "Total Other Finance Cost": NaN,
        "Interest Expense Non Operating": 3800000.0,
        "Operating Income": 10412000.0,
        "Operating Expense": 143289000.0,
        "Other Operating Expenses": 11000.0,
        "Selling General And Administration": 143278000.0,
        "Gross Profit": 153701000.0,
        "Cost Of Revenue": 311218000.0,
        "Total Revenue": 464919000.0,
        "Operating Revenue": 464919000.0
    },
    "2022-04-30": {
        "Diluted EPS": -0.18,
        "Total Revenue": 451,
        "Gross Profit": 132,
        "Operating Income": -9,
        "EBIT": 6,
        "Net Income": -12
    },
    "2022-01-31": {
        "Diluted EPS": 0.14,
        "Total Revenue": 595,
        "Gross Profit": 174,
        "Operating Income": 10,
        "EBIT": 26,
        "Net Income": 8
    },
    "2021-10-31": {
        "Diluted EPS": 0.19,
        "Total Revenue": 472,
        "Gross Profit": 157,
        "Operating Income": 16,
        "EBIT": 32,
        "Net Income": 13
    },
    "2021-07-31": {
        "Diluted EPS": 0.15,
        "Total Revenue": 458,
        "Gross Profit": 149,
        "Operating Income": 15,
        "EBIT": 32,
        "Net Income": 11
    },
    "2021-04-30": {
        "Diluted EPS": -0.7,
        "Total Revenue": 346,
        "Gross Profit": 79,
        "Operating Income": -41,
        "EBIT": -22,
        "Net Income": -46
    },
    "2021-01-31": {
        "Diluted EPS": -0.8,
        "Total Revenue": 430,
        "Gross Profit": 71,
        "Operating Income": -63,
        "EBIT": -45,
        "Net Income": -53
    },
    "2020-10-31": {
        "Diluted EPS": -1.39,
        "Total Revenue": 322,
        "Gross Profit": 14,
        "Operating Income": -111,
        "EBIT": -93,
        "Net Income": -90
    },
    "2020-07-31": {
        "Diluted EPS": -1.67,
        "Total Revenue": 246,
        "Gross Profit": -44,
        "Operating Income": -136,
        "EBIT": -118,
        "Net Income": -108
    },
    "2020-04-30": {
        "Diluted EPS": -2.41,
        "Total Revenue": 210,
        "Gross Profit": -46,
        "Operating Income": -145,
        "EBIT": -126,
        "Net Income": -154
    },
    "2020-01-31": {
        "Diluted EPS": -2.15,
        "Total Revenue": 607,
        "Gross Profit": 164,
        "Operating Income": -190,
        "EBIT": -169,
        "Net Income": -142
    },
    "2019-10-31": {
        "Diluted EPS": -0.05,
        "Total Revenue": 488,
        "Gross Profit": 138,
        "Operating Income": -7,
        "EBIT": 14,
        "Net Income": -3
    },
    "2019-07-31": {
        "Diluted EPS": -0.14,
        "Total Revenue": 473,
        "Gross Profit": 126,
        "Operating Income": -10,
        "EBIT": 11,
        "Net Income": -10
    },
    "2019-04-30": {
        "Diluted EPS": -0.15,
        "Total Revenue": 451,
        "Gross Profit": 123,
        "Operating Income": -12,
        "EBIT": 11,
        "Net Income": -10
    },
    "2019-01-31": {
        "Diluted EPS": -0.02,
        "Total Revenue": 628,
        "Gross Profit": 173,
        "Operating Income": 13,
        "EBIT": 34,
        "Net Income": -1
    },
    "2018-10-31": {
        "Diluted EPS": 0.11,
        "Total Revenue": 515,
        "Gross Profit": 158,
        "Operating Income": 10,
        "EBIT": 32,
        "Net Income": 8
    },
    "2018-07-31": {
        "Diluted EPS": 0.03,
        "Total Revenue": 494,
        "Gross Profit": 140,
        "Operating Income": 3,
        "EBIT": 24,
        "Net Income": 2
    },
    "2018-04-30": {
        "Diluted EPS": 0.01,
        "Total Revenue": 479,
        "Gross Profit": 143,
        "Operating Income": 3,
        "EBIT": 24,
        "Net Income": 1
    },
    "2018-01-31": {
        "Diluted EPS": 0.34,
        "Total Revenue": 700,
        "Gross Profit": 210,
        "Operating Income": 43,
        "EBIT": 65,
        "Net Income": 27
    },
    "2017-10-31": {
        "Diluted EPS": 0.08,
        "Total Revenue": 503,
        "Gross Profit": 151,
        "Operating Income": 11,
        "EBIT": 33,
        "Net Income": 6
    },
    "2017-07-31": {
        "Diluted EPS": -0.15,
        "Total Revenue": 481,
        "Gross Profit": 134,
        "Operating Income": -16,
        "EBIT": 6,
        "Net Income": -12
    },
    "2017-04-30": {
        "Diluted EPS": -0.03,
        "Total Revenue": 474,
        "Gross Profit": 132,
        "Operating Income": -7,
        "EBIT": 16,
        "Net Income": -3
    },
    "2017-01-31": {
        "Diluted EPS": 0.3,
        "Total Revenue": 691,
        "Gross Profit": 204,
        "Operating Income": 40,
        "EBIT": 63,
        "Net Income": 24
    },
    "2016-10-31": {
        "Diluted EPS": 0.15,
        "Total Revenue": 506,
        "Gross Profit": 152,
        "Operating Income": 15,
        "EBIT": 38,
        "Net Income": 12
    },
    "2016-07-31": {
        "Diluted EPS": 0.13,
        "Total Revenue": 505,
        "Gross Profit": 151,
        "Operating Income": 18,
        "EBIT": 37,
        "Net Income": 10
    },
    "2016-04-30": {
        "Diluted EPS": 0.16,
        "Total Revenue": 503,
        "Gross Profit": 168,
        "Operating Income": 32,
        "EBIT": 60,
        "Net Income": 13
    },
    "2016-01-31": {
        "Diluted EPS": 0.67,
        "Total Revenue": 766,
        "Gross Profit": 261,
        "Operating Income": 93,
        "EBIT": 112,
        "Net Income": 56
    },
    "2015-10-31": {
        "Diluted EPS": 0.31,
        "Total Revenue": 547,
        "Gross Profit": 191,
        "Operating Income": 45,
        "EBIT": 64,
        "Net Income": 26
    },
    "2015-07-31": {
        "Diluted EPS": 0.25,
        "Total Revenue": 536,
        "Gross Profit": 177,
        "Operating Income": 36,
        "EBIT": 54,
        "Net Income": 21
    },
    "2015-04-30": {
        "Diluted EPS": 0.15,
        "Total Revenue": 502,
        "Gross Profit": 166,
        "Operating Income": 34,
        "EBIT": 53,
        "Net Income": 13
    },
    "2015-01-31": {
        "Diluted EPS": 0.5,
        "Total Revenue": 726,
        "Gross Profit": 230,
        "Operating Income": 76,
        "EBIT": 95,
        "Net Income": 42
    },
    "2014-10-31": {
        "Diluted EPS": 0.17,
        "Total Revenue": 498,
        "Gross Profit": 158,
        "Operating Income": 31,
        "EBIT": 49,
        "Net Income": 15
    },
    "2014-07-31": {
        "Diluted EPS": 0.08,
        "Total Revenue": 481,
        "Gross Profit": 136,
        "Operating Income": 15,
        "EBIT": 34,
        "Net Income": 7
    },
    "2014-04-30": {
        "Diluted EPS": 0.06,
        "Total Revenue": 461,
        "Gross Profit": 137,
        "Operating Income": 15,
        "EBIT": 34,
        "Net Income": 5
    },
    "2014-01-31": {
        "Diluted EPS": 0.56,
        "Total Revenue": 716,
        "Gross Profit": 229,
        "Operating Income": 85,
        "EBIT": 103,
        "Net Income": 48
    },
    "2013-10-31": {
        "Diluted EPS": 0.23,
        "Total Revenue": 504,
        "Gross Profit": 165,
        "Operating Income": 37,
        "EBIT": 54,
        "Net Income": 19
    },
    "2013-07-31": {
        "Diluted EPS": 0.2,
        "Total Revenue": 490,
        "Gross Profit": 153,
        "Operating Income": 33,
        "EBIT": 51,
        "Net Income": 17
    },
    "2013-04-30": {
        "Diluted EPS": 0.38,
        "Total Revenue": 509,
        "Gross Profit": 171,
        "Operating Income": 59,
        "EBIT": 76,
        "Net Income": 32
    },
    "2013-01-31": {
        "Diluted EPS": 0.75,
        "Total Revenue": 738,
        "Gross Profit": 256,
        "Operating Income": 111,
        "EBIT": 128,
        "Net Income": 64
    },
    "2012-10-31": {
        "Diluted EPS": 0.2,
        "Total Revenue": 469,
        "Gross Profit": 152,
        "Operating Income": 34,
        "EBIT": 51,
        "Net Income": 17
    },
    "2012-07-31": {
        "Diluted EPS": 0.18,
        "Total Revenue": 455,
        "Gross Profit": 147,
        "Operating Income": 31,
        "EBIT": 48,
        "Net Income": 16
    },
    "2012-04-30": {
        "Diluted EPS": 0.47,
        "Total Revenue": 496,
        "Gross Profit": 189,
        "Operating Income": 75,
        "EBIT": 92,
        "Net Income": 42
    },
    "2012-01-31": {
        "Diluted EPS": 0.68,
        "Total Revenue": 680,
        "Gross Profit": 250,
        "Operating Income": 109,
        "EBIT": 126,
        "Net Income": 60
    },
    "2011-10-31": {
        "Diluted EPS": 0.37,
        "Total Revenue": 487,
        "Gross Profit": 176,
        "Operating Income": 61,
        "EBIT": 78,
        "Net Income": 33
    },
    "2011-07-31": {
        "Diluted EPS": 0.14,
        "Total Revenue": 446,
        "Gross Profit": 150,
        "Operating Income": 32,
        "EBIT": 49,
        "Net Income": 13
    },
    "2011-04-30": {
        "Diluted EPS": 0.39,
        "Total Revenue": 467,
        "Gross Profit": 178,
        "Operating Income": 69,
        "EBIT": 87,
        "Net Income": 35
    },
    "2011-01-31": {
        "Diluted EPS": 0.54,
        "Total Revenue": 621,
        "Gross Profit": 227,
        "Operating Income": 91,
        "EBIT": 108,
        "Net Income": 48
    },
    "2010-10-31": {
        "Diluted EPS": 0.3,
        "Total Revenue": 451,
        "Gross Profit": 164,
        "Operating Income": 52,
        "EBIT": 69,
        "Net Income": 26
    },
    "2010-07-31": {
        "Diluted EPS": 0.25,
        "Total Revenue": 407,
        "Gross Profit": 130,
        "Operating Income": 5,
        "EBIT": 22,
        "Net Income": 22
    },
    "2010-04-30": {
        "Diluted EPS": 0.39,
        "Total Revenue": 426,
        "Gross Profit": 157,
        "Operating Income": 51,
        "EBIT": 68,
        "Net Income": 31
    },
    "2010-01-31": {
        "Diluted EPS": 0.6,
        "Total Revenue": 547,
        "Gross Profit": 186,
        "Operating Income": 58,
        "EBIT": 75,
        "Net Income": 46
    },
    "2009-10-31": {
        "Diluted EPS": 0.37,
        "Total Revenue": 426,
        "Gross Profit": 145,
        "Operating Income": 41,
        "EBIT": 58,
        "Net Income": 28
    },
    "2009-07-31": {
        "Diluted EPS": -0.09,
        "Total Revenue": 374,
        "Gross Profit": 103,
        "Operating Income": 6,
        "EBIT": 25,
        "Net Income": -7
    },
    "2009-04-30": {
        "Diluted EPS": 0.1,
        "Total Revenue": 374,
        "Gross Profit": 112,
        "Operating Income": 21,
        "EBIT": 40,
        "Net Income": 8
    },
    "2009-01-31": {
        "Diluted EPS": 0.0,
        "Total Revenue": NaN,
        "Gross Profit": NaN,
        "Operating Income": NaN,
        "EBIT": NaN,
        "Net Income": NaN
    },
    "2023-07-31": {
        "Tax Effect Of Unusual Items": 0.0,
        "Tax Rate For Calcs": 0.4,
        "Normalized EBITDA": -25125000.0,
        "Total Unusual Items": NaN,
        "Total Unusual Items Excluding Goodwill": NaN,
        "Net Income From Continuing Operation Net Minority Interest": -44056000.0,
        "Reconciled Depreciation": 14446000.0,
        "Reconciled Cost Of Revenue": 334975000.0,
        "EBIT": -39571000.0,
        "Net Interest Income": -3874000.0,
        "Interest Expense": 3874000.0,
        "Normalized Income": -44056000.0,
        "Net Income From Continuing And Discontinued Operation": -44056000.0,
        "Total Expenses": 474915000.0,
        "Total Operating Income As Reported": -39571000.0,
        "Diluted Average Shares": 3737000.0,
        "Basic Average Shares": 3737000.0,
        "Diluted EPS": -11.79,
        "Basic EPS": -11.79,
        "Diluted NI Availto Com Stockholders": -44056000.0,
        "Net Income Common Stockholders": -44056000.0,
        "Net Income": -44056000.0,
        "Net Income Including Noncontrolling Interests": -44056000.0,
        "Net Income Continuous Operations": -44056000.0,
        "Tax Provision": 611000.0,
        "Pretax Income": -43445000.0,
        "Other Income Expense": NaN,
        "Other Non Operating Income Expenses": NaN,
        "Special Income Charges": NaN,
        "Restructuring And Mergern Acquisition": NaN,
        "Net Non Operating Interest Income Expense": -3874000.0,
        "Total Other Finance Cost": NaN,
        "Interest Expense Non Operating": 3874000.0,
        "Operating Income": -39571000.0,
        "Operating Expense": 139940000.0,
        "Other Operating Expenses": -6151000.0,
        "Selling General And Administration": 146091000.0,
        "Gross Profit": 100369000.0,
        "Cost Of Revenue": 334975000.0,
        "Total Revenue": 435344000.0,
        "Operating Revenue": 435344000.0
    }
}