{
    "2023-03-31": {
        "Tax Effect Of Unusual Items": NaN,
        "Tax Rate For Calcs": NaN,
        "Normalized EBITDA": NaN,
        "Total Unusual Items": NaN,
        "Total Unusual Items Excluding Goodwill": NaN,
        "Net Income From Continuing Operation Net Minority Interest": NaN,
        "Reconciled Depreciation": NaN,
        "Reconciled Cost Of Revenue": NaN,
        "EBITDA": NaN,
        "EBIT": NaN,
        "Net Interest Income": NaN,
        "Interest Expense": NaN,
        "Interest Income": NaN,
        "Normalized Income": NaN,
        "Net Income From Continuing And Discontinued Operation": NaN,
        "Total Expenses": NaN,
        "Total Operating Income As Reported": NaN,
        "Diluted Average Shares": 133025000.0,
        "Basic Average Shares": 128816000.0,
        "Diluted EPS": 0.17,
        "Basic EPS": 0.17,
        "Diluted NI Availto Com Stockholders": NaN,
        "Net Income Common Stockholders": NaN,
        "Net Income": NaN,
        "Net Income Including Noncontrolling Interests": NaN,
        "Net Income Continuous Operations": NaN,
        "Tax Provision": NaN,
        "Pretax Income": NaN,
        "Other Income Expense": NaN,
        "Other Non Operating Income Expenses": NaN,
        "Special Income Charges": NaN,
        "Restructuring And Mergern Acquisition": NaN,
        "Net Non Operating Interest Income Expense": NaN,
        "Interest Expense Non Operating": NaN,
        "Interest Income Non Operating": NaN,
        "Operating Income": NaN,
        "Operating Expense": NaN,
        "Depreciation Amortization Depletion Income Statement": NaN,
        "Depreciation And Amortization In Income Statement": NaN,
        "Amortization": NaN,
        "Amortization Of Intangibles Income Statement": NaN,
        "Research And Development": NaN,
        "Selling General And Administration": NaN,
        "Selling And Marketing Expense": NaN,
        "General And Administrative Expense": NaN,
        "Other Gand A": NaN,
        "Gross Profit": NaN,
        "Cost Of Revenue": NaN,
        "Total Revenue": NaN,
        "Operating Revenue": NaN
    },
    "2022-12-31": {
        "Tax Effect Of Unusual Items": -61208.922583,
        "Tax Rate For Calcs": 0.12859,
        "Normalized EBITDA": 33691000.0,
        "Total Unusual Items": -476000.0,
        "Total Unusual Items Excluding Goodwill": -476000.0,
        "Net Income From Continuing Operation Net Minority Interest": 17931000.0,
        "Reconciled Depreciation": 8754000.0,
        "Reconciled Cost Of Revenue": 128443000.0,
        "EBITDA": 33215000.0,
        "EBIT": 24461000.0,
        "Net Interest Income": -2995000.0,
        "Interest Expense": 3884000.0,
        "Interest Income": 889000.0,
        "Normalized Income": 18345791.077417,
        "Net Income From Continuing And Discontinued Operation": 17931000.0,
        "Total Expenses": 294438000.0,
        "Total Operating Income As Reported": 23434000.0,
        "Diluted Average Shares": 134453000.0,
        "Basic Average Shares": 130465000.0,
        "Diluted EPS": 0.13,
        "Basic EPS": 0.14,
        "Diluted NI Availto Com Stockholders": 17931000.0,
        "Net Income Common Stockholders": 17931000.0,
        "Net Income": 17931000.0,
        "Net Income Including Noncontrolling Interests": 17931000.0,
        "Net Income Continuous Operations": 17931000.0,
        "Tax Provision": 2646000.0,
        "Pretax Income": 20577000.0,
        "Other Income Expense": -338000.0,
        "Other Non Operating Income Expenses": 138000.0,
        "Special Income Charges": -476000.0,
        "Restructuring And Mergern Acquisition": 476000.0,
        "Net Non Operating Interest Income Expense": -2995000.0,
        "Interest Expense Non Operating": 3884000.0,
        "Interest Income Non Operating": 889000.0,
        "Operating Income": 23910000.0,
        "Operating Expense": 157745000.0,
        "Depreciation Amortization Depletion Income Statement": 504000.0,
        "Depreciation And Amortization In Income Statement": 504000.0,
        "Amortization": 504000.0,
        "Amortization Of Intangibles Income Statement": 504000.0,
        "Research And Development": 52618000.0,
        "Selling General And Administration": 104623000.0,
        "Selling And Marketing Expense": 80538000.0,
        "General And Administrative Expense": 24085000.0,
        "Other Gand A": 24085000.0,
        "Gross Profit": 181655000.0,
        "Cost Of Revenue": 136693000.0,
        "Total Revenue": 318348000.0,
        "Operating Revenue": 318348000.0
    },
    "2022-09-30": {
        "Tax Effect Of Unusual Items": -106223.958697,
        "Tax Rate For Calcs": 0.121956,
        "Normalized EBITDA": 28111000.0,
        "Total Unusual Items": -871000.0,
        "Total Unusual Items Excluding Goodwill": -871000.0,
        "Net Income From Continuing Operation Net Minority Interest": 12585000.0,
        "Reconciled Depreciation": 9081000.0,
        "Reconciled Cost Of Revenue": 122423000.0,
        "EBITDA": 27240000.0,
        "EBIT": 18159000.0,
        "Net Interest Income": -3434000.0,
        "Interest Expense": 3826000.0,
        "Interest Income": 392000.0,
        "Normalized Income": 13349776.041303,
        "Net Income From Continuing And Discontinued Operation": 12585000.0,
        "Total Expenses": 279422000.0,
        "Total Operating Income As Reported": 17396000.0,
        "Diluted Average Shares": 132933000.0,
        "Basic Average Shares": 130289000.0,
        "Diluted EPS": 0.09,
        "Basic EPS": 0.1,
        "Diluted NI Availto Com Stockholders": 12585000.0,
        "Net Income Common Stockholders": 12585000.0,
        "Net Income": 12585000.0,
        "Net Income Including Noncontrolling Interests": 12585000.0,
        "Net Income Continuous Operations": 12585000.0,
        "Tax Provision": 1748000.0,
        "Pretax Income": 14333000.0,
        "Other Income Expense": -500000.0,
        "Other Non Operating Income Expenses": 371000.0,
        "Special Income Charges": -871000.0,
        "Restructuring And Mergern Acquisition": 871000.0,
        "Net Non Operating Interest Income Expense": -3434000.0,
        "Interest Expense Non Operating": 3826000.0,
        "Interest Income Non Operating": 392000.0,
        "Operating Income": 18267000.0,
        "Operating Expense": 148441000.0,
        "Depreciation Amortization Depletion Income Statement": 523000.0,
        "Depreciation And Amortization In Income Statement": 523000.0,
        "Amortization": 523000.0,
        "Amortization Of Intangibles Income Statement": 523000.0,
        "Research And Development": 50989000.0,
        "Selling General And Administration": 96929000.0,
        "Selling And Marketing Expense": 78382000.0,
        "General And Administrative Expense": 18547000.0,
        "Other Gand A": 18547000.0,
        "Gross Profit": 166708000.0,
        "Cost Of Revenue": 130981000.0,
        "Total Revenue": 297689000.0,
        "Operating Revenue": 297689000.0
    },
    "2022-06-30": {
        "Tax Effect Of Unusual Items": -383087.984242,
        "Tax Rate For Calcs": 0.28956,
        "Normalized EBITDA": 21144000.0,
        "Total Unusual Items": -1323000.0,
        "Total Unusual Items Excluding Goodwill": -1323000.0,
        "Net Income From Continuing Operation Net Minority Interest": 5410000.0,
        "Reconciled Depreciation": 9167000.0,
        "Reconciled Cost Of Revenue": 115477000.0,
        "EBITDA": 19821000.0,
        "EBIT": 10654000.0,
        "Net Interest Income": -2929000.0,
        "Interest Expense": 3039000.0,
        "Interest Income": 110000.0,
        "Normalized Income": 6349912.015758,
        "Net Income From Continuing And Discontinued Operation": 5410000.0,
        "Total Expenses": 266415000.0,
        "Total Operating Income As Reported": 10458000.0,
        "Diluted Average Shares": 132639000.0,
        "Basic Average Shares": 129785000.0,
        "Diluted EPS": 0.04,
        "Basic EPS": 0.04,
        "Diluted NI Availto Com Stockholders": 5410000.0,
        "Net Income Common Stockholders": 5410000.0,
        "Net Income": 5410000.0,
        "Net Income Including Noncontrolling Interests": 5410000.0,
        "Net Income Continuous Operations": 5410000.0,
        "Tax Provision": 2205000.0,
        "Pretax Income": 7615000.0,
        "Other Income Expense": -1237000.0,
        "Other Non Operating Income Expenses": 86000.0,
        "Special Income Charges": -1323000.0,
        "Restructuring And Mergern Acquisition": 1323000.0,
        "Net Non Operating Interest Income Expense": -2929000.0,
        "Interest Expense Non Operating": 3039000.0,
        "Interest Income Non Operating": 110000.0,
        "Operating Income": 11781000.0,
        "Operating Expense": 142410000.0,
        "Depreciation Amortization Depletion Income Statement": 639000.0,
        "Depreciation And Amortization In Income Statement": 639000.0,
        "Amortization": 639000.0,
        "Amortization Of Intangibles Income Statement": 639000.0,
        "Research And Development": 45130000.0,
        "Selling General And Administration": 96641000.0,
        "Selling And Marketing Expense": 80538000.0,
        "General And Administrative Expense": 16103000.0,
        "Other Gand A": 16103000.0,
        "Gross Profit": 154191000.0,
        "Cost Of Revenue": 124005000.0,
        "Total Revenue": 278196000.0,
        "Operating Revenue": 278196000.0
    },
    "2023-06-30": {
        "Tax Effect Of Unusual Items": -125829.512548,
        "Tax Rate For Calcs": 0.233018,
        "Normalized EBITDA": 47868000.0,
        "Total Unusual Items": -540000.0,
        "Total Unusual Items Excluding Goodwill": -540000.0,
        "Net Income From Continuing Operation Net Minority Interest": 25427000.0,
        "Reconciled Depreciation": 8447000.0,
        "Reconciled Cost Of Revenue": 141554000.0,
        "EBITDA": 47328000.0,
        "EBIT": 38881000.0,
        "Net Interest Income": -4629000.0,
        "Interest Expense": 5729000.0,
        "Interest Income": 1100000.0,
        "Normalized Income": 25841170.487452,
        "Net Income From Continuing And Discontinued Operation": 25427000.0,
        "Total Expenses": 325470000.0,
        "Total Operating Income As Reported": 37900000.0,
        "Diluted Average Shares": 132873000.0,
        "Basic Average Shares": 128294000.0,
        "Diluted EPS": 0.19,
        "Basic EPS": 0.2,
        "Diluted NI Availto Com Stockholders": 25427000.0,
        "Net Income Common Stockholders": 25427000.0,
        "Net Income": 25427000.0,
        "Net Income Including Noncontrolling Interests": 25427000.0,
        "Net Income Continuous Operations": 25427000.0,
        "Tax Provision": 7725000.0,
        "Pretax Income": 33152000.0,
        "Other Income Expense": -659000.0,
        "Other Non Operating Income Expenses": -119000.0,
        "Special Income Charges": -540000.0,
        "Restructuring And Mergern Acquisition": 540000.0,
        "Net Non Operating Interest Income Expense": -4629000.0,
        "Interest Expense Non Operating": 5729000.0,
        "Interest Income Non Operating": 1100000.0,
        "Operating Income": 38440000.0,
        "Operating Expense": 175979000.0,
        "Depreciation Amortization Depletion Income Statement": 510000.0,
        "Depreciation And Amortization In Income Statement": 510000.0,
        "Amortization": 510000.0,
        "Amortization Of Intangibles Income Statement": 510000.0,
        "Research And Development": 55826000.0,
        "Selling General And Administration": 119643000.0,
        "Selling And Marketing Expense": 94024000.0,
        "General And Administrative Expense": 25619000.0,
        "Other Gand A": 25619000.0,
        "Gross Profit": 214419000.0,
        "Cost Of Revenue": 149491000.0,
        "Total Revenue": 363910000.0,
        "Operating Revenue": 363910000.0
    },
    "2022-03-31": {
        "Diluted EPS": 0.1,
        "Total Revenue": 286,
        "Gross Profit": 161,
        "Operating Income": 17,
        "EBIT": 31,
        "Net Income": 13
    },
    "2021-12-31": {
        "Diluted EPS": 0.1,
        "Total Revenue": 281,
        "Gross Profit": 159,
        "Operating Income": 18,
        "EBIT": 32,
        "Net Income": 13
    },
    "2021-09-30": {
        "Diluted EPS": 0.1,
        "Total Revenue": 268,
        "Gross Profit": 156,
        "Operating Income": 18,
        "EBIT": 34,
        "Net Income": 13
    },
    "2021-06-30": {
        "Diluted EPS": 0.08,
        "Total Revenue": 278,
        "Gross Profit": 161,
        "Operating Income": 18,
        "EBIT": 35,
        "Net Income": 10
    },
    "2021-03-31": {
        "Diluted EPS": 0.03,
        "Total Revenue": 253,
        "Gross Profit": 149,
        "Operating Income": 11,
        "EBIT": 28,
        "Net Income": 3
    },
    "2020-12-31": {
        "Diluted EPS": -0.02,
        "Total Revenue": 242,
        "Gross Profit": 140,
        "Operating Income": 6,
        "EBIT": 24,
        "Net Income": -3
    },
    "2020-09-30": {
        "Diluted EPS": -0.07,
        "Total Revenue": 236,
        "Gross Profit": 135,
        "Operating Income": 0,
        "EBIT": 19,
        "Net Income": -9
    },
    "2020-06-30": {
        "Diluted EPS": -0.18,
        "Total Revenue": 216,
        "Gross Profit": 121,
        "Operating Income": -13,
        "EBIT": 6,
        "Net Income": -21
    },
    "2020-03-31": {
        "Diluted EPS": -0.37,
        "Total Revenue": 210,
        "Gross Profit": 111,
        "Operating Income": -38,
        "EBIT": -18,
        "Net Income": -44
    },
    "2019-12-31": {
        "Diluted EPS": -0.2,
        "Total Revenue": 267,
        "Gross Profit": 149,
        "Operating Income": -15,
        "EBIT": 5,
        "Net Income": -24
    },
    "2019-09-30": {
        "Diluted EPS": -0.31,
        "Total Revenue": 256,
        "Gross Profit": 137,
        "Operating Income": -32,
        "EBIT": -12,
        "Net Income": -38
    },
    "2019-06-30": {
        "Diluted EPS": -0.14,
        "Total Revenue": 252,
        "Gross Profit": 139,
        "Operating Income": -12,
        "EBIT": 1,
        "Net Income": -17
    },
    "2019-03-31": {
        "Diluted EPS": -0.06,
        "Total Revenue": 251,
        "Gross Profit": 139,
        "Operating Income": -2,
        "EBIT": 10,
        "Net Income": -7
    },
    "2018-12-31": {
        "Diluted EPS": 0.06,
        "Total Revenue": 253,
        "Gross Profit": 141,
        "Operating Income": 5,
        "EBIT": 18,
        "Net Income": 7
    },
    "2018-09-30": {
        "Diluted EPS": -0.08,
        "Total Revenue": 240,
        "Gross Profit": 132,
        "Operating Income": -5,
        "EBIT": 9,
        "Net Income": -9
    },
    "2018-06-30": {
        "Diluted EPS": -0.05,
        "Total Revenue": 278,
        "Gross Profit": 150,
        "Operating Income": -3,
        "EBIT": 12,
        "Net Income": -6
    },
    "2018-03-31": {
        "Diluted EPS": -0.12,
        "Total Revenue": 262,
        "Gross Profit": 143,
        "Operating Income": -8,
        "EBIT": 6,
        "Net Income": -14
    },
    "2017-12-31": {
        "Diluted EPS": -0.28,
        "Total Revenue": 231,
        "Gross Profit": 129,
        "Operating Income": -31,
        "EBIT": -19,
        "Net Income": -32
    },
    "2017-09-30": {
        "Diluted EPS": 0.04,
        "Total Revenue": 212,
        "Gross Profit": 112,
        "Operating Income": 4,
        "EBIT": 12,
        "Net Income": 4
    },
    "2017-06-30": {
        "Diluted EPS": 0.12,
        "Total Revenue": 179,
        "Gross Profit": 103,
        "Operating Income": 16,
        "EBIT": 21,
        "Net Income": 13
    },
    "2017-03-31": {
        "Diluted EPS": -0.05,
        "Total Revenue": 149,
        "Gross Profit": 83,
        "Operating Income": -3,
        "EBIT": 2,
        "Net Income": -5
    },
    "2016-12-31": {
        "Diluted EPS": -0.04,
        "Total Revenue": 156,
        "Gross Profit": 80,
        "Operating Income": -3,
        "EBIT": 3,
        "Net Income": -4
    },
    "2016-09-30": {
        "Diluted EPS": -0.05,
        "Total Revenue": 123,
        "Gross Profit": 66,
        "Operating Income": -4,
        "EBIT": 6,
        "Net Income": -6
    },
    "2016-06-30": {
        "Diluted EPS": -0.07,
        "Total Revenue": 131,
        "Gross Profit": 67,
        "Operating Income": -5,
        "EBIT": 5,
        "Net Income": -7
    },
    "2016-03-31": {
        "Diluted EPS": -0.1,
        "Total Revenue": 125,
        "Gross Profit": 63,
        "Operating Income": -9,
        "EBIT": 2,
        "Net Income": -11
    },
    "2015-12-31": {
        "Diluted EPS": -0.07,
        "Total Revenue": 139,
        "Gross Profit": 70,
        "Operating Income": -5,
        "EBIT": 5,
        "Net Income": -7
    },
    "2015-09-30": {
        "Diluted EPS": -0.11,
        "Total Revenue": 125,
        "Gross Profit": 65,
        "Operating Income": -11,
        "EBIT": 1,
        "Net Income": -12
    },
    "2015-06-30": {
        "Diluted EPS": -0.15,
        "Total Revenue": 150,
        "Gross Profit": 76,
        "Operating Income": -13,
        "EBIT": -1,
        "Net Income": -16
    },
    "2015-03-31": {
        "Diluted EPS": -0.24,
        "Total Revenue": 120,
        "Gross Profit": 58,
        "Operating Income": -21,
        "EBIT": -9,
        "Net Income": -24
    },
    "2014-12-31": {
        "Diluted EPS": -0.13,
        "Total Revenue": 147,
        "Gross Profit": 75,
        "Operating Income": -11,
        "EBIT": 1,
        "Net Income": -13
    },
    "2014-09-30": {
        "Diluted EPS": -0.2,
        "Total Revenue": 136,
        "Gross Profit": 71,
        "Operating Income": -17,
        "EBIT": -5,
        "Net Income": -19
    },
    "2014-06-30": {
        "Diluted EPS": -0.17,
        "Total Revenue": 155,
        "Gross Profit": 83,
        "Operating Income": -13,
        "EBIT": -1,
        "Net Income": -16
    },
    "2014-03-31": {
        "Diluted EPS": -0.26,
        "Total Revenue": 142,
        "Gross Profit": 71,
        "Operating Income": -23,
        "EBIT": -8,
        "Net Income": -25
    },
    "2013-12-31": {
        "Diluted EPS": -0.17,
        "Total Revenue": 147,
        "Gross Profit": 70,
        "Operating Income": -14,
        "EBIT": -4,
        "Net Income": -16
    },
    "2013-09-30": {
        "Diluted EPS": 0.0,
        "Total Revenue": 76,
        "Gross Profit": 44,
        "Operating Income": 0,
        "EBIT": 2,
        "Net Income": 0
    },
    "2013-06-30": {
        "Diluted EPS": 0.02,
        "Total Revenue": 79,
        "Gross Profit": 44,
        "Operating Income": 3,
        "EBIT": 4,
        "Net Income": 3
    },
    "2013-03-31": {
        "Diluted EPS": -0.02,
        "Total Revenue": 68,
        "Gross Profit": 38,
        "Operating Income": -2,
        "EBIT": 0,
        "Net Income": -2
    },
    "2012-12-31": {
        "Diluted EPS": -0.04,
        "Total Revenue": 76,
        "Gross Profit": 41,
        "Operating Income": -4,
        "EBIT": -2,
        "Net Income": -4
    },
    "2012-09-30": {
        "Diluted EPS": 0.14,
        "Total Revenue": 76,
        "Gross Profit": 40,
        "Operating Income": 14,
        "EBIT": 15,
        "Net Income": 13
    },
    "2012-06-30": {
        "Diluted EPS": 0.08,
        "Total Revenue": 88,
        "Gross Profit": 49,
        "Operating Income": 5,
        "EBIT": 7,
        "Net Income": 8
    },
    "2012-03-31": {
        "Diluted EPS": 0.03,
        "Total Revenue": 73,
        "Gross Profit": 41,
        "Operating Income": 3,
        "EBIT": 4,
        "Net Income": 2
    },
    "2011-12-31": {
        "Diluted EPS": 0.04,
        "Total Revenue": 83,
        "Gross Profit": 46,
        "Operating Income": 4,
        "EBIT": 6,
        "Net Income": 4
    },
    "2011-09-30": {
        "Diluted EPS": 0.02,
        "Total Revenue": 79,
        "Gross Profit": 44,
        "Operating Income": 2,
        "EBIT": 4,
        "Net Income": 2
    },
    "2011-06-30": {
        "Diluted EPS": -0.03,
        "Total Revenue": 90,
        "Gross Profit": 49,
        "Operating Income": -2,
        "EBIT": 0,
        "Net Income": -2
    },
    "2011-03-31": {
        "Diluted EPS": -0.07,
        "Total Revenue": 76,
        "Gross Profit": 37,
        "Operating Income": -7,
        "EBIT": -4,
        "Net Income": -7
    },
    "2010-12-31": {
        "Diluted EPS": 0.1,
        "Total Revenue": 85,
        "Gross Profit": 48,
        "Operating Income": 9,
        "EBIT": 11,
        "Net Income": 9
    },
    "2010-09-30": {
        "Diluted EPS": 0.03,
        "Total Revenue": 84,
        "Gross Profit": 47,
        "Operating Income": 2,
        "EBIT": 5,
        "Net Income": 3
    },
    "2010-06-30": {
        "Diluted EPS": 0.04,
        "Total Revenue": 85,
        "Gross Profit": 49,
        "Operating Income": 3,
        "EBIT": 5,
        "Net Income": 3
    },
    "2010-03-31": {
        "Diluted EPS": 0.04,
        "Total Revenue": 78,
        "Gross Profit": 45,
        "Operating Income": 3,
        "EBIT": 4,
        "Net Income": 4
    },
    "2009-12-31": {
        "Diluted EPS": -0.02,
        "Total Revenue": 79,
        "Gross Profit": 46,
        "Operating Income": -2,
        "EBIT": -1,
        "Net Income": -1
    },
    "2009-09-30": {
        "Diluted EPS": -0.06,
        "Total Revenue": 66,
        "Gross Profit": 37,
        "Operating Income": -5,
        "EBIT": -4,
        "Net Income": -5
    },
    "2009-06-30": {
        "Diluted EPS": 0.01,
        "Total Revenue": 81,
        "Gross Profit": 46,
        "Operating Income": 3,
        "EBIT": 6,
        "Net Income": 1
    },
    "2009-03-31": {
        "Diluted EPS": -0.02,
        "Total Revenue": 77,
        "Gross Profit": 44,
        "Operating Income": -3,
        "EBIT": -1,
        "Net Income": -2
    },
    "2023-09-30": {
        "Tax Effect Of Unusual Items": -372985.679473,
        "Tax Rate For Calcs": 0.137278,
        "Normalized EBITDA": 47083000.0,
        "Total Unusual Items": -2717000.0,
        "Total Unusual Items Excluding Goodwill": -2717000.0,
        "Net Income From Continuing Operation Net Minority Interest": 28676000.0,
        "Reconciled Depreciation": 6809000.0,
        "Reconciled Cost Of Revenue": 133903000.0,
        "EBITDA": 44366000.0,
        "EBIT": 37557000.0,
        "Net Interest Income": -3092000.0,
        "Interest Expense": 4318000.0,
        "Interest Income": 1226000.0,
        "Normalized Income": 31020014.320527,
        "Net Income From Continuing And Discontinued Operation": 28676000.0,
        "Total Expenses": 314521000.0,
        "Total Operating Income As Reported": 35899000.0,
        "Diluted Average Shares": 133463000.0,
        "Basic Average Shares": 128782000.0,
        "Diluted EPS": 0.21,
        "Basic EPS": 0.22,
        "Diluted NI Availto Com Stockholders": 28676000.0,
        "Net Income Common Stockholders": 28676000.0,
        "Net Income": 28676000.0,
        "Net Income Including Noncontrolling Interests": 28676000.0,
        "Net Income Continuous Operations": 28676000.0,
        "Tax Provision": 4563000.0,
        "Pretax Income": 33239000.0,
        "Other Income Expense": -2285000.0,
        "Other Non Operating Income Expenses": 432000.0,
        "Special Income Charges": -2717000.0,
        "Restructuring And Mergern Acquisition": 2717000.0,
        "Net Non Operating Interest Income Expense": -3092000.0,
        "Interest Expense Non Operating": 4318000.0,
        "Interest Income Non Operating": 1226000.0,
        "Operating Income": 38616000.0,
        "Operating Expense": 174320000.0,
        "Depreciation Amortization Depletion Income Statement": 511000.0,
        "Depreciation And Amortization In Income Statement": 511000.0,
        "Amortization": 511000.0,
        "Amortization Of Intangibles Income Statement": 511000.0,
        "Research And Development": 58016000.0,
        "Selling General And Administration": 115793000.0,
        "Selling And Marketing Expense": 91920000.0,
        "General And Administrative Expense": 23873000.0,
        "Other Gand A": 23873000.0,
        "Gross Profit": 212936000.0,
        "Cost Of Revenue": 140201000.0,
        "Total Revenue": 353137000.0,
        "Operating Revenue": 353137000.0
    },
    "2023-12-31": {
        "Tax Effect Of Unusual Items": -1926540.0,
        "Tax Rate For Calcs": 0.21,
        "Normalized EBITDA": 26240000.0,
        "Total Unusual Items": -9174000.0,
        "Total Unusual Items Excluding Goodwill": -9174000.0,
        "Net Income From Continuing Operation Net Minority Interest": 3988000.0,
        "Reconciled Depreciation": 5740000.0,
        "Reconciled Cost Of Revenue": 107776000.0,
        "EBITDA": 17066000.0,
        "EBIT": 11326000.0,
        "Net Interest Income": -2839000.0,
        "Interest Expense": 4269000.0,
        "Interest Income": 1430000.0,
        "Normalized Income": 11235460.0,
        "Net Income From Continuing And Discontinued Operation": 3988000.0,
        "Total Expenses": 276887000.0,
        "Total Operating Income As Reported": 10316000.0,
        "Diluted Average Shares": 131514000.0,
        "Basic Average Shares": 128987000.0,
        "Diluted EPS": 0.03,
        "Basic EPS": 0.03,
        "Diluted NI Availto Com Stockholders": 3988000.0,
        "Net Income Common Stockholders": 3988000.0,
        "Net Income": 3988000.0,
        "Net Income Including Noncontrolling Interests": 3988000.0,
        "Net Income Continuous Operations": 3988000.0,
        "Tax Provision": 3069000.0,
        "Pretax Income": 7057000.0,
        "Other Income Expense": -9594000.0,
        "Other Non Operating Income Expenses": -420000.0,
        "Special Income Charges": -9174000.0,
        "Restructuring And Mergern Acquisition": 9174000.0,
        "Net Non Operating Interest Income Expense": -2839000.0,
        "Interest Expense Non Operating": 4269000.0,
        "Interest Income Non Operating": 1430000.0,
        "Operating Income": 19490000.0,
        "Operating Expense": 163880000.0,
        "Depreciation Amortization Depletion Income Statement": 509000.0,
        "Depreciation And Amortization In Income Statement": 509000.0,
        "Amortization": 509000.0,
        "Amortization Of Intangibles Income Statement": 509000.0,
        "Research And Development": 52833000.0,
        "Selling General And Administration": 110538000.0,
        "Selling And Marketing Expense": 85154000.0,
        "General And Administrative Expense": 25384000.0,
        "Other Gand A": 25384000.0,
        "Gross Profit": 183370000.0,
        "Cost Of Revenue": 113007000.0,
        "Total Revenue": 296377000.0,
        "Operating Revenue": 296377000.0
    },
    "2024-03-31": {
        "Tax Effect Of Unusual Items": -138117.74382,
        "Tax Rate For Calcs": 0.009578,
        "Normalized EBITDA": -40984000.0,
        "Total Unusual Items": -14421000.0,
        "Total Unusual Items Excluding Goodwill": -14421000.0,
        "Net Income From Continuing Operation Net Minority Interest": -64425000.0,
        "Reconciled Depreciation": 5464000.0,
        "Reconciled Cost Of Revenue": 86182000.0,
        "EBITDA": -55405000.0,
        "EBIT": -60869000.0,
        "Net Interest Income": -2940000.0,
        "Interest Expense": 4179000.0,
        "Interest Income": 1239000.0,
        "Normalized Income": -50142117.74382,
        "Net Income From Continuing And Discontinued Operation": -64425000.0,
        "Total Expenses": 259084000.0,
        "Total Operating Income As Reported": -62469000.0,
        "Diluted Average Shares": 129299000.0,
        "Basic Average Shares": 129299000.0,
        "Diluted EPS": -0.5,
        "Basic EPS": -0.5,
        "Diluted NI Availto Com Stockholders": -64425000.0,
        "Net Income Common Stockholders": -64425000.0,
        "Net Income": -64425000.0,
        "Net Income Including Noncontrolling Interests": -64425000.0,
        "Net Income Continuous Operations": -64425000.0,
        "Tax Provision": -623000.0,
        "Pretax Income": -65048000.0,
        "Other Income Expense": -14060000.0,
        "Other Non Operating Income Expenses": 361000.0,
        "Special Income Charges": -14421000.0,
        "Restructuring And Mergern Acquisition": 14421000.0,
        "Net Non Operating Interest Income Expense": -2940000.0,
        "Interest Expense Non Operating": 4179000.0,
        "Interest Income Non Operating": 1239000.0,
        "Operating Income": -48048000.0,
        "Operating Expense": 167949000.0,
        "Depreciation Amortization Depletion Income Statement": 511000.0,
        "Depreciation And Amortization In Income Statement": 511000.0,
        "Amortization": 511000.0,
        "Amortization Of Intangibles Income Statement": 511000.0,
        "Research And Development": 54517000.0,
        "Selling General And Administration": 112921000.0,
        "Selling And Marketing Expense": 87708000.0,
        "General And Administrative Expense": 25213000.0,
        "Other Gand A": 25213000.0,
        "Gross Profit": 119901000.0,
        "Cost Of Revenue": 91135000.0,
        "Total Revenue": 211036000.0,
        "Operating Revenue": 211036000.0
    },
    "2024-06-30": {
        "Tax Effect Of Unusual Items": -2101890.0,
        "Tax Rate For Calcs": 0.21,
        "Normalized EBITDA": -27084000.0,
        "Total Unusual Items": -10009000.0,
        "Total Unusual Items Excluding Goodwill": -10009000.0,
        "Net Income From Continuing Operation Net Minority Interest": -54203000.0,
        "Reconciled Depreciation": 11434000.0,
        "Reconciled Cost Of Revenue": 131105000.0,
        "EBITDA": -37093000.0,
        "EBIT": -48527000.0,
        "Net Interest Income": -3559000.0,
        "Interest Expense": 4220000.0,
        "Interest Income": 661000.0,
        "Normalized Income": -46295890.0,
        "Net Income From Continuing And Discontinued Operation": -54203000.0,
        "Total Expenses": 295592000.0,
        "Total Operating Income As Reported": -48948000.0,
        "Diluted Average Shares": 130093000.0,
        "Basic Average Shares": 130093000.0,
        "Diluted EPS": -0.42,
        "Basic EPS": -0.42,
        "Diluted NI Availto Com Stockholders": -54203000.0,
        "Net Income Common Stockholders": -54203000.0,
        "Net Income": -54203000.0,
        "Net Income Including Noncontrolling Interests": -54203000.0,
        "Net Income Continuous Operations": -54203000.0,
        "Tax Provision": 1456000.0,
        "Pretax Income": -52747000.0,
        "Other Income Expense": -10249000.0,
        "Other Non Operating Income Expenses": -240000.0,
        "Special Income Charges": -10009000.0,
        "Restructuring And Mergern Acquisition": 10009000.0,
        "Net Non Operating Interest Income Expense": -3559000.0,
        "Interest Expense Non Operating": 4220000.0,
        "Interest Income Non Operating": 661000.0,
        "Operating Income": -38939000.0,
        "Operating Expense": 153563000.0,
        "Depreciation Amortization Depletion Income Statement": 510000.0,
        "Depreciation And Amortization In Income Statement": 510000.0,
        "Amortization": 510000.0,
        "Amortization Of Intangibles Income Statement": 510000.0,
        "Research And Development": 46565000.0,
        "Selling General And Administration": 106488000.0,
        "Selling And Marketing Expense": 81020000.0,
        "General And Administrative Expense": 25468000.0,
        "Other Gand A": 25468000.0,
        "Gross Profit": 114624000.0,
        "Cost Of Revenue": 142029000.0,
        "Total Revenue": 256653000.0,
        "Operating Revenue": 256653000.0
    },
    "2024-09-30": {
        "Tax Effect Of Unusual Items": -268170.0,
        "Tax Rate For Calcs": 0.21,
        "Normalized EBITDA": 1762000.0,
        "Total Unusual Items": -1277000.0,
        "Total Unusual Items Excluding Goodwill": -1277000.0,
        "Net Income From Continuing Operation Net Minority Interest": -10504000.0,
        "Reconciled Depreciation": 5077000.0,
        "Reconciled Cost Of Revenue": 95132000.0,
        "EBITDA": 485000.0,
        "EBIT": -4592000.0,
        "Net Interest Income": -3576000.0,
        "Interest Expense": 4422000.0,
        "Interest Income": 846000.0,
        "Normalized Income": -9495170.0,
        "Net Income From Continuing And Discontinued Operation": -10504000.0,
        "Total Expenses": 272644000.0,
        "Total Operating Income As Reported": -4717000.0,
        "Diluted Average Shares": 131176000.0,
        "Basic Average Shares": 131176000.0,
        "Diluted EPS": -0.08,
        "Basic EPS": -0.08,
        "Diluted NI Availto Com Stockholders": -10504000.0,
        "Net Income Common Stockholders": -10504000.0,
        "Net Income": -10504000.0,
        "Net Income Including Noncontrolling Interests": -10504000.0,
        "Net Income Continuous Operations": -10504000.0,
        "Tax Provision": 1490000.0,
        "Pretax Income": -9014000.0,
        "Other Income Expense": -1998000.0,
        "Other Non Operating Income Expenses": -721000.0,
        "Special Income Charges": -1277000.0,
        "Restructuring And Mergern Acquisition": 1277000.0,
        "Net Non Operating Interest Income Expense": -3576000.0,
        "Interest Expense Non Operating": 4422000.0,
        "Interest Income Non Operating": 846000.0,
        "Operating Income": -3440000.0,
        "Operating Expense": 172947000.0,
        "Depreciation Amortization Depletion Income Statement": 512000.0,
        "Depreciation And Amortization In Income Statement": 512000.0,
        "Amortization": 512000.0,
        "Amortization Of Intangibles Income Statement": 512000.0,
        "Research And Development": 54451000.0,
        "Selling General And Administration": 117984000.0,
        "Selling And Marketing Expense": 81383000.0,
        "General And Administrative Expense": 36601000.0,
        "Other Gand A": 36601000.0,
        "Gross Profit": 169507000.0,
        "Cost Of Revenue": 99697000.0,
        "Total Revenue": 269204000.0,
        "Operating Revenue": 269204000.0
    },
    "2024-12-31": {
        "Tax Effect Of Unusual Items": -269891.848588,
        "Tax Rate For Calcs": 0.260765,
        "Normalized EBITDA": 20178000.0,
        "Total Unusual Items": -1035000.0,
        "Total Unusual Items Excluding Goodwill": -1035000.0,
        "Net Income From Continuing Operation Net Minority Interest": 7382000.0,
        "Reconciled Depreciation": 4978000.0,
        "Reconciled Cost Of Revenue": 99763000.0,
        "EBITDA": 19143000.0,
        "EBIT": 14165000.0,
        "Net Interest Income": -3340000.0,
        "Interest Expense": 4179000.0,
        "Interest Income": 839000.0,
        "Normalized Income": 8147108.151412,
        "Net Income From Continuing And Discontinued Operation": 7382000.0,
        "Total Expenses": 265655000.0,
        "Total Operating Income As Reported": 12665000.0,
        "Diluted Average Shares": 134107000.0,
        "Basic Average Shares": 132381000.0,
        "Diluted EPS": 0.06,
        "Basic EPS": 0.06,
        "Diluted NI Availto Com Stockholders": 7382000.0,
        "Net Income Common Stockholders": 7382000.0,
        "Net Income": 7382000.0,
        "Net Income Including Noncontrolling Interests": 7382000.0,
        "Net Income Continuous Operations": 7382000.0,
        "Tax Provision": 2604000.0,
        "Pretax Income": 9986000.0,
        "Other Income Expense": -374000.0,
        "Other Non Operating Income Expenses": 661000.0,
        "Special Income Charges": -1035000.0,
        "Restructuring And Mergern Acquisition": 1035000.0,
        "Net Non Operating Interest Income Expense": -3340000.0,
        "Interest Expense Non Operating": 4179000.0,
        "Interest Income Non Operating": 839000.0,
        "Operating Income": 13700000.0,
        "Operating Expense": 161423000.0,
        "Depreciation Amortization Depletion Income Statement": 509000.0,
        "Depreciation And Amortization In Income Statement": 509000.0,
        "Amortization": 509000.0,
        "Amortization Of Intangibles Income Statement": 509000.0,
        "Research And Development": 54883000.0,
        "Selling General And Administration": 106031000.0,
        "Selling And Marketing Expense": 79967000.0,
        "General And Administrative Expense": 26064000.0,
        "Other Gand A": 26064000.0,
        "Gross Profit": 175123000.0,
        "Cost Of Revenue": 104232000.0,
        "Total Revenue": 279355000.0,
        "Operating Revenue": 279355000.0
    }
}