{
    "2023-03-31": {
        "Tax Effect Of Unusual Items": NaN,
        "Tax Rate For Calcs": NaN,
        "Normalized EBITDA": NaN,
        "Total Unusual Items": NaN,
        "Total Unusual Items Excluding Goodwill": NaN,
        "Net Income From Continuing Operation Net Minority Interest": NaN,
        "Reconciled Depreciation": NaN,
        "Reconciled Cost Of Revenue": NaN,
        "EBITDA": NaN,
        "EBIT": NaN,
        "Net Interest Income": NaN,
        "Interest Expense": 4867000.0,
        "Normalized Income": NaN,
        "Net Income From Continuing And Discontinued Operation": NaN,
        "Total Expenses": NaN,
        "Total Operating Income As Reported": NaN,
        "Diluted Average Shares": NaN,
        "Basic Average Shares": NaN,
        "Diluted EPS": NaN,
        "Basic EPS": NaN,
        "Diluted NI Availto Com Stockholders": NaN,
        "Average Dilution Earnings": NaN,
        "Net Income Common Stockholders": NaN,
        "Otherunder Preferred Stock Dividend": -2297000.0,
        "Net Income": NaN,
        "Net Income Including Noncontrolling Interests": NaN,
        "Net Income Discontinuous Operations": NaN,
        "Net Income Continuous Operations": NaN,
        "Tax Provision": NaN,
        "Pretax Income": NaN,
        "Other Income Expense": NaN,
        "Special Income Charges": NaN,
        "Impairment Of Capital Assets": NaN,
        "Net Non Operating Interest Income Expense": NaN,
        "Total Other Finance Cost": NaN,
        "Interest Expense Non Operating": 4867000.0,
        "Operating Income": NaN,
        "Operating Expense": NaN,
        "Other Operating Expenses": NaN,
        "Depreciation Amortization Depletion Income Statement": NaN,
        "Depreciation And Amortization In Income Statement": NaN,
        "Selling General And Administration": NaN,
        "Gross Profit": NaN,
        "Cost Of Revenue": NaN,
        "Total Revenue": NaN,
        "Operating Revenue": NaN
    },
    "2022-12-31": {
        "Tax Effect Of Unusual Items": NaN,
        "Tax Rate For Calcs": NaN,
        "Normalized EBITDA": NaN,
        "Total Unusual Items": NaN,
        "Total Unusual Items Excluding Goodwill": NaN,
        "Net Income From Continuing Operation Net Minority Interest": NaN,
        "Reconciled Depreciation": NaN,
        "Reconciled Cost Of Revenue": NaN,
        "EBITDA": NaN,
        "EBIT": NaN,
        "Net Interest Income": NaN,
        "Interest Expense": NaN,
        "Normalized Income": NaN,
        "Net Income From Continuing And Discontinued Operation": NaN,
        "Total Expenses": NaN,
        "Total Operating Income As Reported": NaN,
        "Diluted Average Shares": NaN,
        "Basic Average Shares": NaN,
        "Diluted EPS": NaN,
        "Basic EPS": NaN,
        "Diluted NI Availto Com Stockholders": NaN,
        "Average Dilution Earnings": -7127000.0,
        "Net Income Common Stockholders": NaN,
        "Otherunder Preferred Stock Dividend": NaN,
        "Net Income": NaN,
        "Net Income Including Noncontrolling Interests": NaN,
        "Net Income Discontinuous Operations": NaN,
        "Net Income Continuous Operations": NaN,
        "Tax Provision": NaN,
        "Pretax Income": NaN,
        "Other Income Expense": NaN,
        "Special Income Charges": NaN,
        "Impairment Of Capital Assets": NaN,
        "Net Non Operating Interest Income Expense": NaN,
        "Total Other Finance Cost": NaN,
        "Interest Expense Non Operating": NaN,
        "Operating Income": NaN,
        "Operating Expense": NaN,
        "Other Operating Expenses": NaN,
        "Depreciation Amortization Depletion Income Statement": NaN,
        "Depreciation And Amortization In Income Statement": NaN,
        "Selling General And Administration": NaN,
        "Gross Profit": NaN,
        "Cost Of Revenue": NaN,
        "Total Revenue": NaN,
        "Operating Revenue": NaN
    },
    "2022-09-30": {
        "Tax Effect Of Unusual Items": NaN,
        "Tax Rate For Calcs": NaN,
        "Normalized EBITDA": NaN,
        "Total Unusual Items": NaN,
        "Total Unusual Items Excluding Goodwill": NaN,
        "Net Income From Continuing Operation Net Minority Interest": NaN,
        "Reconciled Depreciation": NaN,
        "Reconciled Cost Of Revenue": NaN,
        "EBITDA": NaN,
        "EBIT": NaN,
        "Net Interest Income": NaN,
        "Interest Expense": NaN,
        "Normalized Income": NaN,
        "Net Income From Continuing And Discontinued Operation": NaN,
        "Total Expenses": NaN,
        "Total Operating Income As Reported": NaN,
        "Diluted Average Shares": NaN,
        "Basic Average Shares": NaN,
        "Diluted EPS": NaN,
        "Basic EPS": NaN,
        "Diluted NI Availto Com Stockholders": NaN,
        "Average Dilution Earnings": 0.0,
        "Net Income Common Stockholders": NaN,
        "Otherunder Preferred Stock Dividend": NaN,
        "Net Income": NaN,
        "Net Income Including Noncontrolling Interests": NaN,
        "Net Income Continuous Operations": NaN,
        "Tax Provision": NaN,
        "Pretax Income": NaN,
        "Other Income Expense": NaN,
        "Special Income Charges": NaN,
        "Impairment Of Capital Assets": NaN,
        "Net Non Operating Interest Income Expense": NaN,
        "Total Other Finance Cost": -1977000.0,
        "Interest Expense Non Operating": NaN,
        "Operating Income": NaN,
        "Operating Expense": NaN,
        "Other Operating Expenses": NaN,
        "Depreciation Amortization Depletion Income Statement": NaN,
        "Depreciation And Amortization In Income Statement": NaN,
        "Selling General And Administration": NaN,
        "Gross Profit": NaN,
        "Cost Of Revenue": NaN,
        "Total Revenue": NaN,
        "Operating Revenue": NaN
    },
    "2022-06-30": {
        "Tax Effect Of Unusual Items": -1136916.0,
        "Tax Rate For Calcs": 0.324,
        "Normalized EBITDA": 50634000.0,
        "Total Unusual Items": -3509000.0,
        "Total Unusual Items Excluding Goodwill": -3509000.0,
        "Net Income From Continuing Operation Net Minority Interest": 9734000.0,
        "Reconciled Depreciation": 25245000.0,
        "Reconciled Cost Of Revenue": 234567000.0,
        "EBITDA": 47125000.0,
        "EBIT": 21880000.0,
        "Net Interest Income": -3963000.0,
        "Interest Expense": NaN,
        "Normalized Income": 12106084.0,
        "Net Income From Continuing And Discontinued Operation": 9734000.0,
        "Total Expenses": 487675000.0,
        "Total Operating Income As Reported": 18371000.0,
        "Diluted Average Shares": 80403000.0,
        "Basic Average Shares": 80061000.0,
        "Diluted EPS": 0.12,
        "Basic EPS": 0.12,
        "Diluted NI Availto Com Stockholders": 9734000.0,
        "Average Dilution Earnings": 0.0,
        "Net Income Common Stockholders": 9734000.0,
        "Net Income": 9734000.0,
        "Net Income Including Noncontrolling Interests": 9734000.0,
        "Net Income Continuous Operations": 9734000.0,
        "Tax Provision": 4674000.0,
        "Pretax Income": 14408000.0,
        "Other Income Expense": -3509000.0,
        "Special Income Charges": -3509000.0,
        "Impairment Of Capital Assets": 3509000.0,
        "Net Non Operating Interest Income Expense": -3963000.0,
        "Total Other Finance Cost": 3963000.0,
        "Interest Expense Non Operating": NaN,
        "Operating Income": 21880000.0,
        "Operating Expense": 253108000.0,
        "Other Operating Expenses": 34000.0,
        "Depreciation Amortization Depletion Income Statement": 25245000.0,
        "Depreciation And Amortization In Income Statement": 25245000.0,
        "Selling General And Administration": 227829000.0,
        "Gross Profit": 274988000.0,
        "Cost Of Revenue": 234567000.0,
        "Total Revenue": 509555000.0,
        "Operating Revenue": 509555000.0
    },
    "2022-03-31": {
        "Diluted EPS": 0.34,
        "Total Revenue": 528,
        "Gross Profit": 292,
        "Operating Income": 37,
        "EBIT": 63,
        "Net Income": 30
    },
    "2021-12-31": {
        "Diluted EPS": 0.08,
        "Total Revenue": 478,
        "Gross Profit": 260,
        "Operating Income": 8,
        "EBIT": 34,
        "Net Income": 6
    },
    "2021-09-30": {
        "Diluted EPS": 0.45,
        "Total Revenue": 518,
        "Gross Profit": 292,
        "Operating Income": 51,
        "EBIT": 77,
        "Net Income": 41
    },
    "2021-06-30": {
        "Diluted EPS": 0.42,
        "Total Revenue": 549,
        "Gross Profit": 314,
        "Operating Income": 55,
        "EBIT": 80,
        "Net Income": 38
    },
    "2021-03-31": {
        "Diluted EPS": 0.48,
        "Total Revenue": 534,
        "Gross Profit": 309,
        "Operating Income": 61,
        "EBIT": 86,
        "Net Income": 43
    },
    "2020-12-31": {
        "Diluted EPS": 0.45,
        "Total Revenue": 497,
        "Gross Profit": 280,
        "Operating Income": 57,
        "EBIT": 84,
        "Net Income": 35
    },
    "2020-09-30": {
        "Diluted EPS": 0.42,
        "Total Revenue": 485,
        "Gross Profit": 275,
        "Operating Income": 55,
        "EBIT": 82,
        "Net Income": 35
    },
    "2020-06-30": {
        "Diluted EPS": -0.55,
        "Total Revenue": 260,
        "Gross Profit": 119,
        "Operating Income": -42,
        "EBIT": -17,
        "Net Income": -44
    },
    "2020-03-31": {
        "Diluted EPS": 0.12,
        "Total Revenue": 470,
        "Gross Profit": 251,
        "Operating Income": 17,
        "EBIT": 42,
        "Net Income": 10
    },
    "2019-12-31": {
        "Diluted EPS": 0.05,
        "Total Revenue": 402,
        "Gross Profit": 214,
        "Operating Income": 8,
        "EBIT": 32,
        "Net Income": 4
    },
    "2019-09-30": {
        "Diluted EPS": 0.01,
        "Total Revenue": 432,
        "Gross Profit": 227,
        "Operating Income": 11,
        "EBIT": 34,
        "Net Income": 1
    },
    "2019-06-30": {
        "Diluted EPS": 0.13,
        "Total Revenue": 429,
        "Gross Profit": 227,
        "Operating Income": 22,
        "EBIT": 43,
        "Net Income": 10
    },
    "2019-03-31": {
        "Diluted EPS": 0.21,
        "Total Revenue": 461,
        "Gross Profit": 249,
        "Operating Income": 32,
        "EBIT": 53,
        "Net Income": 17
    },
    "2018-12-31": {
        "Diluted EPS": -0.23,
        "Total Revenue": 356,
        "Gross Profit": 182,
        "Operating Income": -19,
        "EBIT": 1,
        "Net Income": -18
    },
    "2018-09-30": {
        "Diluted EPS": 0.06,
        "Total Revenue": 387,
        "Gross Profit": 205,
        "Operating Income": -2,
        "EBIT": 18,
        "Net Income": 5
    },
    "2018-06-30": {
        "Diluted EPS": 0.16,
        "Total Revenue": 386,
        "Gross Profit": 208,
        "Operating Income": 25,
        "EBIT": 43,
        "Net Income": 12
    },
    "2018-03-31": {
        "Diluted EPS": 0.31,
        "Total Revenue": 408,
        "Gross Profit": 228,
        "Operating Income": 39,
        "EBIT": 57,
        "Net Income": 24
    },
    "2017-12-31": {
        "Diluted EPS": 0.41,
        "Total Revenue": 322,
        "Gross Profit": 169,
        "Operating Income": -6,
        "EBIT": 16,
        "Net Income": 26
    },
    "2017-09-30": {
        "Diluted EPS": 0.03,
        "Total Revenue": 346,
        "Gross Profit": 184,
        "Operating Income": 17,
        "EBIT": 33,
        "Net Income": 2
    },
    "2017-06-30": {
        "Diluted EPS": -0.03,
        "Total Revenue": 338,
        "Gross Profit": 181,
        "Operating Income": 14,
        "EBIT": 29,
        "Net Income": -1
    },
    "2017-03-31": {
        "Diluted EPS": 0.29,
        "Total Revenue": 370,
        "Gross Profit": 204,
        "Operating Income": 40,
        "EBIT": 55,
        "Net Income": 17
    },
    "2016-12-31": {
        "Diluted EPS": 0.0,
        "Total Revenue": NaN,
        "Gross Profit": NaN,
        "Operating Income": NaN,
        "EBIT": NaN,
        "Net Income": NaN
    },
    "2016-09-30": {
        "Diluted EPS": 0.05,
        "Total Revenue": 301,
        "Gross Profit": 163,
        "Operating Income": 14,
        "EBIT": 14,
        "Net Income": 3
    },
    "2015-12-31": {
        "Diluted EPS": 0.0,
        "Total Revenue": NaN,
        "Gross Profit": NaN,
        "Operating Income": NaN,
        "EBIT": NaN,
        "Net Income": NaN
    },
    "2014-12-31": {
        "Diluted EPS": 0.0,
        "Total Revenue": NaN,
        "Gross Profit": NaN,
        "Operating Income": NaN,
        "EBIT": NaN,
        "Net Income": NaN
    },
    "2023-06-30": {
        "Tax Effect Of Unusual Items": -21432.0,
        "Tax Rate For Calcs": 0.024,
        "Normalized EBITDA": 30795000.0,
        "Total Unusual Items": -893000.0,
        "Total Unusual Items Excluding Goodwill": -893000.0,
        "Net Income From Continuing Operation Net Minority Interest": 3637000.0,
        "Reconciled Depreciation": 24341000.0,
        "Reconciled Cost Of Revenue": 178070000.0,
        "EBITDA": 29902000.0,
        "EBIT": 5561000.0,
        "Net Interest Income": -1836000.0,
        "Interest Expense": 1836000.0,
        "Normalized Income": 4508568.0,
        "Net Income From Continuing And Discontinued Operation": 5614000.0,
        "Total Expenses": 425332000.0,
        "Total Operating Income As Reported": 5561000.0,
        "Diluted Average Shares": 78343000.0,
        "Basic Average Shares": 78101000.0,
        "Diluted EPS": 0.07,
        "Basic EPS": 0.07,
        "Diluted NI Availto Com Stockholders": 5614000.0,
        "Average Dilution Earnings": 0.0,
        "Net Income Common Stockholders": 5614000.0,
        "Otherunder Preferred Stock Dividend": NaN,
        "Net Income": 5614000.0,
        "Net Income Including Noncontrolling Interests": 5614000.0,
        "Net Income Discontinuous Operations": 1977000.0,
        "Net Income Continuous Operations": 3637000.0,
        "Tax Provision": 88000.0,
        "Pretax Income": 3725000.0,
        "Other Income Expense": -893000.0,
        "Special Income Charges": -893000.0,
        "Impairment Of Capital Assets": 893000.0,
        "Net Non Operating Interest Income Expense": -1836000.0,
        "Total Other Finance Cost": 1836000.0,
        "Interest Expense Non Operating": 1836000.0,
        "Operating Income": 6454000.0,
        "Operating Expense": 245010000.0,
        "Other Operating Expenses": -3000.0,
        "Depreciation Amortization Depletion Income Statement": 22089000.0,
        "Depreciation And Amortization In Income Statement": 22089000.0,
        "Selling General And Administration": 222924000.0,
        "Gross Profit": 251464000.0,
        "Cost Of Revenue": 180322000.0,
        "Total Revenue": 431786000.0,
        "Operating Revenue": 431786000.0
    },
    "2023-09-30": {
        "Tax Effect Of Unusual Items": -4688372.0,
        "Tax Rate For Calcs": 0.058,
        "Normalized EBITDA": 111478000.0,
        "Total Unusual Items": -80834000.0,
        "Total Unusual Items Excluding Goodwill": -80834000.0,
        "Net Income From Continuing Operation Net Minority Interest": -73798000.0,
        "Reconciled Depreciation": 24407000.0,
        "Reconciled Cost Of Revenue": 252026000.0,
        "EBITDA": 30644000.0,
        "EBIT": 6237000.0,
        "Net Interest Income": -3722000.0,
        "Interest Expense": NaN,
        "Normalized Income": 2347628.0,
        "Net Income From Continuing And Discontinued Operation": -73798000.0,
        "Total Expenses": 526119000.0,
        "Total Operating Income As Reported": -74597000.0,
        "Diluted Average Shares": 78163000.0,
        "Basic Average Shares": 78163000.0,
        "Diluted EPS": -0.94,
        "Basic EPS": -0.94,
        "Diluted NI Availto Com Stockholders": -73798000.0,
        "Average Dilution Earnings": 0.0,
        "Net Income Common Stockholders": -73798000.0,
        "Otherunder Preferred Stock Dividend": NaN,
        "Net Income": -73798000.0,
        "Net Income Including Noncontrolling Interests": -73798000.0,
        "Net Income Discontinuous Operations": NaN,
        "Net Income Continuous Operations": -73798000.0,
        "Tax Provision": -4521000.0,
        "Pretax Income": -78319000.0,
        "Other Income Expense": -80834000.0,
        "Special Income Charges": -80834000.0,
        "Impairment Of Capital Assets": 80834000.0,
        "Net Non Operating Interest Income Expense": -3722000.0,
        "Total Other Finance Cost": 3722000.0,
        "Interest Expense Non Operating": NaN,
        "Operating Income": 6237000.0,
        "Operating Expense": 274093000.0,
        "Other Operating Expenses": -19000.0,
        "Depreciation Amortization Depletion Income Statement": 24407000.0,
        "Depreciation And Amortization In Income Statement": 24407000.0,
        "Selling General And Administration": 249705000.0,
        "Gross Profit": 280330000.0,
        "Cost Of Revenue": 252026000.0,
        "Total Revenue": 532356000.0,
        "Operating Revenue": 532356000.0
    },
    "2023-12-31": {
        "Tax Effect Of Unusual Items": -90512.177288,
        "Tax Rate For Calcs": 0.100793,
        "Normalized EBITDA": -67808000.0,
        "Total Unusual Items": -898000.0,
        "Total Unusual Items Excluding Goodwill": -898000.0,
        "Net Income From Continuing Operation Net Minority Interest": -15987000.0,
        "Reconciled Depreciation": 27273000.0,
        "Reconciled Cost Of Revenue": 243823000.0,
        "EBITDA": -68706000.0,
        "EBIT": -95979000.0,
        "Net Interest Income": -3914000.0,
        "Interest Expense": NaN,
        "Normalized Income": -15179512.177288,
        "Net Income From Continuing And Discontinued Operation": -15987000.0,
        "Total Expenses": 519370000.0,
        "Total Operating Income As Reported": -13266000.0,
        "Diluted Average Shares": 78269000.0,
        "Basic Average Shares": 78269000.0,
        "Diluted EPS": -0.2,
        "Basic EPS": -0.2,
        "Diluted NI Availto Com Stockholders": -15987000.0,
        "Average Dilution Earnings": 0.0,
        "Net Income Common Stockholders": -15987000.0,
        "Otherunder Preferred Stock Dividend": NaN,
        "Net Income": -15987000.0,
        "Net Income Including Noncontrolling Interests": -15987000.0,
        "Net Income Discontinuous Operations": NaN,
        "Net Income Continuous Operations": -15987000.0,
        "Tax Provision": -1792000.0,
        "Pretax Income": -17779000.0,
        "Other Income Expense": -898000.0,
        "Special Income Charges": -898000.0,
        "Impairment Of Capital Assets": 299000.0,
        "Net Non Operating Interest Income Expense": -3914000.0,
        "Total Other Finance Cost": NaN,
        "Interest Expense Non Operating": NaN,
        "Operating Income": -12967000.0,
        "Operating Expense": 272377000.0,
        "Other Operating Expenses": -11000.0,
        "Depreciation Amortization Depletion Income Statement": 24103000.0,
        "Depreciation And Amortization In Income Statement": 24103000.0,
        "Selling General And Administration": 248285000.0,
        "Gross Profit": 259410000.0,
        "Cost Of Revenue": 246993000.0,
        "Total Revenue": 506403000.0,
        "Operating Revenue": 506403000.0
    },
    "2024-03-31": {
        "Tax Effect Of Unusual Items": -179208.0,
        "Tax Rate For Calcs": 0.393,
        "Normalized EBITDA": 50179000.0,
        "Total Unusual Items": -456000.0,
        "Total Unusual Items Excluding Goodwill": -456000.0,
        "Net Income From Continuing Operation Net Minority Interest": 12239000.0,
        "Reconciled Depreciation": 25313000.0,
        "Reconciled Cost Of Revenue": 246990000.0,
        "EBITDA": 49723000.0,
        "EBIT": 24410000.0,
        "Net Interest Income": -4256000.0,
        "Interest Expense": 4256000.0,
        "Normalized Income": 12515792.0,
        "Net Income From Continuing And Discontinued Operation": 12239000.0,
        "Total Expenses": 517657000.0,
        "Total Operating Income As Reported": 24410000.0,
        "Diluted Average Shares": 78826000.0,
        "Basic Average Shares": 78384000.0,
        "Diluted EPS": 0.15,
        "Basic EPS": 0.15,
        "Diluted NI Availto Com Stockholders": 11685000.0,
        "Average Dilution Earnings": NaN,
        "Net Income Common Stockholders": 11685000.0,
        "Otherunder Preferred Stock Dividend": 554000.0,
        "Net Income": 12239000.0,
        "Net Income Including Noncontrolling Interests": 12239000.0,
        "Net Income Discontinuous Operations": NaN,
        "Net Income Continuous Operations": 12239000.0,
        "Tax Provision": 7915000.0,
        "Pretax Income": 20154000.0,
        "Other Income Expense": -456000.0,
        "Special Income Charges": -456000.0,
        "Impairment Of Capital Assets": 456000.0,
        "Net Non Operating Interest Income Expense": -4256000.0,
        "Total Other Finance Cost": NaN,
        "Interest Expense Non Operating": 4256000.0,
        "Operating Income": 24866000.0,
        "Operating Expense": 268991000.0,
        "Other Operating Expenses": -12000.0,
        "Depreciation Amortization Depletion Income Statement": 23637000.0,
        "Depreciation And Amortization In Income Statement": 23637000.0,
        "Selling General And Administration": 245366000.0,
        "Gross Profit": 293857000.0,
        "Cost Of Revenue": 248666000.0,
        "Total Revenue": 542523000.0,
        "Operating Revenue": 542523000.0
    },
    "2024-06-30": {
        "Tax Effect Of Unusual Items": -738990.0,
        "Tax Rate For Calcs": 0.21,
        "Normalized EBITDA": 26802000.0,
        "Total Unusual Items": -3519000.0,
        "Total Unusual Items Excluding Goodwill": -3519000.0,
        "Net Income From Continuing Operation Net Minority Interest": -1041000.0,
        "Reconciled Depreciation": 21931000.0,
        "Reconciled Cost Of Revenue": 194341000.0,
        "EBITDA": 23283000.0,
        "EBIT": 591000.0,
        "Net Interest Income": -3196000.0,
        "Interest Expense": 3196000.0,
        "Normalized Income": 1739010.0,
        "Net Income From Continuing And Discontinued Operation": -3125000.0,
        "Total Expenses": 447623000.0,
        "Total Operating Income As Reported": 591000.0,
        "Diluted Average Shares": 78575000.0,
        "Basic Average Shares": 78575000.0,
        "Diluted EPS": -0.04,
        "Basic EPS": -0.04,
        "Diluted NI Availto Com Stockholders": -3125000.0,
        "Average Dilution Earnings": NaN,
        "Net Income Common Stockholders": -3125000.0,
        "Otherunder Preferred Stock Dividend": NaN,
        "Net Income": -3125000.0,
        "Net Income Including Noncontrolling Interests": -3125000.0,
        "Net Income Discontinuous Operations": -2084000.0,
        "Net Income Continuous Operations": -1041000.0,
        "Tax Provision": -1564000.0,
        "Pretax Income": -2605000.0,
        "Other Income Expense": -3519000.0,
        "Special Income Charges": -3519000.0,
        "Impairment Of Capital Assets": 3519000.0,
        "Net Non Operating Interest Income Expense": -3196000.0,
        "Total Other Finance Cost": NaN,
        "Interest Expense Non Operating": 3196000.0,
        "Operating Income": 4110000.0,
        "Operating Expense": 254043000.0,
        "Other Operating Expenses": -2000.0,
        "Depreciation Amortization Depletion Income Statement": 22692000.0,
        "Depreciation And Amortization In Income Statement": 22692000.0,
        "Selling General And Administration": 231353000.0,
        "Gross Profit": 258153000.0,
        "Cost Of Revenue": 193580000.0,
        "Total Revenue": 451733000.0,
        "Operating Revenue": 451733000.0
    }
}