{
    "2023-03-31": {
        "Tax Effect Of Unusual Items": NaN,
        "Tax Rate For Calcs": NaN,
        "Normalized EBITDA": NaN,
        "Total Unusual Items": NaN,
        "Total Unusual Items Excluding Goodwill": NaN,
        "Net Income From Continuing Operation Net Minority Interest": NaN,
        "Reconciled Depreciation": NaN,
        "Reconciled Cost Of Revenue": NaN,
        "EBITDA": NaN,
        "EBIT": NaN,
        "Net Interest Income": NaN,
        "Interest Expense": NaN,
        "Interest Income": NaN,
        "Normalized Income": NaN,
        "Net Income From Continuing And Discontinued Operation": NaN,
        "Total Expenses": NaN,
        "Total Operating Income As Reported": NaN,
        "Diluted Average Shares": 55648000.0,
        "Basic Average Shares": 55648000.0,
        "Diluted EPS": -0.12,
        "Basic EPS": -0.12,
        "Diluted NI Availto Com Stockholders": NaN,
        "Average Dilution Earnings": 0.0,
        "Net Income Common Stockholders": NaN,
        "Net Income": NaN,
        "Net Income Including Noncontrolling Interests": NaN,
        "Net Income Continuous Operations": NaN,
        "Tax Provision": NaN,
        "Pretax Income": NaN,
        "Other Income Expense": NaN,
        "Other Non Operating Income Expenses": NaN,
        "Special Income Charges": NaN,
        "Gain On Sale Of Ppe": NaN,
        "Earnings From Equity Interest": NaN,
        "Net Non Operating Interest Income Expense": NaN,
        "Interest Expense Non Operating": NaN,
        "Interest Income Non Operating": NaN,
        "Operating Income": NaN,
        "Operating Expense": NaN,
        "Other Operating Expenses": NaN,
        "Depreciation Amortization Depletion Income Statement": NaN,
        "Depreciation And Amortization In Income Statement": NaN,
        "Selling General And Administration": NaN,
        "General And Administrative Expense": NaN,
        "Other Gand A": NaN,
        "Gross Profit": NaN,
        "Cost Of Revenue": NaN,
        "Total Revenue": NaN,
        "Operating Revenue": NaN
    },
    "2022-12-31": {
        "Tax Effect Of Unusual Items": NaN,
        "Tax Rate For Calcs": NaN,
        "Normalized EBITDA": NaN,
        "Total Unusual Items": NaN,
        "Total Unusual Items Excluding Goodwill": NaN,
        "Net Income From Continuing Operation Net Minority Interest": NaN,
        "Reconciled Depreciation": NaN,
        "Reconciled Cost Of Revenue": NaN,
        "EBITDA": NaN,
        "EBIT": NaN,
        "Net Interest Income": NaN,
        "Interest Expense": NaN,
        "Interest Income": NaN,
        "Normalized Income": NaN,
        "Net Income From Continuing And Discontinued Operation": NaN,
        "Total Expenses": NaN,
        "Total Operating Income As Reported": NaN,
        "Diluted Average Shares": 83779000.0,
        "Basic Average Shares": 56308000.0,
        "Diluted EPS": 0.25,
        "Basic EPS": 0.3,
        "Diluted NI Availto Com Stockholders": NaN,
        "Average Dilution Earnings": 4540000.0,
        "Net Income Common Stockholders": NaN,
        "Net Income": NaN,
        "Net Income Including Noncontrolling Interests": NaN,
        "Net Income Continuous Operations": NaN,
        "Tax Provision": NaN,
        "Pretax Income": NaN,
        "Other Income Expense": NaN,
        "Other Non Operating Income Expenses": NaN,
        "Special Income Charges": NaN,
        "Gain On Sale Of Ppe": NaN,
        "Earnings From Equity Interest": NaN,
        "Net Non Operating Interest Income Expense": NaN,
        "Interest Expense Non Operating": NaN,
        "Interest Income Non Operating": NaN,
        "Operating Income": NaN,
        "Operating Expense": NaN,
        "Other Operating Expenses": NaN,
        "Depreciation Amortization Depletion Income Statement": NaN,
        "Depreciation And Amortization In Income Statement": NaN,
        "Selling General And Administration": NaN,
        "General And Administrative Expense": NaN,
        "Other Gand A": NaN,
        "Gross Profit": NaN,
        "Cost Of Revenue": NaN,
        "Total Revenue": NaN,
        "Operating Revenue": NaN
    },
    "2022-09-30": {
        "Tax Effect Of Unusual Items": -3780.0,
        "Tax Rate For Calcs": 0.21,
        "Normalized EBITDA": 24870000.0,
        "Total Unusual Items": -18000.0,
        "Total Unusual Items Excluding Goodwill": -18000.0,
        "Net Income From Continuing Operation Net Minority Interest": 7337000.0,
        "Reconciled Depreciation": 9370000.0,
        "Reconciled Cost Of Revenue": 95807000.0,
        "EBITDA": 24852000.0,
        "EBIT": 15482000.0,
        "Net Interest Income": -2253000.0,
        "Interest Expense": 2321000.0,
        "Interest Income": 68000.0,
        "Normalized Income": 7351220.0,
        "Net Income From Continuing And Discontinued Operation": 7337000.0,
        "Total Expenses": 218505000.0,
        "Total Operating Income As Reported": 14884000.0,
        "Diluted Average Shares": 82539000.0,
        "Basic Average Shares": 56598000.0,
        "Diluted EPS": 0.11,
        "Basic EPS": 0.13,
        "Diluted NI Availto Com Stockholders": 7337000.0,
        "Average Dilution Earnings": NaN,
        "Net Income Common Stockholders": 7337000.0,
        "Net Income": 7337000.0,
        "Net Income Including Noncontrolling Interests": 7337000.0,
        "Net Income Continuous Operations": 7337000.0,
        "Tax Provision": 5824000.0,
        "Pretax Income": 13161000.0,
        "Other Income Expense": 512000.0,
        "Other Non Operating Income Expenses": 208000.0,
        "Special Income Charges": -18000.0,
        "Gain On Sale Of Ppe": -18000.0,
        "Earnings From Equity Interest": 322000.0,
        "Net Non Operating Interest Income Expense": -2253000.0,
        "Interest Expense Non Operating": 2321000.0,
        "Interest Income Non Operating": 68000.0,
        "Operating Income": 14902000.0,
        "Operating Expense": 122698000.0,
        "Other Operating Expenses": 95473000.0,
        "Depreciation Amortization Depletion Income Statement": 9370000.0,
        "Depreciation And Amortization In Income Statement": 9370000.0,
        "Selling General And Administration": 17855000.0,
        "General And Administrative Expense": 17855000.0,
        "Other Gand A": 17855000.0,
        "Gross Profit": 137600000.0,
        "Cost Of Revenue": 95807000.0,
        "Total Revenue": 233407000.0,
        "Operating Revenue": 233373000.0
    },
    "2022-06-30": {
        "Tax Effect Of Unusual Items": 0.0,
        "Tax Rate For Calcs": 0.066274,
        "Normalized EBITDA": 36836000.0,
        "Total Unusual Items": 0.0,
        "Total Unusual Items Excluding Goodwill": 0.0,
        "Net Income From Continuing Operation Net Minority Interest": 12215000.0,
        "Reconciled Depreciation": 21061000.0,
        "Reconciled Cost Of Revenue": 73019000.0,
        "EBITDA": 36836000.0,
        "EBIT": 15775000.0,
        "Net Interest Income": -2503000.0,
        "Interest Expense": 2693000.0,
        "Interest Income": 190000.0,
        "Normalized Income": 12215000.0,
        "Net Income From Continuing And Discontinued Operation": 12215000.0,
        "Total Expenses": 202225000.0,
        "Total Operating Income As Reported": 13617000.0,
        "Diluted Average Shares": 82504000.0,
        "Basic Average Shares": 56656000.0,
        "Diluted EPS": 0.17,
        "Basic EPS": 0.22,
        "Diluted NI Availto Com Stockholders": 12215000.0,
        "Average Dilution Earnings": NaN,
        "Net Income Common Stockholders": 12215000.0,
        "Net Income": 12215000.0,
        "Net Income Including Noncontrolling Interests": 12215000.0,
        "Net Income Continuous Operations": 12215000.0,
        "Tax Provision": 867000.0,
        "Pretax Income": 13082000.0,
        "Other Income Expense": 1968000.0,
        "Other Non Operating Income Expenses": 210000.0,
        "Special Income Charges": 0.0,
        "Gain On Sale Of Ppe": 0.0,
        "Earnings From Equity Interest": 1758000.0,
        "Net Non Operating Interest Income Expense": -2503000.0,
        "Interest Expense Non Operating": 2693000.0,
        "Interest Income Non Operating": 190000.0,
        "Operating Income": 13617000.0,
        "Operating Expense": 115891000.0,
        "Other Operating Expenses": 89430000.0,
        "Depreciation Amortization Depletion Income Statement": 7746000.0,
        "Depreciation And Amortization In Income Statement": 7746000.0,
        "Selling General And Administration": 18715000.0,
        "General And Administrative Expense": 18715000.0,
        "Other Gand A": 18715000.0,
        "Gross Profit": 129508000.0,
        "Cost Of Revenue": 86334000.0,
        "Total Revenue": 215842000.0,
        "Operating Revenue": 215793000.0
    },
    "2023-06-30": {
        "Tax Effect Of Unusual Items": 4202.346316,
        "Tax Rate For Calcs": 0.144908,
        "Normalized EBITDA": 32721000.0,
        "Total Unusual Items": 29000.0,
        "Total Unusual Items Excluding Goodwill": 29000.0,
        "Net Income From Continuing Operation Net Minority Interest": 18222000.0,
        "Reconciled Depreciation": 8026000.0,
        "Reconciled Cost Of Revenue": 107027000.0,
        "EBITDA": 32750000.0,
        "EBIT": 24724000.0,
        "Net Interest Income": -830000.0,
        "Interest Expense": 3414000.0,
        "Interest Income": 2584000.0,
        "Normalized Income": 18197202.346316,
        "Net Income From Continuing And Discontinued Operation": 18222000.0,
        "Total Expenses": 235229000.0,
        "Total Operating Income As Reported": 20612000.0,
        "Diluted Average Shares": 86825000.0,
        "Basic Average Shares": 55367000.0,
        "Diluted EPS": 0.24,
        "Basic EPS": 0.33,
        "Diluted NI Availto Com Stockholders": 20866000.0,
        "Average Dilution Earnings": 2644000.0,
        "Net Income Common Stockholders": 18222000.0,
        "Net Income": 18222000.0,
        "Net Income Including Noncontrolling Interests": 18222000.0,
        "Net Income Continuous Operations": 18222000.0,
        "Tax Provision": 3088000.0,
        "Pretax Income": 21310000.0,
        "Other Income Expense": 1557000.0,
        "Other Non Operating Income Expenses": 5000.0,
        "Special Income Charges": 29000.0,
        "Gain On Sale Of Ppe": 29000.0,
        "Earnings From Equity Interest": 1523000.0,
        "Net Non Operating Interest Income Expense": -830000.0,
        "Interest Expense Non Operating": 3414000.0,
        "Interest Income Non Operating": 2584000.0,
        "Operating Income": 20583000.0,
        "Operating Expense": 128202000.0,
        "Other Operating Expenses": 102300000.0,
        "Depreciation Amortization Depletion Income Statement": 8026000.0,
        "Depreciation And Amortization In Income Statement": 8026000.0,
        "Selling General And Administration": 17876000.0,
        "General And Administrative Expense": 17876000.0,
        "Other Gand A": 17876000.0,
        "Gross Profit": 148785000.0,
        "Cost Of Revenue": 107027000.0,
        "Total Revenue": 255812000.0,
        "Operating Revenue": 255730000.0
    },
    "2022-03-31": {
        "Diluted EPS": 0.2,
        "Total Revenue": 216,
        "Gross Profit": 129,
        "Operating Income": 24,
        "EBIT": 32,
        "Net Income": 15
    },
    "2021-12-31": {
        "Diluted EPS": 0.21,
        "Total Revenue": 221,
        "Gross Profit": 132,
        "Operating Income": 22,
        "EBIT": 30,
        "Net Income": 16
    },
    "2021-09-30": {
        "Diluted EPS": 0.02,
        "Total Revenue": 192,
        "Gross Profit": 119,
        "Operating Income": 8,
        "EBIT": 32,
        "Net Income": 2
    },
    "2021-06-30": {
        "Diluted EPS": -0.05,
        "Total Revenue": 174,
        "Gross Profit": 108,
        "Operating Income": 4,
        "EBIT": 27,
        "Net Income": -3
    },
    "2021-03-31": {
        "Diluted EPS": 0.1,
        "Total Revenue": 185,
        "Gross Profit": 114,
        "Operating Income": 11,
        "EBIT": 34,
        "Net Income": 5
    },
    "2020-12-31": {
        "Diluted EPS": 0.08,
        "Total Revenue": 178,
        "Gross Profit": 108,
        "Operating Income": 9,
        "EBIT": 31,
        "Net Income": 4
    },
    "2020-09-30": {
        "Diluted EPS": -0.42,
        "Total Revenue": 167,
        "Gross Profit": 90,
        "Operating Income": -27,
        "EBIT": 3,
        "Net Income": -23
    },
    "2020-06-30": {
        "Diluted EPS": -0.1,
        "Total Revenue": 210,
        "Gross Profit": 102,
        "Operating Income": -4,
        "EBIT": 18,
        "Net Income": -5
    },
    "2020-03-31": {
        "Diluted EPS": -0.74,
        "Total Revenue": 223,
        "Gross Profit": 127,
        "Operating Income": -31,
        "EBIT": 39,
        "Net Income": -41
    },
    "2019-12-31": {
        "Diluted EPS": 0.02,
        "Total Revenue": 222,
        "Gross Profit": 130,
        "Operating Income": 13,
        "EBIT": 36,
        "Net Income": 1
    },
    "2019-09-30": {
        "Diluted EPS": -0.01,
        "Total Revenue": 214,
        "Gross Profit": 121,
        "Operating Income": 7,
        "EBIT": 18,
        "Net Income": -1
    },
    "2019-06-30": {
        "Diluted EPS": 0.06,
        "Total Revenue": 202,
        "Gross Profit": 116,
        "Operating Income": 9,
        "EBIT": 21,
        "Net Income": 3
    },
    "2019-03-31": {
        "Diluted EPS": 0.06,
        "Total Revenue": 215,
        "Gross Profit": 128,
        "Operating Income": 17,
        "EBIT": 29,
        "Net Income": 3
    },
    "2018-12-31": {
        "Diluted EPS": -0.06,
        "Total Revenue": 216,
        "Gross Profit": 130,
        "Operating Income": 15,
        "EBIT": 27,
        "Net Income": -3
    },
    "2018-09-30": {
        "Diluted EPS": -0.03,
        "Total Revenue": 206,
        "Gross Profit": 124,
        "Operating Income": 17,
        "EBIT": 30,
        "Net Income": -2
    },
    "2018-06-30": {
        "Diluted EPS": 0.25,
        "Total Revenue": 200,
        "Gross Profit": 115,
        "Operating Income": 12,
        "EBIT": 23,
        "Net Income": 14
    },
    "2018-03-31": {
        "Diluted EPS": 0.21,
        "Total Revenue": 202,
        "Gross Profit": 120,
        "Operating Income": 18,
        "EBIT": 28,
        "Net Income": 12
    },
    "2017-12-31": {
        "Diluted EPS": 0.23,
        "Total Revenue": 205,
        "Gross Profit": 122,
        "Operating Income": 20,
        "EBIT": 29,
        "Net Income": 13
    },
    "2017-09-30": {
        "Diluted EPS": 0.23,
        "Total Revenue": 182,
        "Gross Profit": 108,
        "Operating Income": 12,
        "EBIT": 21,
        "Net Income": 11
    },
    "2017-06-30": {
        "Diluted EPS": 0.1,
        "Total Revenue": 184,
        "Gross Profit": 106,
        "Operating Income": 11,
        "EBIT": 20,
        "Net Income": 5
    },
    "2017-03-31": {
        "Diluted EPS": 0.15,
        "Total Revenue": 190,
        "Gross Profit": 110,
        "Operating Income": 16,
        "EBIT": 25,
        "Net Income": 8
    },
    "2016-12-31": {
        "Diluted EPS": 0.13,
        "Total Revenue": 193,
        "Gross Profit": 112,
        "Operating Income": 14,
        "EBIT": 23,
        "Net Income": 7
    },
    "2016-09-30": {
        "Diluted EPS": 0.04,
        "Total Revenue": 185,
        "Gross Profit": 107,
        "Operating Income": 2,
        "EBIT": 2,
        "Net Income": 3
    },
    "2016-06-30": {
        "Diluted EPS": -0.11,
        "Total Revenue": 170,
        "Gross Profit": 100,
        "Operating Income": 7,
        "EBIT": 19,
        "Net Income": -6
    },
    "2016-03-31": {
        "Diluted EPS": -1.29,
        "Total Revenue": 188,
        "Gross Profit": 108,
        "Operating Income": 13,
        "EBIT": 100,
        "Net Income": -71
    },
    "2015-12-31": {
        "Diluted EPS": -0.13,
        "Total Revenue": 188,
        "Gross Profit": 113,
        "Operating Income": 7,
        "EBIT": 23,
        "Net Income": -7
    },
    "2015-09-30": {
        "Diluted EPS": -1.72,
        "Total Revenue": 137,
        "Gross Profit": 65,
        "Operating Income": -42,
        "EBIT": 9,
        "Net Income": -92
    },
    "2015-06-30": {
        "Diluted EPS": -0.17,
        "Total Revenue": 165,
        "Gross Profit": 95,
        "Operating Income": -2,
        "EBIT": 10,
        "Net Income": -10
    },
    "2015-03-31": {
        "Diluted EPS": 0.03,
        "Total Revenue": 205,
        "Gross Profit": 118,
        "Operating Income": 12,
        "EBIT": 28,
        "Net Income": 1
    },
    "2014-12-31": {
        "Diluted EPS": 0.22,
        "Total Revenue": 213,
        "Gross Profit": 126,
        "Operating Income": 16,
        "EBIT": 32,
        "Net Income": 12
    },
    "2014-09-30": {
        "Diluted EPS": -1.77,
        "Total Revenue": 24,
        "Gross Profit": -61,
        "Operating Income": -39,
        "EBIT": 64,
        "Net Income": -97
    },
    "2014-06-30": {
        "Diluted EPS": 0.07,
        "Total Revenue": 223,
        "Gross Profit": 152,
        "Operating Income": 9,
        "EBIT": 25,
        "Net Income": 4
    },
    "2014-03-31": {
        "Diluted EPS": 0.11,
        "Total Revenue": 245,
        "Gross Profit": 161,
        "Operating Income": 20,
        "EBIT": 34,
        "Net Income": 6
    },
    "2013-12-31": {
        "Diluted EPS": 0.34,
        "Total Revenue": 254,
        "Gross Profit": 170,
        "Operating Income": 28,
        "EBIT": 40,
        "Net Income": 19
    },
    "2013-09-30": {
        "Diluted EPS": -0.7,
        "Total Revenue": 34,
        "Gross Profit": -22,
        "Operating Income": -48,
        "EBIT": -31,
        "Net Income": -37
    },
    "2013-06-30": {
        "Diluted EPS": -0.11,
        "Total Revenue": 235,
        "Gross Profit": 164,
        "Operating Income": 25,
        "EBIT": 35,
        "Net Income": -6
    },
    "2013-03-31": {
        "Diluted EPS": 0.63,
        "Total Revenue": 268,
        "Gross Profit": 180,
        "Operating Income": 53,
        "EBIT": 62,
        "Net Income": 34
    },
    "2012-12-31": {
        "Diluted EPS": 0.59,
        "Total Revenue": 273,
        "Gross Profit": 173,
        "Operating Income": 49,
        "EBIT": 56,
        "Net Income": 31
    },
    "2012-09-30": {
        "Diluted EPS": 0.6,
        "Total Revenue": 231,
        "Gross Profit": 153,
        "Operating Income": 45,
        "EBIT": 38,
        "Net Income": 32
    },
    "2012-06-30": {
        "Diluted EPS": 0.56,
        "Total Revenue": 225,
        "Gross Profit": 154,
        "Operating Income": 41,
        "EBIT": 48,
        "Net Income": 29
    },
    "2012-03-31": {
        "Diluted EPS": 0.73,
        "Total Revenue": 256,
        "Gross Profit": 168,
        "Operating Income": 56,
        "EBIT": 63,
        "Net Income": 37
    },
    "2011-12-31": {
        "Diluted EPS": 0.78,
        "Total Revenue": 249,
        "Gross Profit": 165,
        "Operating Income": 55,
        "EBIT": 60,
        "Net Income": 39
    },
    "2011-09-30": {
        "Diluted EPS": 0.72,
        "Total Revenue": 218,
        "Gross Profit": 147,
        "Operating Income": 54,
        "EBIT": 59,
        "Net Income": 36
    },
    "2011-06-30": {
        "Diluted EPS": 0.53,
        "Total Revenue": 203,
        "Gross Profit": 134,
        "Operating Income": 37,
        "EBIT": 42,
        "Net Income": 27
    },
    "2011-03-31": {
        "Diluted EPS": 0.63,
        "Total Revenue": 213,
        "Gross Profit": 137,
        "Operating Income": 45,
        "EBIT": 49,
        "Net Income": 32
    },
    "2010-12-31": {
        "Diluted EPS": 0.55,
        "Total Revenue": 219,
        "Gross Profit": 145,
        "Operating Income": 39,
        "EBIT": 44,
        "Net Income": 27
    },
    "2010-09-30": {
        "Diluted EPS": 0.56,
        "Total Revenue": 198,
        "Gross Profit": 132,
        "Operating Income": 40,
        "EBIT": 44,
        "Net Income": 28
    },
    "2010-06-30": {
        "Diluted EPS": 0.4,
        "Total Revenue": 174,
        "Gross Profit": 114,
        "Operating Income": 29,
        "EBIT": 33,
        "Net Income": 20
    },
    "2010-03-31": {
        "Diluted EPS": 0.48,
        "Total Revenue": 177,
        "Gross Profit": 114,
        "Operating Income": 34,
        "EBIT": 38,
        "Net Income": 24
    },
    "2009-12-31": {
        "Diluted EPS": 0.52,
        "Total Revenue": 185,
        "Gross Profit": 122,
        "Operating Income": 39,
        "EBIT": 42,
        "Net Income": 26
    },
    "2009-09-30": {
        "Diluted EPS": 0.43,
        "Total Revenue": 165,
        "Gross Profit": 109,
        "Operating Income": 31,
        "EBIT": 35,
        "Net Income": 21
    },
    "2009-06-30": {
        "Diluted EPS": 0.29,
        "Total Revenue": 148,
        "Gross Profit": 97,
        "Operating Income": 21,
        "EBIT": 25,
        "Net Income": 14
    },
    "2009-03-31": {
        "Diluted EPS": 0.37,
        "Total Revenue": 156,
        "Gross Profit": 100,
        "Operating Income": 27,
        "EBIT": 30,
        "Net Income": 18
    },
    "2023-09-30": {
        "Tax Effect Of Unusual Items": -989718.552381,
        "Tax Rate For Calcs": 0.218819,
        "Normalized EBITDA": 86201000.0,
        "Total Unusual Items": -4523000.0,
        "Total Unusual Items Excluding Goodwill": -4523000.0,
        "Net Income From Continuing Operation Net Minority Interest": 10253000.0,
        "Reconciled Depreciation": 65091000.0,
        "Reconciled Cost Of Revenue": 54168000.0,
        "EBITDA": 81678000.0,
        "EBIT": 16587000.0,
        "Net Interest Income": -1138000.0,
        "Interest Expense": 3462000.0,
        "Interest Income": 2324000.0,
        "Normalized Income": 13786281.447619,
        "Net Income From Continuing And Discontinued Operation": 10253000.0,
        "Total Expenses": 254494000.0,
        "Total Operating Income As Reported": 16559000.0,
        "Diluted Average Shares": NaN,
        "Basic Average Shares": NaN,
        "Diluted EPS": NaN,
        "Basic EPS": NaN,
        "Diluted NI Availto Com Stockholders": 14580000.0,
        "Average Dilution Earnings": NaN,
        "Net Income Common Stockholders": 10253000.0,
        "Net Income": 10253000.0,
        "Net Income Including Noncontrolling Interests": 10253000.0,
        "Net Income Continuous Operations": 10253000.0,
        "Tax Provision": 2872000.0,
        "Pretax Income": 13125000.0,
        "Other Income Expense": -1722000.0,
        "Other Non Operating Income Expenses": 1866000.0,
        "Special Income Charges": -4523000.0,
        "Gain On Sale Of Ppe": -180000.0,
        "Earnings From Equity Interest": 935000.0,
        "Net Non Operating Interest Income Expense": -1138000.0,
        "Interest Expense Non Operating": 3462000.0,
        "Interest Income Non Operating": 2324000.0,
        "Operating Income": 15985000.0,
        "Operating Expense": 143389000.0,
        "Other Operating Expenses": 116667000.0,
        "Depreciation Amortization Depletion Income Statement": 8154000.0,
        "Depreciation And Amortization In Income Statement": 8154000.0,
        "Selling General And Administration": 18568000.0,
        "General And Administrative Expense": 18568000.0,
        "Other Gand A": 18568000.0,
        "Gross Profit": 159374000.0,
        "Cost Of Revenue": 111105000.0,
        "Total Revenue": 270479000.0,
        "Operating Revenue": 270390000.0
    },
    "2023-12-31": {
        "Tax Effect Of Unusual Items": 42127.569288,
        "Tax Rate For Calcs": 0.244928,
        "Normalized EBITDA": 49538000.0,
        "Total Unusual Items": 172000.0,
        "Total Unusual Items Excluding Goodwill": 172000.0,
        "Net Income From Continuing Operation Net Minority Interest": 28470000.0,
        "Reconciled Depreciation": 8565000.0,
        "Reconciled Cost Of Revenue": 127418000.0,
        "EBITDA": 49710000.0,
        "EBIT": 41145000.0,
        "Net Interest Income": -801000.0,
        "Interest Expense": 3440000.0,
        "Interest Income": 2639000.0,
        "Normalized Income": 28340127.569288,
        "Net Income From Continuing And Discontinued Operation": 28470000.0,
        "Total Expenses": 263081000.0,
        "Total Operating Income As Reported": 37082000.0,
        "Diluted Average Shares": 86812000.0,
        "Basic Average Shares": 55076000.0,
        "Diluted EPS": 0.36,
        "Basic EPS": 0.52,
        "Diluted NI Availto Com Stockholders": 31129000.0,
        "Average Dilution Earnings": 2659000.0,
        "Net Income Common Stockholders": 28470000.0,
        "Net Income": 28470000.0,
        "Net Income Including Noncontrolling Interests": 28470000.0,
        "Net Income Continuous Operations": 28470000.0,
        "Tax Provision": 9235000.0,
        "Pretax Income": 37705000.0,
        "Other Income Expense": 1596000.0,
        "Other Non Operating Income Expenses": 271000.0,
        "Special Income Charges": 172000.0,
        "Gain On Sale Of Ppe": 172000.0,
        "Earnings From Equity Interest": 1153000.0,
        "Net Non Operating Interest Income Expense": -801000.0,
        "Interest Expense Non Operating": 3440000.0,
        "Interest Income Non Operating": 2639000.0,
        "Operating Income": 36910000.0,
        "Operating Expense": 135663000.0,
        "Other Operating Expenses": 110555000.0,
        "Depreciation Amortization Depletion Income Statement": 8565000.0,
        "Depreciation And Amortization In Income Statement": 8565000.0,
        "Selling General And Administration": 16543000.0,
        "General And Administrative Expense": 16543000.0,
        "Other Gand A": 16543000.0,
        "Gross Profit": 172573000.0,
        "Cost Of Revenue": 127418000.0,
        "Total Revenue": 299991000.0,
        "Operating Revenue": 299934000.0
    },
    "2024-03-31": {
        "Tax Effect Of Unusual Items": -750.968553,
        "Tax Rate For Calcs": 0.250323,
        "Normalized EBITDA": 40275000.0,
        "Total Unusual Items": -3000.0,
        "Total Unusual Items Excluding Goodwill": -3000.0,
        "Net Income From Continuing Operation Net Minority Interest": 21479000.0,
        "Reconciled Depreciation": 8219000.0,
        "Reconciled Cost Of Revenue": 118047000.0,
        "EBITDA": 40272000.0,
        "EBIT": 32053000.0,
        "Net Interest Income": -520000.0,
        "Interest Expense": 3402000.0,
        "Interest Income": 2882000.0,
        "Normalized Income": 21481249.031447,
        "Net Income From Continuing And Discontinued Operation": 21479000.0,
        "Total Expenses": 258349000.0,
        "Total Operating Income As Reported": 27287000.0,
        "Diluted Average Shares": 83045000.0,
        "Basic Average Shares": 55093000.0,
        "Diluted EPS": 0.29,
        "Basic EPS": 0.39,
        "Diluted NI Availto Com Stockholders": 23894000.0,
        "Average Dilution Earnings": 2415000.0,
        "Net Income Common Stockholders": 21479000.0,
        "Net Income": 21479000.0,
        "Net Income Including Noncontrolling Interests": 21479000.0,
        "Net Income Continuous Operations": 21479000.0,
        "Tax Provision": 7172000.0,
        "Pretax Income": 28651000.0,
        "Other Income Expense": 1881000.0,
        "Other Non Operating Income Expenses": 165000.0,
        "Special Income Charges": -3000.0,
        "Gain On Sale Of Ppe": -3000.0,
        "Earnings From Equity Interest": 1719000.0,
        "Net Non Operating Interest Income Expense": -520000.0,
        "Interest Expense Non Operating": 3402000.0,
        "Interest Income Non Operating": 2882000.0,
        "Operating Income": 27290000.0,
        "Operating Expense": 140302000.0,
        "Other Operating Expenses": 113817000.0,
        "Depreciation Amortization Depletion Income Statement": 8219000.0,
        "Depreciation And Amortization In Income Statement": 8219000.0,
        "Selling General And Administration": 18266000.0,
        "General And Administrative Expense": 18266000.0,
        "Other Gand A": 18266000.0,
        "Gross Profit": 167592000.0,
        "Cost Of Revenue": 118047000.0,
        "Total Revenue": 285639000.0,
        "Operating Revenue": 285564000.0
    },
    "2024-06-30": {
        "Tax Effect Of Unusual Items": -4391.304348,
        "Tax Rate For Calcs": 0.219565,
        "Normalized EBITDA": 34717000.0,
        "Total Unusual Items": -20000.0,
        "Total Unusual Items Excluding Goodwill": -20000.0,
        "Net Income From Continuing Operation Net Minority Interest": 17950000.0,
        "Reconciled Depreciation": 8158000.0,
        "Reconciled Cost Of Revenue": 114694000.0,
        "EBITDA": 34697000.0,
        "EBIT": 26539000.0,
        "Net Interest Income": -608000.0,
        "Interest Expense": 3539000.0,
        "Interest Income": 2931000.0,
        "Normalized Income": 17965608.695652,
        "Net Income From Continuing And Discontinued Operation": 17950000.0,
        "Total Expenses": 259247000.0,
        "Total Operating Income As Reported": 22154000.0,
        "Diluted Average Shares": 83008000.0,
        "Basic Average Shares": 54898000.0,
        "Diluted EPS": 0.25,
        "Basic EPS": 0.33,
        "Diluted NI Availto Com Stockholders": 20377000.0,
        "Average Dilution Earnings": 2427000.0,
        "Net Income Common Stockholders": 17950000.0,
        "Net Income": 17950000.0,
        "Net Income Including Noncontrolling Interests": 17950000.0,
        "Net Income Continuous Operations": 17950000.0,
        "Tax Provision": 5050000.0,
        "Pretax Income": 23000000.0,
        "Other Income Expense": 1434000.0,
        "Other Non Operating Income Expenses": 191000.0,
        "Special Income Charges": -20000.0,
        "Gain On Sale Of Ppe": -20000.0,
        "Earnings From Equity Interest": 1263000.0,
        "Net Non Operating Interest Income Expense": -608000.0,
        "Interest Expense Non Operating": 3539000.0,
        "Interest Income Non Operating": 2931000.0,
        "Operating Income": 22174000.0,
        "Operating Expense": 144553000.0,
        "Other Operating Expenses": 116335000.0,
        "Depreciation Amortization Depletion Income Statement": 8158000.0,
        "Depreciation And Amortization In Income Statement": 8158000.0,
        "Selling General And Administration": 20060000.0,
        "General And Administrative Expense": 20060000.0,
        "Other Gand A": 20060000.0,
        "Gross Profit": 166727000.0,
        "Cost Of Revenue": 114694000.0,
        "Total Revenue": 281421000.0,
        "Operating Revenue": 281365000.0
    }
}