{
    "2023-03-31": {
        "Tax Effect Of Unusual Items": 0.0,
        "Tax Rate For Calcs": 0.261,
        "Normalized EBITDA": 43153000.0,
        "Total Unusual Items": NaN,
        "Total Unusual Items Excluding Goodwill": NaN,
        "Net Income From Continuing Operation Net Minority Interest": 1925000.0,
        "Reconciled Depreciation": 31866000.0,
        "Reconciled Cost Of Revenue": 91061000.0,
        "EBITDA": 43153000.0,
        "EBIT": 11287000.0,
        "Net Interest Income": -8681000.0,
        "Interest Expense": 8681000.0,
        "Normalized Income": 1925000.0,
        "Net Income From Continuing And Discontinued Operation": 1925000.0,
        "Total Expenses": 164233000.0,
        "Total Operating Income As Reported": 11287000.0,
        "Diluted Average Shares": 147031866.0,
        "Basic Average Shares": 145862562.0,
        "Diluted EPS": 0.01,
        "Basic EPS": 0.01,
        "Diluted NI Availto Com Stockholders": 1925000.0,
        "Net Income Common Stockholders": 1925000.0,
        "Net Income": 1925000.0,
        "Net Income Including Noncontrolling Interests": 1925000.0,
        "Net Income Continuous Operations": 1925000.0,
        "Tax Provision": 681000.0,
        "Pretax Income": 2606000.0,
        "Special Income Charges": NaN,
        "Net Non Operating Interest Income Expense": -8681000.0,
        "Interest Expense Non Operating": 8681000.0,
        "Operating Income": 11287000.0,
        "Operating Expense": 73172000.0,
        "Depreciation Amortization Depletion Income Statement": 31866000.0,
        "Depreciation And Amortization In Income Statement": 31866000.0,
        "Research And Development": 12624000.0,
        "Selling General And Administration": 28682000.0,
        "General And Administrative Expense": NaN,
        "Other Gand A": NaN,
        "Salaries And Wages": NaN,
        "Gross Profit": 84459000.0,
        "Cost Of Revenue": 91061000.0,
        "Total Revenue": 175520000.0,
        "Operating Revenue": 175520000.0
    },
    "2022-12-31": {
        "Tax Effect Of Unusual Items": NaN,
        "Tax Rate For Calcs": NaN,
        "Normalized EBITDA": NaN,
        "Total Unusual Items": 0.0,
        "Total Unusual Items Excluding Goodwill": 0.0,
        "Net Income From Continuing Operation Net Minority Interest": NaN,
        "Reconciled Depreciation": NaN,
        "Reconciled Cost Of Revenue": NaN,
        "EBITDA": NaN,
        "EBIT": NaN,
        "Net Interest Income": NaN,
        "Interest Expense": NaN,
        "Normalized Income": NaN,
        "Net Income From Continuing And Discontinued Operation": NaN,
        "Total Expenses": NaN,
        "Total Operating Income As Reported": NaN,
        "Diluted Average Shares": NaN,
        "Basic Average Shares": NaN,
        "Diluted EPS": NaN,
        "Basic EPS": NaN,
        "Diluted NI Availto Com Stockholders": NaN,
        "Net Income Common Stockholders": NaN,
        "Net Income": NaN,
        "Net Income Including Noncontrolling Interests": NaN,
        "Net Income Continuous Operations": NaN,
        "Tax Provision": NaN,
        "Pretax Income": NaN,
        "Special Income Charges": 0.0,
        "Net Non Operating Interest Income Expense": NaN,
        "Interest Expense Non Operating": NaN,
        "Operating Income": NaN,
        "Operating Expense": NaN,
        "Depreciation Amortization Depletion Income Statement": NaN,
        "Depreciation And Amortization In Income Statement": NaN,
        "Research And Development": NaN,
        "Selling General And Administration": NaN,
        "General And Administrative Expense": NaN,
        "Other Gand A": NaN,
        "Salaries And Wages": NaN,
        "Gross Profit": NaN,
        "Cost Of Revenue": NaN,
        "Total Revenue": NaN,
        "Operating Revenue": NaN
    },
    "2022-09-30": {
        "Tax Effect Of Unusual Items": NaN,
        "Tax Rate For Calcs": NaN,
        "Normalized EBITDA": NaN,
        "Total Unusual Items": 0.0,
        "Total Unusual Items Excluding Goodwill": 0.0,
        "Net Income From Continuing Operation Net Minority Interest": NaN,
        "Reconciled Depreciation": NaN,
        "Reconciled Cost Of Revenue": NaN,
        "EBITDA": NaN,
        "EBIT": NaN,
        "Net Interest Income": NaN,
        "Interest Expense": NaN,
        "Normalized Income": NaN,
        "Net Income From Continuing And Discontinued Operation": NaN,
        "Total Expenses": NaN,
        "Total Operating Income As Reported": NaN,
        "Diluted Average Shares": NaN,
        "Basic Average Shares": NaN,
        "Diluted EPS": NaN,
        "Basic EPS": NaN,
        "Diluted NI Availto Com Stockholders": NaN,
        "Net Income Common Stockholders": NaN,
        "Net Income": NaN,
        "Net Income Including Noncontrolling Interests": NaN,
        "Net Income Continuous Operations": NaN,
        "Tax Provision": NaN,
        "Pretax Income": NaN,
        "Special Income Charges": 0.0,
        "Net Non Operating Interest Income Expense": NaN,
        "Interest Expense Non Operating": NaN,
        "Operating Income": NaN,
        "Operating Expense": NaN,
        "Depreciation Amortization Depletion Income Statement": NaN,
        "Depreciation And Amortization In Income Statement": NaN,
        "Research And Development": NaN,
        "Selling General And Administration": NaN,
        "General And Administrative Expense": NaN,
        "Other Gand A": NaN,
        "Salaries And Wages": NaN,
        "Gross Profit": NaN,
        "Cost Of Revenue": NaN,
        "Total Revenue": NaN,
        "Operating Revenue": NaN
    },
    "2022-06-30": {
        "Tax Effect Of Unusual Items": 0.0,
        "Tax Rate For Calcs": 0.276,
        "Normalized EBITDA": 57187000.0,
        "Total Unusual Items": 0.0,
        "Total Unusual Items Excluding Goodwill": 0.0,
        "Net Income From Continuing Operation Net Minority Interest": 14236000.0,
        "Reconciled Depreciation": 34407000.0,
        "Reconciled Cost Of Revenue": 100292000.0,
        "EBITDA": 57187000.0,
        "EBIT": 22780000.0,
        "Net Interest Income": -3112000.0,
        "Interest Expense": 3112000.0,
        "Interest Income": NaN,
        "Normalized Income": 14236000.0,
        "Net Income From Continuing And Discontinued Operation": 14236000.0,
        "Total Expenses": 178781000.0,
        "Total Operating Income As Reported": 22780000.0,
        "Diluted Average Shares": 152360350.0,
        "Basic Average Shares": 150748211.0,
        "Diluted EPS": 0.09,
        "Basic EPS": 0.09,
        "Diluted NI Availto Com Stockholders": 14236000.0,
        "Net Income Common Stockholders": 14236000.0,
        "Net Income": 14236000.0,
        "Net Income Including Noncontrolling Interests": 14236000.0,
        "Net Income Continuous Operations": 14236000.0,
        "Tax Provision": 5432000.0,
        "Pretax Income": 19668000.0,
        "Special Income Charges": 0.0,
        "Net Non Operating Interest Income Expense": -3112000.0,
        "Interest Expense Non Operating": 3112000.0,
        "Interest Income Non Operating": NaN,
        "Operating Income": 22780000.0,
        "Operating Expense": 78489000.0,
        "Other Operating Expenses": NaN,
        "Depreciation Amortization Depletion Income Statement": 34407000.0,
        "Depreciation And Amortization In Income Statement": 34407000.0,
        "Research And Development": 12946000.0,
        "Selling General And Administration": 31136000.0,
        "General And Administrative Expense": NaN,
        "Other Gand A": NaN,
        "Salaries And Wages": NaN,
        "Gross Profit": 101269000.0,
        "Cost Of Revenue": 100292000.0,
        "Total Revenue": 201561000.0,
        "Operating Revenue": 201561000.0
    },
    "2023-06-30": {
        "Tax Effect Of Unusual Items": NaN,
        "Tax Rate For Calcs": NaN,
        "Normalized EBITDA": NaN,
        "Net Income From Continuing Operation Net Minority Interest": NaN,
        "Reconciled Depreciation": NaN,
        "Reconciled Cost Of Revenue": NaN,
        "EBITDA": NaN,
        "EBIT": NaN,
        "Net Interest Income": NaN,
        "Interest Expense": NaN,
        "Normalized Income": NaN,
        "Net Income From Continuing And Discontinued Operation": NaN,
        "Total Expenses": NaN,
        "Total Operating Income As Reported": NaN,
        "Diluted Average Shares": NaN,
        "Basic Average Shares": NaN,
        "Diluted EPS": NaN,
        "Basic EPS": NaN,
        "Diluted NI Availto Com Stockholders": NaN,
        "Net Income Common Stockholders": NaN,
        "Net Income": NaN,
        "Net Income Including Noncontrolling Interests": NaN,
        "Net Income Continuous Operations": NaN,
        "Tax Provision": NaN,
        "Pretax Income": NaN,
        "Net Non Operating Interest Income Expense": NaN,
        "Interest Expense Non Operating": NaN,
        "Operating Income": NaN,
        "Operating Expense": NaN,
        "Depreciation Amortization Depletion Income Statement": NaN,
        "Depreciation And Amortization In Income Statement": NaN,
        "Research And Development": NaN,
        "Selling General And Administration": NaN,
        "General And Administrative Expense": 29982000.0,
        "Other Gand A": 27262000.0,
        "Salaries And Wages": 2720000.0,
        "Gross Profit": NaN,
        "Cost Of Revenue": NaN,
        "Total Revenue": NaN,
        "Operating Revenue": NaN
    },
    "2023-09-30": {
        "Tax Effect Of Unusual Items": 0.0,
        "Tax Rate For Calcs": 0.312,
        "Normalized EBITDA": 55630000.0,
        "Net Income From Continuing Operation Net Minority Interest": 10773000.0,
        "Reconciled Depreciation": 32419000.0,
        "Reconciled Cost Of Revenue": 101410000.0,
        "EBITDA": 55630000.0,
        "EBIT": 23211000.0,
        "Net Interest Income": -7557000.0,
        "Interest Expense": 7557000.0,
        "Normalized Income": 10773000.0,
        "Net Income From Continuing And Discontinued Operation": 10773000.0,
        "Total Expenses": 177153000.0,
        "Total Operating Income As Reported": 23211000.0,
        "Diluted Average Shares": 144733357.0,
        "Basic Average Shares": 143231707.0,
        "Diluted EPS": 0.07,
        "Basic EPS": 0.08,
        "Diluted NI Availto Com Stockholders": 10773000.0,
        "Net Income Common Stockholders": 10773000.0,
        "Net Income": 10773000.0,
        "Net Income Including Noncontrolling Interests": 10773000.0,
        "Net Income Continuous Operations": 10773000.0,
        "Tax Provision": 4881000.0,
        "Pretax Income": 15654000.0,
        "Net Non Operating Interest Income Expense": -7557000.0,
        "Interest Expense Non Operating": 7557000.0,
        "Operating Income": 23211000.0,
        "Operating Expense": 75743000.0,
        "Depreciation Amortization Depletion Income Statement": 32419000.0,
        "Depreciation And Amortization In Income Statement": 32419000.0,
        "Research And Development": 13107000.0,
        "Selling General And Administration": 30217000.0,
        "General And Administrative Expense": NaN,
        "Other Gand A": NaN,
        "Salaries And Wages": NaN,
        "Gross Profit": 98954000.0,
        "Cost Of Revenue": 101410000.0,
        "Total Revenue": 200364000.0,
        "Operating Revenue": 200364000.0
    },
    "2023-12-31": {
        "Tax Effect Of Unusual Items": 0.0,
        "Tax Rate For Calcs": 0.100389,
        "Normalized EBITDA": 62513000.0,
        "Net Income From Continuing Operation Net Minority Interest": 14813000.0,
        "Reconciled Depreciation": 33132000.0,
        "Reconciled Cost Of Revenue": 101309000.0,
        "EBITDA": 62513000.0,
        "EBIT": 29381000.0,
        "Net Interest Income": -12915000.0,
        "Interest Expense": 12915000.0,
        "Normalized Income": 14813000.0,
        "Net Income From Continuing And Discontinued Operation": 14813000.0,
        "Total Expenses": 173181000.0,
        "Total Operating Income As Reported": 29381000.0,
        "Diluted Average Shares": 144969753.0,
        "Basic Average Shares": 143167422.0,
        "Diluted EPS": 0.1,
        "Basic EPS": 0.1,
        "Diluted NI Availto Com Stockholders": 14813000.0,
        "Net Income Common Stockholders": 14813000.0,
        "Net Income": 14813000.0,
        "Net Income Including Noncontrolling Interests": 14813000.0,
        "Net Income Continuous Operations": 14813000.0,
        "Tax Provision": 1653000.0,
        "Pretax Income": 16466000.0,
        "Net Non Operating Interest Income Expense": -12915000.0,
        "Interest Expense Non Operating": 12915000.0,
        "Operating Income": 29381000.0,
        "Operating Expense": 71872000.0,
        "Depreciation Amortization Depletion Income Statement": 33132000.0,
        "Depreciation And Amortization In Income Statement": 33132000.0,
        "Research And Development": 10889000.0,
        "Selling General And Administration": 27851000.0,
        "General And Administrative Expense": NaN,
        "Other Gand A": NaN,
        "Salaries And Wages": NaN,
        "Gross Profit": 101253000.0,
        "Cost Of Revenue": 101309000.0,
        "Total Revenue": 202562000.0,
        "Operating Revenue": 202562000.0
    },
    "2024-03-31": {
        "Tax Effect Of Unusual Items": 0.0,
        "Tax Rate For Calcs": 0.323,
        "Normalized EBITDA": 29096000.0,
        "Net Income From Continuing Operation Net Minority Interest": -2908000.0,
        "Reconciled Depreciation": 29822000.0,
        "Reconciled Cost Of Revenue": 87192000.0,
        "EBITDA": 29096000.0,
        "EBIT": -726000.0,
        "Net Interest Income": -3570000.0,
        "Interest Expense": 3570000.0,
        "Normalized Income": -2908000.0,
        "Net Income From Continuing And Discontinued Operation": -2908000.0,
        "Total Expenses": 170142000.0,
        "Total Operating Income As Reported": -726000.0,
        "Diluted Average Shares": 143591713.0,
        "Basic Average Shares": 143591713.0,
        "Diluted EPS": -0.02,
        "Basic EPS": -0.02,
        "Diluted NI Availto Com Stockholders": -2908000.0,
        "Net Income Common Stockholders": -2908000.0,
        "Net Income": -2908000.0,
        "Net Income Including Noncontrolling Interests": -2908000.0,
        "Net Income Continuous Operations": -2908000.0,
        "Tax Provision": -1388000.0,
        "Pretax Income": -4296000.0,
        "Net Non Operating Interest Income Expense": -3570000.0,
        "Interest Expense Non Operating": 3570000.0,
        "Operating Income": -726000.0,
        "Operating Expense": 82950000.0,
        "Depreciation Amortization Depletion Income Statement": 29822000.0,
        "Depreciation And Amortization In Income Statement": 29822000.0,
        "Research And Development": 12466000.0,
        "Selling General And Administration": 40662000.0,
        "General And Administrative Expense": NaN,
        "Other Gand A": NaN,
        "Salaries And Wages": NaN,
        "Gross Profit": 82224000.0,
        "Cost Of Revenue": 87192000.0,
        "Total Revenue": 169416000.0,
        "Operating Revenue": 169416000.0
    },
    "2024-06-30": {
        "Tax Effect Of Unusual Items": 0.0,
        "Tax Rate For Calcs": 0.27,
        "Normalized EBITDA": 39881000.0,
        "Net Income From Continuing Operation Net Minority Interest": 1861000.0,
        "Reconciled Depreciation": 29978000.0,
        "Reconciled Cost Of Revenue": 92348000.0,
        "EBITDA": 39881000.0,
        "EBIT": 9903000.0,
        "Net Interest Income": -7353000.0,
        "Interest Expense": 7353000.0,
        "Normalized Income": 1861000.0,
        "Net Income From Continuing And Discontinued Operation": 1861000.0,
        "Total Expenses": 174643000.0,
        "Total Operating Income As Reported": 9903000.0,
        "Diluted Average Shares": 145856112.0,
        "Basic Average Shares": 143863667.0,
        "Diluted EPS": 0.01,
        "Basic EPS": 0.01,
        "Diluted NI Availto Com Stockholders": 1861000.0,
        "Net Income Common Stockholders": 1861000.0,
        "Net Income": 1861000.0,
        "Net Income Including Noncontrolling Interests": 1861000.0,
        "Net Income Continuous Operations": 1861000.0,
        "Tax Provision": 689000.0,
        "Pretax Income": 2550000.0,
        "Net Non Operating Interest Income Expense": -7353000.0,
        "Interest Expense Non Operating": 7353000.0,
        "Operating Income": 9903000.0,
        "Operating Expense": 82295000.0,
        "Depreciation Amortization Depletion Income Statement": 29978000.0,
        "Depreciation And Amortization In Income Statement": 29978000.0,
        "Research And Development": 13677000.0,
        "Selling General And Administration": 38640000.0,
        "General And Administrative Expense": NaN,
        "Other Gand A": NaN,
        "Salaries And Wages": NaN,
        "Gross Profit": 92198000.0,
        "Cost Of Revenue": 92348000.0,
        "Total Revenue": 184546000.0,
        "Operating Revenue": 184546000.0
    },
    "2024-09-30": {
        "Tax Effect Of Unusual Items": 0.0,
        "Tax Rate For Calcs": 0.21,
        "Normalized EBITDA": 39281000.0,
        "Net Income From Continuing Operation Net Minority Interest": -8860000.0,
        "Reconciled Depreciation": 30168000.0,
        "Reconciled Cost Of Revenue": 100879000.0,
        "EBITDA": 39281000.0,
        "EBIT": 9113000.0,
        "Net Interest Income": -17191000.0,
        "Interest Expense": 17191000.0,
        "Normalized Income": -8860000.0,
        "Net Income From Continuing And Discontinued Operation": -8860000.0,
        "Total Expenses": 190006000.0,
        "Total Operating Income As Reported": 9113000.0,
        "Diluted Average Shares": 144096312.0,
        "Basic Average Shares": 144096312.0,
        "Diluted EPS": -0.06,
        "Basic EPS": -0.06,
        "Diluted NI Availto Com Stockholders": -8860000.0,
        "Net Income Common Stockholders": -8860000.0,
        "Net Income": -8860000.0,
        "Net Income Including Noncontrolling Interests": -8860000.0,
        "Net Income Continuous Operations": -8860000.0,
        "Tax Provision": 782000.0,
        "Pretax Income": -8078000.0,
        "Net Non Operating Interest Income Expense": -17191000.0,
        "Interest Expense Non Operating": 17191000.0,
        "Operating Income": 9113000.0,
        "Operating Expense": 89127000.0,
        "Depreciation Amortization Depletion Income Statement": 30168000.0,
        "Depreciation And Amortization In Income Statement": 30168000.0,
        "Research And Development": 12909000.0,
        "Selling General And Administration": 46050000.0,
        "General And Administrative Expense": NaN,
        "Other Gand A": NaN,
        "Salaries And Wages": NaN,
        "Gross Profit": 98240000.0,
        "Cost Of Revenue": 100879000.0,
        "Total Revenue": 199119000.0,
        "Operating Revenue": 199119000.0
    }
}