{
    "2023-03-31": {
        "Tax Effect Of Unusual Items": 2273760.0,
        "Tax Rate For Calcs": 0.18,
        "Normalized EBITDA": 47723000.0,
        "Total Unusual Items": 12632000.0,
        "Total Unusual Items Excluding Goodwill": 12632000.0,
        "Net Income From Continuing Operation Net Minority Interest": 60452000.0,
        "Reconciled Cost Of Revenue": 553120000.0,
        "EBITDA": 60355000.0,
        "EBIT": 60355000.0,
        "Net Interest Income": 3368000.0,
        "Interest Expense": NaN,
        "Interest Income": 5327000.0,
        "Normalized Income": 50093760.0,
        "Net Income From Continuing And Discontinued Operation": 60452000.0,
        "Total Expenses": 767382000.0,
        "Total Operating Income As Reported": 60355000.0,
        "Diluted Average Shares": 53720019.0,
        "Basic Average Shares": 53699076.0,
        "Diluted EPS": 1.2,
        "Basic EPS": 1.2,
        "Diluted NI Availto Com Stockholders": 60452000.0,
        "Net Income Common Stockholders": 60452000.0,
        "Net Income": 60452000.0,
        "Minority Interests": -27000.0,
        "Net Income Including Noncontrolling Interests": 60479000.0,
        "Net Income Discontinuous Operations": NaN,
        "Net Income Continuous Operations": 60479000.0,
        "Earnings From Equity Interest Net Of Tax": -331000.0,
        "Tax Provision": 18087000.0,
        "Pretax Income": 78897000.0,
        "Other Income Expense": 15174000.0,
        "Other Non Operating Income Expenses": 2542000.0,
        "Gain On Sale Of Security": 12632000.0,
        "Net Non Operating Interest Income Expense": 3368000.0,
        "Total Other Finance Cost": 1959000.0,
        "Interest Expense Non Operating": NaN,
        "Interest Income Non Operating": 5327000.0,
        "Operating Income": 60355000.0,
        "Operating Expense": 214262000.0,
        "Selling General And Administration": 214262000.0,
        "Selling And Marketing Expense": 66521000.0,
        "General And Administrative Expense": 147741000.0,
        "Other Gand A": 147741000.0,
        "Gross Profit": 274617000.0,
        "Cost Of Revenue": 553120000.0,
        "Total Revenue": 827737000.0,
        "Operating Revenue": 827737000.0
    },
    "2022-12-31": {
        "Tax Effect Of Unusual Items": 1910770.0,
        "Tax Rate For Calcs": 0.218,
        "Normalized EBITDA": 76128000.0,
        "Total Unusual Items": 8765000.0,
        "Total Unusual Items Excluding Goodwill": 8765000.0,
        "Net Income From Continuing Operation Net Minority Interest": 70616000.0,
        "Reconciled Cost Of Revenue": 494409000.0,
        "EBITDA": 84893000.0,
        "EBIT": 84893000.0,
        "Net Interest Income": 3899000.0,
        "Interest Expense": NaN,
        "Interest Income": 3899000.0,
        "Normalized Income": 63761770.0,
        "Net Income From Continuing And Discontinued Operation": 70616000.0,
        "Total Expenses": 682472000.0,
        "Total Operating Income As Reported": 84893000.0,
        "Diluted Average Shares": 53752189.0,
        "Basic Average Shares": 53710220.0,
        "Diluted EPS": 1.4,
        "Basic EPS": 1.4,
        "Diluted NI Availto Com Stockholders": 70616000.0,
        "Net Income Common Stockholders": 70616000.0,
        "Net Income": 70616000.0,
        "Minority Interests": 5108000.0,
        "Net Income Including Noncontrolling Interests": 65508000.0,
        "Net Income Discontinuous Operations": NaN,
        "Net Income Continuous Operations": 65508000.0,
        "Earnings From Equity Interest Net Of Tax": -841000.0,
        "Tax Provision": 18465000.0,
        "Pretax Income": 84814000.0,
        "Other Income Expense": -3978000.0,
        "Other Non Operating Income Expenses": -12743000.0,
        "Gain On Sale Of Security": 8765000.0,
        "Net Non Operating Interest Income Expense": 3899000.0,
        "Total Other Finance Cost": NaN,
        "Interest Expense Non Operating": NaN,
        "Interest Income Non Operating": 3899000.0,
        "Operating Income": 84893000.0,
        "Operating Expense": 188063000.0,
        "Selling General And Administration": 188063000.0,
        "Selling And Marketing Expense": 61754000.0,
        "General And Administrative Expense": 126309000.0,
        "Other Gand A": 126309000.0,
        "Gross Profit": 272956000.0,
        "Cost Of Revenue": 494409000.0,
        "Total Revenue": 767365000.0,
        "Operating Revenue": 767365000.0
    },
    "2022-09-30": {
        "Tax Effect Of Unusual Items": 559555.031261,
        "Tax Rate For Calcs": 0.202005,
        "Normalized EBITDA": 29395000.0,
        "Total Unusual Items": 2770000.0,
        "Total Unusual Items Excluding Goodwill": 2770000.0,
        "Net Income From Continuing Operation Net Minority Interest": 35371000.0,
        "Reconciled Cost Of Revenue": 393417000.0,
        "EBITDA": 32165000.0,
        "EBIT": 32165000.0,
        "Net Interest Income": 7938000.0,
        "Interest Expense": NaN,
        "Interest Income": 7938000.0,
        "Normalized Income": 33160555.031261,
        "Net Income From Continuing And Discontinued Operation": 35371000.0,
        "Total Expenses": 592581000.0,
        "Total Operating Income As Reported": 32165000.0,
        "Diluted Average Shares": 53725018.0,
        "Basic Average Shares": 53714589.0,
        "Diluted EPS": 0.6,
        "Basic EPS": 0.6,
        "Diluted NI Availto Com Stockholders": 35371000.0,
        "Net Income Common Stockholders": 35371000.0,
        "Net Income": 35371000.0,
        "Minority Interests": 2169000.0,
        "Net Income Including Noncontrolling Interests": 33202000.0,
        "Net Income Discontinuous Operations": NaN,
        "Net Income Continuous Operations": 33202000.0,
        "Earnings From Equity Interest Net Of Tax": -621000.0,
        "Tax Provision": 8562000.0,
        "Pretax Income": 42385000.0,
        "Other Income Expense": 2282000.0,
        "Other Non Operating Income Expenses": -488000.0,
        "Gain On Sale Of Security": 2770000.0,
        "Net Non Operating Interest Income Expense": 7938000.0,
        "Total Other Finance Cost": NaN,
        "Interest Expense Non Operating": NaN,
        "Interest Income Non Operating": 7938000.0,
        "Operating Income": 32165000.0,
        "Operating Expense": 199164000.0,
        "Selling General And Administration": 199164000.0,
        "Selling And Marketing Expense": 69323000.0,
        "General And Administrative Expense": 129841000.0,
        "Other Gand A": 129841000.0,
        "Gross Profit": 231329000.0,
        "Cost Of Revenue": 393417000.0,
        "Total Revenue": 624746000.0,
        "Operating Revenue": 624746000.0
    },
    "2022-06-30": {
        "Tax Effect Of Unusual Items": 501720.0,
        "Tax Rate For Calcs": 0.226,
        "Normalized EBITDA": 28808000.0,
        "Total Unusual Items": 2220000.0,
        "Total Unusual Items Excluding Goodwill": 2220000.0,
        "Net Income From Continuing Operation Net Minority Interest": 28700000.0,
        "Reconciled Cost Of Revenue": 457085000.0,
        "EBITDA": 31028000.0,
        "EBIT": 31028000.0,
        "Net Interest Income": 1158000.0,
        "Interest Expense": NaN,
        "Interest Income": 1158000.0,
        "Normalized Income": 26981720.0,
        "Net Income From Continuing And Discontinued Operation": 32123000.0,
        "Total Expenses": 672088000.0,
        "Total Operating Income As Reported": 31028000.0,
        "Diluted Average Shares": 53714589.0,
        "Basic Average Shares": 53714589.0,
        "Diluted EPS": 0.6,
        "Basic EPS": 0.6,
        "Diluted NI Availto Com Stockholders": 32123000.0,
        "Net Income Common Stockholders": 32123000.0,
        "Net Income": 32123000.0,
        "Minority Interests": NaN,
        "Net Income Including Noncontrolling Interests": 32123000.0,
        "Net Income Discontinuous Operations": 3423000.0,
        "Net Income Continuous Operations": 28700000.0,
        "Earnings From Equity Interest Net Of Tax": 2500000.0,
        "Tax Provision": 7641000.0,
        "Pretax Income": 33841000.0,
        "Other Income Expense": 1655000.0,
        "Other Non Operating Income Expenses": -565000.0,
        "Gain On Sale Of Security": 2220000.0,
        "Net Non Operating Interest Income Expense": 1158000.0,
        "Total Other Finance Cost": NaN,
        "Interest Expense Non Operating": NaN,
        "Interest Income Non Operating": 1158000.0,
        "Operating Income": 31028000.0,
        "Operating Expense": 215003000.0,
        "Selling General And Administration": 215003000.0,
        "Selling And Marketing Expense": 66761000.0,
        "General And Administrative Expense": 148242000.0,
        "Other Gand A": 148242000.0,
        "Gross Profit": 246031000.0,
        "Cost Of Revenue": 457085000.0,
        "Total Revenue": 703116000.0,
        "Operating Revenue": 703116000.0
    },
    "2022-03-31": {
        "Diluted EPS": -0.11,
        "Total Revenue": 108,
        "Gross Profit": 37,
        "Operating Income": 3,
        "EBIT": 3,
        "Net Income": -6
    },
    "2021-12-31": {
        "Diluted EPS": 0.12,
        "Total Revenue": 133,
        "Gross Profit": 49,
        "Operating Income": 14,
        "EBIT": 14,
        "Net Income": 3
    },
    "2021-09-30": {
        "Diluted EPS": 0.1,
        "Total Revenue": 106,
        "Gross Profit": 38,
        "Operating Income": 4,
        "EBIT": 4,
        "Net Income": 5
    },
    "2021-06-30": {
        "Diluted EPS": 0.19,
        "Total Revenue": 107,
        "Gross Profit": 40,
        "Operating Income": 8,
        "EBIT": 8,
        "Net Income": 10
    },
    "2021-03-31": {
        "Diluted EPS": 0.39,
        "Total Revenue": 167,
        "Gross Profit": 55,
        "Operating Income": 21,
        "EBIT": 21,
        "Net Income": 21
    },
    "2020-12-31": {
        "Diluted EPS": 0.18,
        "Total Revenue": 154,
        "Gross Profit": 49,
        "Operating Income": 13,
        "EBIT": 13,
        "Net Income": 9
    },
    "2020-09-30": {
        "Diluted EPS": 0.21,
        "Total Revenue": 120,
        "Gross Profit": 40,
        "Operating Income": 11,
        "EBIT": 11,
        "Net Income": 11
    },
    "2020-06-30": {
        "Diluted EPS": 0.26,
        "Total Revenue": 125,
        "Gross Profit": 40,
        "Operating Income": 14,
        "EBIT": 14,
        "Net Income": 14
    },
    "2020-03-31": {
        "Diluted EPS": 0.12,
        "Total Revenue": 102,
        "Gross Profit": 33,
        "Operating Income": 8,
        "EBIT": 8,
        "Net Income": 6
    },
    "2019-12-31": {
        "Diluted EPS": -0.59,
        "Total Revenue": 141,
        "Gross Profit": 45,
        "Operating Income": 16,
        "EBIT": 16,
        "Net Income": -33
    },
    "2019-09-30": {
        "Diluted EPS": 0.44,
        "Total Revenue": 115,
        "Gross Profit": 41,
        "Operating Income": 21,
        "EBIT": 21,
        "Net Income": 24
    },
    "2019-06-30": {
        "Diluted EPS": 0.26,
        "Total Revenue": 131,
        "Gross Profit": 45,
        "Operating Income": 11,
        "EBIT": 12,
        "Net Income": 14
    },
    "2019-03-31": {
        "Diluted EPS": 0.39,
        "Total Revenue": 145,
        "Gross Profit": 45,
        "Operating Income": 19,
        "EBIT": 19,
        "Net Income": 22
    },
    "2018-09-30": {
        "Diluted EPS": 0.44,
        "Total Revenue": 114,
        "Gross Profit": 44,
        "Operating Income": 18,
        "EBIT": 18,
        "Net Income": 28
    },
    "2018-06-30": {
        "Diluted EPS": 0.4,
        "Total Revenue": 147,
        "Gross Profit": 45,
        "Operating Income": 19,
        "Net Income": 26
    },
    "2017-12-31": {
        "Diluted EPS": 0.37,
        "Total Revenue": 104,
        "Gross Profit": 39,
        "Operating Income": 10,
        "EBIT": 11,
        "Net Income": 21
    },
    "2017-09-30": {
        "Diluted EPS": 0.27,
        "Total Revenue": 162,
        "Gross Profit": 43,
        "Operating Income": 13,
        "EBIT": 14,
        "Net Income": 17
    },
    "2017-06-30": {
        "Diluted EPS": 0.32,
        "Total Revenue": 149,
        "Gross Profit": 40,
        "Operating Income": 11,
        "EBIT": 12,
        "Net Income": 21
    },
    "2017-03-31": {
        "Diluted EPS": 0.17,
        "Total Revenue": 213,
        "Gross Profit": 36,
        "Operating Income": 9,
        "EBIT": 11,
        "Net Income": 10
    },
    "2016-12-31": {
        "Diluted EPS": 0.16,
        "Total Revenue": 197,
        "Gross Profit": 47,
        "Operating Income": 5,
        "EBIT": 7,
        "Net Income": 10
    },
    "2016-09-30": {
        "Diluted EPS": 0.08,
        "Total Revenue": 179,
        "Gross Profit": 42,
        "Operating Income": 1,
        "EBIT": 3,
        "Net Income": 5
    },
    "2016-06-30": {
        "Diluted EPS": 0.08,
        "Total Revenue": 160,
        "Gross Profit": 37,
        "Operating Income": -1,
        "EBIT": -1,
        "Net Income": 5
    },
    "2016-03-31": {
        "Diluted EPS": 0.05,
        "Total Revenue": 141,
        "Gross Profit": 31,
        "Operating Income": -3,
        "EBIT": -2,
        "Net Income": 3
    },
    "2015-12-31": {
        "Diluted EPS": 0.14,
        "Total Revenue": 133,
        "Gross Profit": 42,
        "Operating Income": 16,
        "EBIT": 17,
        "Net Income": 9
    },
    "2015-09-30": {
        "Diluted EPS": 0.11,
        "Total Revenue": 113,
        "Gross Profit": 27,
        "Operating Income": 4,
        "EBIT": 4,
        "Net Income": 7
    },
    "2015-06-30": {
        "Diluted EPS": 0.21,
        "Total Revenue": 108,
        "Gross Profit": 25,
        "Operating Income": 4,
        "EBIT": 5,
        "Net Income": 13
    },
    "2015-03-31": {
        "Diluted EPS": 0.09,
        "Total Revenue": 93,
        "Gross Profit": 21,
        "Operating Income": 0,
        "EBIT": 1,
        "Net Income": 5
    },
    "2014-12-31": {
        "Diluted EPS": 0.09,
        "Total Revenue": 102,
        "Gross Profit": 25,
        "Operating Income": 1,
        "EBIT": 4,
        "Net Income": 4
    },
    "2014-09-30": {
        "Diluted EPS": 0.11,
        "Total Revenue": 88,
        "Gross Profit": 20,
        "Operating Income": 0,
        "EBIT": 0,
        "Net Income": 6
    },
    "2014-06-30": {
        "Diluted EPS": 0.18,
        "Total Revenue": 82,
        "Gross Profit": 21,
        "Operating Income": 3,
        "EBIT": 5,
        "Net Income": 9
    },
    "2014-03-31": {
        "Diluted EPS": 0.14,
        "Total Revenue": 75,
        "Gross Profit": 20,
        "Operating Income": 2,
        "EBIT": 4,
        "Net Income": 7
    },
    "2013-12-31": {
        "Diluted EPS": 0.08,
        "Total Revenue": 84,
        "Gross Profit": 21,
        "Operating Income": -1,
        "EBIT": 1,
        "Net Income": 4
    },
    "2013-09-30": {
        "Diluted EPS": 0.09,
        "Total Revenue": 70,
        "Gross Profit": 19,
        "Operating Income": 0,
        "EBIT": 2,
        "Net Income": 5
    },
    "2013-06-30": {
        "Diluted EPS": 0.07,
        "Total Revenue": 69,
        "Gross Profit": 18,
        "Operating Income": 0,
        "EBIT": 2,
        "Net Income": 3
    },
    "2013-03-31": {
        "Diluted EPS": 0.07,
        "Total Revenue": 65,
        "Gross Profit": 17,
        "Operating Income": 0,
        "EBIT": 2,
        "Net Income": 3
    },
    "2012-12-31": {
        "Diluted EPS": 0.06,
        "Total Revenue": 70,
        "Gross Profit": 18,
        "Operating Income": -1,
        "EBIT": 0,
        "Net Income": 3
    },
    "2012-09-30": {
        "Diluted EPS": 0.07,
        "Total Revenue": 64,
        "Gross Profit": 17,
        "Operating Income": 0,
        "EBIT": 2,
        "Net Income": 4
    },
    "2012-06-30": {
        "Diluted EPS": 0.1,
        "Total Revenue": 65,
        "Gross Profit": 23,
        "Operating Income": 3,
        "EBIT": 4,
        "Net Income": 5
    },
    "2012-03-31": {
        "Diluted EPS": 0.17,
        "Total Revenue": 54,
        "Gross Profit": 20,
        "Operating Income": 6,
        "EBIT": 8,
        "Net Income": 9
    },
    "2011-12-31": {
        "Diluted EPS": -2.28,
        "Total Revenue": 67,
        "Gross Profit": 25,
        "Operating Income": 4,
        "EBIT": 6,
        "Net Income": -114
    },
    "2011-09-30": {
        "Diluted EPS": 0.24,
        "Total Revenue": 60,
        "Gross Profit": 30,
        "Operating Income": 11,
        "EBIT": 14,
        "Net Income": 12
    },
    "2011-06-30": {
        "Diluted EPS": 0.3,
        "Total Revenue": 62,
        "Gross Profit": 30,
        "Operating Income": 16,
        "EBIT": 18,
        "Net Income": 16
    },
    "2011-03-31": {
        "Diluted EPS": 0.72,
        "Total Revenue": 48,
        "Gross Profit": 24,
        "Operating Income": 14,
        "EBIT": 16,
        "Net Income": 37
    },
    "2010-12-31": {
        "Diluted EPS": 0.37,
        "Total Revenue": 68,
        "Gross Profit": -12,
        "Operating Income": 17,
        "EBIT": 17,
        "Net Income": 18
    },
    "2010-09-30": {
        "Diluted EPS": 0.32,
        "Total Revenue": 58,
        "Gross Profit": 31,
        "Operating Income": 18,
        "EBIT": 18,
        "Net Income": 16
    },
    "2010-06-30": {
        "Diluted EPS": 0.36,
        "Total Revenue": 54,
        "Gross Profit": 54,
        "Operating Income": 16,
        "EBIT": 16,
        "Net Income": 17
    },
    "2010-03-31": {
        "Diluted EPS": 0.21,
        "Total Revenue": 41,
        "Gross Profit": 41,
        "Operating Income": 11,
        "EBIT": 11,
        "Net Income": 10
    },
    "2009-12-31": {
        "Diluted EPS": 0.29,
        "Total Revenue": 52,
        "Gross Profit": 26,
        "Operating Income": 16,
        "EBIT": 16,
        "Net Income": 13
    },
    "2009-09-30": {
        "Diluted EPS": 0.24,
        "Total Revenue": 44,
        "Gross Profit": 23,
        "Operating Income": 13,
        "EBIT": 13,
        "Net Income": 11
    },
    "2009-06-30": {
        "Diluted EPS": 0.27,
        "Total Revenue": 42,
        "Gross Profit": 21,
        "Operating Income": 12,
        "EBIT": 12,
        "Net Income": 12
    },
    "2009-03-31": {
        "Diluted EPS": 0.15,
        "Total Revenue": 32,
        "Gross Profit": 14,
        "Operating Income": 7,
        "EBIT": 7,
        "Net Income": 7
    },
    "2023-06-30": {
        "Tax Effect Of Unusual Items": 2409328.553182,
        "Tax Rate For Calcs": 0.195483,
        "Normalized EBITDA": 93742000.0,
        "Total Unusual Items": 12325000.0,
        "Total Unusual Items Excluding Goodwill": 12325000.0,
        "Net Income From Continuing Operation Net Minority Interest": 76515000.0,
        "Reconciled Cost Of Revenue": 809531000.0,
        "EBITDA": 106067000.0,
        "EBIT": 106067000.0,
        "Net Interest Income": 1047000.0,
        "Interest Expense": 2723000.0,
        "Interest Income": 3770000.0,
        "Normalized Income": 66599328.553182,
        "Net Income From Continuing And Discontinued Operation": 76515000.0,
        "Total Expenses": 1046608000.0,
        "Total Operating Income As Reported": 86032000.0,
        "Diluted Average Shares": 54033481.0,
        "Basic Average Shares": 54009602.0,
        "Diluted EPS": 1.4,
        "Basic EPS": 1.4,
        "Diluted NI Availto Com Stockholders": 76515000.0,
        "Net Income Common Stockholders": 76515000.0,
        "Net Income": 76515000.0,
        "Minority Interests": -6418000.0,
        "Net Income Including Noncontrolling Interests": 82933000.0,
        "Net Income Discontinuous Operations": NaN,
        "Net Income Continuous Operations": 82933000.0,
        "Earnings From Equity Interest Net Of Tax": -209000.0,
        "Tax Provision": 20202000.0,
        "Pretax Income": 103344000.0,
        "Other Income Expense": 16265000.0,
        "Other Non Operating Income Expenses": 3940000.0,
        "Gain On Sale Of Security": 12325000.0,
        "Net Non Operating Interest Income Expense": 1047000.0,
        "Total Other Finance Cost": NaN,
        "Interest Expense Non Operating": 2723000.0,
        "Interest Income Non Operating": 3770000.0,
        "Operating Income": 86032000.0,
        "Operating Expense": 237077000.0,
        "Selling General And Administration": 237077000.0,
        "Selling And Marketing Expense": 64281000.0,
        "General And Administrative Expense": 172796000.0,
        "Other Gand A": 172796000.0,
        "Gross Profit": 323109000.0,
        "Cost Of Revenue": 809531000.0,
        "Total Revenue": 1132640000.0,
        "Operating Revenue": 1132640000.0
    }
}