{
    "2023-03-31": {
        "Tax Effect Of Unusual Items": 792400.0,
        "Tax Rate For Calcs": 0.4,
        "Normalized EBITDA": -3755000.0,
        "Total Unusual Items": 1981000.0,
        "Total Unusual Items Excluding Goodwill": 1981000.0,
        "Net Income From Continuing Operation Net Minority Interest": -11423000.0,
        "Reconciled Depreciation": 5409000.0,
        "Reconciled Cost Of Revenue": 95563000.0,
        "EBITDA": -1774000.0,
        "EBIT": -7183000.0,
        "Net Interest Income": -4210000.0,
        "Interest Expense": 4210000.0,
        "Normalized Income": -12611600.0,
        "Net Income From Continuing And Discontinued Operation": -11423000.0,
        "Total Expenses": 134427000.0,
        "Total Operating Income As Reported": -9636000.0,
        "Diluted Average Shares": 19923577.0,
        "Basic Average Shares": 19923577.0,
        "Diluted EPS": -0.57,
        "Basic EPS": -0.57,
        "Diluted NI Availto Com Stockholders": -11423000.0,
        "Net Income Common Stockholders": -11423000.0,
        "Net Income": -11423000.0,
        "Net Income Including Noncontrolling Interests": -11423000.0,
        "Net Income Discontinuous Operations": NaN,
        "Net Income Continuous Operations": -11423000.0,
        "Tax Provision": 30000.0,
        "Pretax Income": -11393000.0,
        "Other Income Expense": 3010000.0,
        "Other Non Operating Income Expenses": 1029000.0,
        "Special Income Charges": 557000.0,
        "Gain On Sale Of Ppe": 557000.0,
        "Gain On Sale Of Security": 1424000.0,
        "Net Non Operating Interest Income Expense": -4210000.0,
        "Interest Expense Non Operating": 4210000.0,
        "Operating Income": -10193000.0,
        "Operating Expense": 38864000.0,
        "Selling General And Administration": 38864000.0,
        "Selling And Marketing Expense": 28325000.0,
        "General And Administrative Expense": 10539000.0,
        "Other Gand A": 10539000.0,
        "Gross Profit": 28671000.0,
        "Cost Of Revenue": 95563000.0,
        "Total Revenue": 124234000.0,
        "Operating Revenue": 124234000.0
    },
    "2022-12-31": {
        "Tax Effect Of Unusual Items": -1688800.0,
        "Tax Rate For Calcs": 0.4,
        "Normalized EBITDA": -102000.0,
        "Total Unusual Items": -4222000.0,
        "Total Unusual Items Excluding Goodwill": -4222000.0,
        "Net Income From Continuing Operation Net Minority Interest": -13608000.0,
        "Reconciled Depreciation": 5664000.0,
        "Reconciled Cost Of Revenue": 102303000.0,
        "EBITDA": -4324000.0,
        "EBIT": -9988000.0,
        "Net Interest Income": -3580000.0,
        "Interest Expense": 3580000.0,
        "Normalized Income": -11074800.0,
        "Net Income From Continuing And Discontinued Operation": -13608000.0,
        "Total Expenses": 139355000.0,
        "Total Operating Income As Reported": -6718000.0,
        "Diluted Average Shares": 18723957.0,
        "Basic Average Shares": 18723957.0,
        "Diluted EPS": -0.73,
        "Basic EPS": -0.73,
        "Diluted NI Availto Com Stockholders": -13608000.0,
        "Net Income Common Stockholders": -13608000.0,
        "Net Income": -13608000.0,
        "Net Income Including Noncontrolling Interests": -13608000.0,
        "Net Income Discontinuous Operations": NaN,
        "Net Income Continuous Operations": -13608000.0,
        "Tax Provision": 40000.0,
        "Pretax Income": -13568000.0,
        "Other Income Expense": -3325000.0,
        "Other Non Operating Income Expenses": 897000.0,
        "Special Income Charges": -55000.0,
        "Gain On Sale Of Ppe": -55000.0,
        "Gain On Sale Of Security": -4167000.0,
        "Net Non Operating Interest Income Expense": -3580000.0,
        "Interest Expense Non Operating": 3580000.0,
        "Operating Income": -6663000.0,
        "Operating Expense": 37052000.0,
        "Selling General And Administration": 37052000.0,
        "Selling And Marketing Expense": 27220000.0,
        "General And Administrative Expense": 9832000.0,
        "Other Gand A": 9832000.0,
        "Gross Profit": 30389000.0,
        "Cost Of Revenue": 102303000.0,
        "Total Revenue": 132692000.0,
        "Operating Revenue": 132692000.0
    },
    "2022-09-30": {
        "Tax Effect Of Unusual Items": 3097600.0,
        "Tax Rate For Calcs": 0.4,
        "Normalized EBITDA": -4782000.0,
        "Total Unusual Items": 7744000.0,
        "Total Unusual Items Excluding Goodwill": 7744000.0,
        "Net Income From Continuing Operation Net Minority Interest": -7374000.0,
        "Reconciled Depreciation": 5652000.0,
        "Reconciled Cost Of Revenue": 94783000.0,
        "EBITDA": 2962000.0,
        "EBIT": -2690000.0,
        "Net Interest Income": -4641000.0,
        "Interest Expense": 4641000.0,
        "Normalized Income": -12020400.0,
        "Net Income From Continuing And Discontinued Operation": -7374000.0,
        "Total Expenses": 132860000.0,
        "Total Operating Income As Reported": -4298000.0,
        "Diluted Average Shares": 18948453.0,
        "Basic Average Shares": 18948453.0,
        "Diluted EPS": -0.39,
        "Basic EPS": -0.39,
        "Diluted NI Availto Com Stockholders": -7374000.0,
        "Net Income Common Stockholders": -7374000.0,
        "Net Income": -7374000.0,
        "Net Income Including Noncontrolling Interests": -7374000.0,
        "Net Income Discontinuous Operations": NaN,
        "Net Income Continuous Operations": -7374000.0,
        "Tax Provision": 43000.0,
        "Pretax Income": -7331000.0,
        "Other Income Expense": 8790000.0,
        "Other Non Operating Income Expenses": 1046000.0,
        "Special Income Charges": 7182000.0,
        "Gain On Sale Of Ppe": 7182000.0,
        "Gain On Sale Of Security": 562000.0,
        "Net Non Operating Interest Income Expense": -4641000.0,
        "Interest Expense Non Operating": 4641000.0,
        "Operating Income": -11480000.0,
        "Operating Expense": 38077000.0,
        "Selling General And Administration": 38077000.0,
        "Selling And Marketing Expense": 27590000.0,
        "General And Administrative Expense": 10487000.0,
        "Other Gand A": 10487000.0,
        "Gross Profit": 26597000.0,
        "Cost Of Revenue": 94783000.0,
        "Total Revenue": 121380000.0,
        "Operating Revenue": 121380000.0
    },
    "2022-06-30": {
        "Tax Effect Of Unusual Items": -145946.280992,
        "Tax Rate For Calcs": 0.13292,
        "Normalized EBITDA": -848000.0,
        "Total Unusual Items": -1098000.0,
        "Total Unusual Items Excluding Goodwill": -1098000.0,
        "Net Income From Continuing Operation Net Minority Interest": -3777000.0,
        "Reconciled Depreciation": 5691000.0,
        "Reconciled Cost Of Revenue": 88080000.0,
        "EBITDA": -1946000.0,
        "EBIT": -1946000.0,
        "Net Interest Income": -2410000.0,
        "Interest Expense": 2410000.0,
        "Normalized Income": -2824946.280992,
        "Net Income From Continuing And Discontinued Operation": -3777000.0,
        "Total Expenses": 126228000.0,
        "Total Operating Income As Reported": -4338000.0,
        "Diluted Average Shares": 18445811.0,
        "Basic Average Shares": 18445811.0,
        "Diluted EPS": -0.21,
        "Basic EPS": -0.21,
        "Diluted NI Availto Com Stockholders": -3927000.0,
        "Net Income Common Stockholders": -3927000.0,
        "Preferred Stock Dividends": 150000.0,
        "Net Income": -3777000.0,
        "Net Income Including Noncontrolling Interests": -3777000.0,
        "Net Income Continuous Operations": -3777000.0,
        "Tax Provision": -579000.0,
        "Pretax Income": -4356000.0,
        "Other Income Expense": 1294000.0,
        "Other Non Operating Income Expenses": 2392000.0,
        "Special Income Charges": -1098000.0,
        "Gain On Sale Of Ppe": -1098000.0,
        "Impairment Of Capital Assets": 0.0,
        "Gain On Sale Of Security": 1411000.0,
        "Net Non Operating Interest Income Expense": -2410000.0,
        "Interest Expense Non Operating": 2410000.0,
        "Operating Income": -3240000.0,
        "Operating Expense": 38148000.0,
        "Selling General And Administration": 38148000.0,
        "Selling And Marketing Expense": 25772000.0,
        "General And Administrative Expense": 12376000.0,
        "Other Gand A": 12376000.0,
        "Gross Profit": 34908000.0,
        "Cost Of Revenue": 88080000.0,
        "Total Revenue": 122988000.0,
        "Operating Revenue": 122988000.0
    },
    "2022-03-31": {
        "Diluted EPS": -0.23,
        "Total Revenue": 119,
        "Gross Profit": 36,
        "Operating Income": -4,
        "EBIT": 2,
        "Net Income": -4
    },
    "2021-12-31": {
        "Diluted EPS": -0.31,
        "Total Revenue": 118,
        "Gross Profit": 35,
        "Operating Income": -5,
        "EBIT": 1,
        "Net Income": -6
    },
    "2021-09-30": {
        "Diluted EPS": -0.14,
        "Total Revenue": 108,
        "Gross Profit": 31,
        "Operating Income": -2,
        "EBIT": 4,
        "Net Income": -3
    },
    "2021-06-30": {
        "Diluted EPS": -0.22,
        "Total Revenue": 103,
        "Gross Profit": 28,
        "Operating Income": -6,
        "EBIT": 0,
        "Net Income": -4
    },
    "2021-03-31": {
        "Diluted EPS": -0.78,
        "Total Revenue": 93,
        "Gross Profit": 24,
        "Operating Income": -10,
        "EBIT": -4,
        "Net Income": -14
    },
    "2020-12-31": {
        "Diluted EPS": -1.02,
        "Total Revenue": 105,
        "Gross Profit": 26,
        "Operating Income": -10,
        "EBIT": -3,
        "Net Income": -18
    },
    "2020-09-30": {
        "Diluted EPS": -0.37,
        "Total Revenue": 97,
        "Gross Profit": 22,
        "Operating Income": -11,
        "EBIT": -4,
        "Net Income": -6
    },
    "2020-06-30": {
        "Diluted EPS": -0.56,
        "Total Revenue": 81,
        "Gross Profit": 16,
        "Operating Income": -14,
        "EBIT": -6,
        "Net Income": -10
    },
    "2020-03-31": {
        "Diluted EPS": -2.32,
        "Total Revenue": 129,
        "Gross Profit": 38,
        "Operating Income": -45,
        "EBIT": -38,
        "Net Income": -40
    },
    "2019-12-31": {
        "Diluted EPS": 0.43,
        "Total Revenue": 152,
        "Gross Profit": 44,
        "Operating Income": 9,
        "EBIT": 16,
        "Net Income": 8
    },
    "2019-09-30": {
        "Diluted EPS": 0.26,
        "Total Revenue": 139,
        "Gross Profit": 41,
        "Operating Income": 7,
        "EBIT": 15,
        "Net Income": 5
    },
    "2019-06-30": {
        "Diluted EPS": -0.53,
        "Total Revenue": 142,
        "Gross Profit": 38,
        "Operating Income": -7,
        "EBIT": 1,
        "Net Income": -9
    },
    "2019-03-31": {
        "Diluted EPS": -3.05,
        "Total Revenue": 147,
        "Gross Profit": 40,
        "Operating Income": -6,
        "EBIT": 1,
        "Net Income": -52
    },
    "2018-12-31": {
        "Diluted EPS": -0.6,
        "Total Revenue": 160,
        "Gross Profit": 53,
        "Operating Income": 1,
        "EBIT": 8,
        "Net Income": -10
    },
    "2018-09-30": {
        "Diluted EPS": -0.18,
        "Total Revenue": 147,
        "Gross Profit": 48,
        "Operating Income": -2,
        "EBIT": 6,
        "Net Income": -3
    },
    "2018-06-30": {
        "Diluted EPS": 0.01,
        "Total Revenue": 150,
        "Gross Profit": 53,
        "Operating Income": 2,
        "EBIT": 10,
        "Net Income": 0
    },
    "2018-03-31": {
        "Diluted EPS": -0.14,
        "Total Revenue": 158,
        "Gross Profit": 52,
        "Operating Income": -3,
        "EBIT": 5,
        "Net Income": -2
    },
    "2017-12-31": {
        "Diluted EPS": -1.03,
        "Total Revenue": 167,
        "Gross Profit": 56,
        "Operating Income": 0,
        "EBIT": 8,
        "Net Income": -17
    },
    "2017-09-30": {
        "Diluted EPS": 0.05,
        "Total Revenue": 132,
        "Gross Profit": 46,
        "Operating Income": 2,
        "EBIT": 9,
        "Net Income": 1
    },
    "2017-06-30": {
        "Diluted EPS": -0.06,
        "Total Revenue": 134,
        "Gross Profit": 27,
        "Operating Income": -2,
        "EBIT": 5,
        "Net Income": -1
    },
    "2017-03-31": {
        "Diluted EPS": 0.1,
        "Total Revenue": 138,
        "Gross Profit": 54,
        "Operating Income": 2,
        "EBIT": 9,
        "Net Income": 2
    },
    "2016-12-31": {
        "Diluted EPS": 1.2,
        "Total Revenue": 139,
        "Gross Profit": 55,
        "Operating Income": 36,
        "EBIT": 41,
        "Net Income": 20
    },
    "2016-09-30": {
        "Diluted EPS": 0.1,
        "Total Revenue": 130,
        "Gross Profit": 51,
        "Operating Income": 3,
        "EBIT": 8,
        "Net Income": 2
    },
    "2016-06-30": {
        "Diluted EPS": 3.98,
        "Total Revenue": 134,
        "Gross Profit": 15,
        "Operating Income": -7,
        "EBIT": -2,
        "Net Income": 66
    },
    "2016-03-31": {
        "Diluted EPS": 0.07,
        "Total Revenue": 134,
        "Gross Profit": 53,
        "Operating Income": 0,
        "EBIT": 6,
        "Net Income": 1
    },
    "2015-12-31": {
        "Diluted EPS": 0.34,
        "Total Revenue": 142,
        "Gross Profit": 53,
        "Operating Income": 5,
        "EBIT": 11,
        "Net Income": 6
    },
    "2015-09-30": {
        "Diluted EPS": -0.07,
        "Total Revenue": 133,
        "Gross Profit": 51,
        "Operating Income": -1,
        "EBIT": 5,
        "Net Income": -1
    },
    "2015-06-30": {
        "Diluted EPS": -0.14,
        "Total Revenue": 133,
        "Gross Profit": 49,
        "Operating Income": -1,
        "EBIT": 4,
        "Net Income": -2
    },
    "2015-03-31": {
        "Diluted EPS": -0.16,
        "Total Revenue": 133,
        "Gross Profit": 47,
        "Operating Income": -1,
        "EBIT": 5,
        "Net Income": -3
    },
    "2014-12-31": {
        "Diluted EPS": 0.18,
        "Total Revenue": 145,
        "Gross Profit": 53,
        "Operating Income": 4,
        "EBIT": 10,
        "Net Income": 3
    },
    "2014-09-30": {
        "Diluted EPS": 0.16,
        "Total Revenue": 136,
        "Gross Profit": 48,
        "Operating Income": 3,
        "EBIT": 9,
        "Net Income": 3
    },
    "2014-06-30": {
        "Diluted EPS": 0.2,
        "Total Revenue": 130,
        "Gross Profit": 45,
        "Operating Income": 2,
        "EBIT": 8,
        "Net Income": 3
    },
    "2014-03-31": {
        "Diluted EPS": 0.16,
        "Total Revenue": 126,
        "Gross Profit": 48,
        "Operating Income": -2,
        "EBIT": 5,
        "Net Income": 3
    },
    "2013-12-31": {
        "Diluted EPS": 0.29,
        "Total Revenue": 143,
        "Gross Profit": 54,
        "Operating Income": 6,
        "EBIT": 13,
        "Net Income": 5
    },
    "2013-09-30": {
        "Diluted EPS": 0.11,
        "Total Revenue": 130,
        "Gross Profit": 48,
        "Operating Income": 3,
        "EBIT": 10,
        "Net Income": 2
    },
    "2013-06-30": {
        "Diluted EPS": -0.19,
        "Total Revenue": 133,
        "Gross Profit": 43,
        "Operating Income": 1,
        "EBIT": 8,
        "Net Income": -3
    },
    "2013-03-31": {
        "Diluted EPS": -0.08,
        "Total Revenue": 126,
        "Gross Profit": 48,
        "Operating Income": 1,
        "EBIT": 9,
        "Net Income": -1
    },
    "2012-12-31": {
        "Diluted EPS": -0.46,
        "Total Revenue": 136,
        "Gross Profit": 50,
        "Operating Income": 1,
        "EBIT": 9,
        "Net Income": -7
    },
    "2012-09-30": {
        "Diluted EPS": 0.19,
        "Total Revenue": 119,
        "Gross Profit": 45,
        "Operating Income": -1,
        "EBIT": 7,
        "Net Income": 3
    },
    "2012-06-30": {
        "Diluted EPS": -0.6,
        "Total Revenue": 124,
        "Gross Profit": 39,
        "Operating Income": -7,
        "EBIT": 1,
        "Net Income": -9
    },
    "2012-03-31": {
        "Diluted EPS": -0.35,
        "Total Revenue": 122,
        "Gross Profit": 43,
        "Operating Income": -4,
        "EBIT": 4,
        "Net Income": -6
    },
    "2011-12-31": {
        "Diluted EPS": -0.27,
        "Total Revenue": 132,
        "Gross Profit": 45,
        "Operating Income": -6,
        "EBIT": 2,
        "Net Income": -4
    },
    "2011-09-30": {
        "Diluted EPS": -0.5,
        "Total Revenue": 121,
        "Gross Profit": 40,
        "Operating Income": -5,
        "EBIT": 3,
        "Net Income": -8
    },
    "2011-06-30": {
        "Diluted EPS": -1.33,
        "Total Revenue": 119,
        "Gross Profit": 27,
        "Operating Income": -33,
        "EBIT": -25,
        "Net Income": -20
    },
    "2011-03-31": {
        "Diluted EPS": -0.87,
        "Total Revenue": 117,
        "Gross Profit": 42,
        "Operating Income": -14,
        "EBIT": -6,
        "Net Income": -13
    },
    "2010-12-31": {
        "Diluted EPS": -0.59,
        "Total Revenue": 119,
        "Gross Profit": 45,
        "Operating Income": -11,
        "EBIT": -3,
        "Net Income": -9
    },
    "2010-09-30": {
        "Diluted EPS": -0.66,
        "Total Revenue": 109,
        "Gross Profit": 44,
        "Operating Income": -12,
        "EBIT": -5,
        "Net Income": -10
    },
    "2010-06-30": {
        "Diluted EPS": -1.42,
        "Total Revenue": 107,
        "Gross Profit": 43,
        "Operating Income": -22,
        "EBIT": -15,
        "Net Income": -21
    },
    "2010-03-31": {
        "Diluted EPS": -0.44,
        "Total Revenue": 111,
        "Gross Profit": 49,
        "Operating Income": -9,
        "EBIT": -2,
        "Net Income": -7
    },
    "2009-12-31": {
        "Diluted EPS": 0.1,
        "Total Revenue": 120,
        "Gross Profit": 51,
        "Operating Income": -5,
        "EBIT": 1,
        "Net Income": 1
    },
    "2009-09-30": {
        "Diluted EPS": 0.15,
        "Total Revenue": 112,
        "Gross Profit": 54,
        "Operating Income": -2,
        "EBIT": 3,
        "Net Income": 2
    },
    "2009-06-30": {
        "Diluted EPS": -1.76,
        "Total Revenue": 113,
        "Gross Profit": 49,
        "Operating Income": -10,
        "EBIT": -4,
        "Net Income": -26
    },
    "2009-03-31": {
        "Diluted EPS": -0.1,
        "Total Revenue": 86,
        "Gross Profit": 43,
        "Operating Income": -2,
        "EBIT": 4,
        "Net Income": -1
    },
    "2023-06-30": {
        "Tax Effect Of Unusual Items": -1552025.096525,
        "Tax Rate For Calcs": 0.21139,
        "Normalized EBITDA": 7444000.0,
        "Total Unusual Items": -7342000.0,
        "Total Unusual Items Excluding Goodwill": -7342000.0,
        "Net Income From Continuing Operation Net Minority Interest": -1634000.0,
        "Reconciled Depreciation": 5443000.0,
        "Reconciled Cost Of Revenue": -67297000.0,
        "EBITDA": 102000.0,
        "EBIT": -5341000.0,
        "Net Interest Income": 3269000.0,
        "Interest Expense": -3269000.0,
        "Normalized Income": 4155974.903475,
        "Net Income From Continuing And Discontinued Operation": -46776000.0,
        "Total Expenses": -40579000.0,
        "Total Operating Income As Reported": -308000.0,
        "Diluted Average Shares": NaN,
        "Basic Average Shares": NaN,
        "Diluted EPS": NaN,
        "Basic EPS": NaN,
        "Diluted NI Availto Com Stockholders": -46776000.0,
        "Net Income Common Stockholders": -46776000.0,
        "Net Income": -46776000.0,
        "Net Income Including Noncontrolling Interests": -46776000.0,
        "Net Income Discontinuous Operations": NaN,
        "Net Income Continuous Operations": -1634000.0,
        "Tax Provision": -438000.0,
        "Pretax Income": -2072000.0,
        "Other Income Expense": -7578000.0,
        "Other Non Operating Income Expenses": -236000.0,
        "Special Income Charges": -2545000.0,
        "Gain On Sale Of Ppe": -2545000.0,
        "Gain On Sale Of Security": -4797000.0,
        "Net Non Operating Interest Income Expense": 3269000.0,
        "Interest Expense Non Operating": -3269000.0,
        "Operating Income": 2237000.0,
        "Operating Expense": 26718000.0,
        "Selling General And Administration": 26718000.0,
        "Selling And Marketing Expense": 20015000.0,
        "General And Administrative Expense": 6703000.0,
        "Other Gand A": 6703000.0,
        "Gross Profit": 28955000.0,
        "Cost Of Revenue": -67297000.0,
        "Total Revenue": -38342000.0,
        "Operating Revenue": -38342000.0
    },
    "2023-09-30": {
        "Tax Effect Of Unusual Items": 751088.0,
        "Tax Rate For Calcs": 0.092,
        "Normalized EBITDA": -4433000.0,
        "Total Unusual Items": 8164000.0,
        "Total Unusual Items Excluding Goodwill": 8164000.0,
        "Net Income From Continuing Operation Net Minority Interest": -1307000.0,
        "Reconciled Depreciation": 2948000.0,
        "Reconciled Cost Of Revenue": 51100000.0,
        "EBITDA": 3731000.0,
        "EBIT": 783000.0,
        "Net Interest Income": -2222000.0,
        "Interest Expense": 2222000.0,
        "Normalized Income": -8719912.0,
        "Net Income From Continuing And Discontinued Operation": -1307000.0,
        "Total Expenses": 90761000.0,
        "Total Operating Income As Reported": -2088000.0,
        "Diluted Average Shares": 20366017.0,
        "Basic Average Shares": 20366017.0,
        "Diluted EPS": -0.06,
        "Basic EPS": -0.06,
        "Diluted NI Availto Com Stockholders": -1307000.0,
        "Net Income Common Stockholders": -1307000.0,
        "Net Income": -1307000.0,
        "Net Income Including Noncontrolling Interests": -1307000.0,
        "Net Income Discontinuous Operations": 0.0,
        "Net Income Continuous Operations": -1307000.0,
        "Tax Provision": -132000.0,
        "Pretax Income": -1439000.0,
        "Other Income Expense": 9656000.0,
        "Other Non Operating Income Expenses": 1492000.0,
        "Special Income Charges": 6785000.0,
        "Gain On Sale Of Ppe": 6785000.0,
        "Gain On Sale Of Security": 1379000.0,
        "Net Non Operating Interest Income Expense": -2222000.0,
        "Interest Expense Non Operating": 2222000.0,
        "Operating Income": -8873000.0,
        "Operating Expense": 39661000.0,
        "Selling General And Administration": 39661000.0,
        "Selling And Marketing Expense": 26829000.0,
        "General And Administrative Expense": 12832000.0,
        "Other Gand A": 12832000.0,
        "Gross Profit": 30788000.0,
        "Cost Of Revenue": 51100000.0,
        "Total Revenue": 81888000.0,
        "Operating Revenue": 81888000.0
    }
}