{
    "2023-06-30": {
        "Tax Effect Of Unusual Items": 0.0,
        "Tax Rate For Calcs": 0.241,
        "Normalized EBITDA": 440400000.0,
        "Net Income From Continuing Operation Net Minority Interest": 298000000.0,
        "Reconciled Depreciation": 44900000.0,
        "Reconciled Cost Of Revenue": 1025600000.0,
        "EBITDA": 440400000.0,
        "EBIT": 395500000.0,
        "Net Interest Income": -2300000.0,
        "Interest Expense": 2900000.0,
        "Interest Income": 600000.0,
        "Normalized Income": 298000000.0,
        "Net Income From Continuing And Discontinued Operation": 298000000.0,
        "Total Expenses": 1488200000.0,
        "Total Operating Income As Reported": 394900000.0,
        "Diluted Average Shares": 572900000.0,
        "Basic Average Shares": 571100000.0,
        "Diluted EPS": 0.52,
        "Basic EPS": 0.52,
        "Diluted NI Availto Com Stockholders": 298000000.0,
        "Net Income Common Stockholders": 298000000.0,
        "Net Income": 298000000.0,
        "Net Income Including Noncontrolling Interests": 298000000.0,
        "Net Income Continuous Operations": 298000000.0,
        "Tax Provision": 94600000.0,
        "Pretax Income": 392600000.0,
        "Net Non Operating Interest Income Expense": -2300000.0,
        "Interest Expense Non Operating": 2900000.0,
        "Interest Income Non Operating": 600000.0,
        "Operating Income": 394900000.0,
        "Operating Expense": 462600000.0,
        "Other Operating Expenses": NaN,
        "Selling General And Administration": 462600000.0,
        "General And Administrative Expense": NaN,
        "Other Gand A": NaN,
        "Gross Profit": 857500000.0,
        "Cost Of Revenue": 1025600000.0,
        "Total Revenue": 1883100000.0,
        "Operating Revenue": 1883100000.0
    },
    "2023-03-31": {
        "Tax Effect Of Unusual Items": NaN,
        "Tax Rate For Calcs": NaN,
        "Normalized EBITDA": NaN,
        "Net Income From Continuing Operation Net Minority Interest": NaN,
        "Reconciled Depreciation": NaN,
        "Reconciled Cost Of Revenue": NaN,
        "EBITDA": NaN,
        "EBIT": NaN,
        "Net Interest Income": NaN,
        "Interest Expense": NaN,
        "Interest Income": NaN,
        "Normalized Income": NaN,
        "Net Income From Continuing And Discontinued Operation": NaN,
        "Total Expenses": NaN,
        "Total Operating Income As Reported": NaN,
        "Diluted Average Shares": NaN,
        "Basic Average Shares": NaN,
        "Diluted EPS": NaN,
        "Basic EPS": NaN,
        "Diluted NI Availto Com Stockholders": NaN,
        "Net Income Common Stockholders": NaN,
        "Net Income": NaN,
        "Net Income Including Noncontrolling Interests": NaN,
        "Net Income Continuous Operations": NaN,
        "Tax Provision": NaN,
        "Pretax Income": NaN,
        "Net Non Operating Interest Income Expense": NaN,
        "Interest Expense Non Operating": NaN,
        "Interest Income Non Operating": NaN,
        "Operating Income": NaN,
        "Operating Expense": NaN,
        "Other Operating Expenses": 456800000.0,
        "Selling General And Administration": NaN,
        "General And Administrative Expense": NaN,
        "Other Gand A": NaN,
        "Gross Profit": NaN,
        "Cost Of Revenue": NaN,
        "Total Revenue": NaN,
        "Operating Revenue": NaN
    },
    "2022-12-31": {
        "Tax Effect Of Unusual Items": 0.0,
        "Tax Rate For Calcs": 0.251676,
        "Normalized EBITDA": 377900000.0,
        "Net Income From Continuing Operation Net Minority Interest": 245600000.0,
        "Reconciled Depreciation": 44700000.0,
        "Reconciled Cost Of Revenue": 927200000.0,
        "EBITDA": 377900000.0,
        "EBIT": 333200000.0,
        "Net Interest Income": -4700000.0,
        "Interest Expense": 5000000.0,
        "Interest Income": 300000.0,
        "Normalized Income": 245600000.0,
        "Net Income From Continuing And Discontinued Operation": 245600000.0,
        "Total Expenses": 1362700000.0,
        "Total Operating Income As Reported": 332900000.0,
        "Diluted Average Shares": 572800000.0,
        "Basic Average Shares": 571100000.0,
        "Diluted EPS": 0.43,
        "Basic EPS": 0.43,
        "Diluted NI Availto Com Stockholders": 245600000.0,
        "Net Income Common Stockholders": 245600000.0,
        "Net Income": 245600000.0,
        "Net Income Including Noncontrolling Interests": 245600000.0,
        "Net Income Continuous Operations": 245600000.0,
        "Tax Provision": 82600000.0,
        "Pretax Income": 328200000.0,
        "Net Non Operating Interest Income Expense": -4700000.0,
        "Interest Expense Non Operating": 5000000.0,
        "Interest Income Non Operating": 300000.0,
        "Operating Income": 332900000.0,
        "Operating Expense": 435500000.0,
        "Other Operating Expenses": NaN,
        "Selling General And Administration": NaN,
        "General And Administrative Expense": NaN,
        "Other Gand A": NaN,
        "Gross Profit": 768400000.0,
        "Cost Of Revenue": 927200000.0,
        "Total Revenue": 1695600000.0,
        "Operating Revenue": 1695600000.0
    },
    "2022-09-30": {
        "Tax Effect Of Unusual Items": NaN,
        "Tax Rate For Calcs": NaN,
        "Normalized EBITDA": NaN,
        "Net Income From Continuing Operation Net Minority Interest": NaN,
        "Reconciled Depreciation": NaN,
        "Reconciled Cost Of Revenue": NaN,
        "EBITDA": NaN,
        "EBIT": NaN,
        "Net Interest Income": NaN,
        "Interest Expense": NaN,
        "Interest Income": NaN,
        "Normalized Income": NaN,
        "Net Income From Continuing And Discontinued Operation": NaN,
        "Total Expenses": NaN,
        "Total Operating Income As Reported": NaN,
        "Diluted Average Shares": NaN,
        "Basic Average Shares": NaN,
        "Diluted EPS": NaN,
        "Basic EPS": NaN,
        "Diluted NI Availto Com Stockholders": NaN,
        "Net Income Common Stockholders": NaN,
        "Net Income": NaN,
        "Net Income Including Noncontrolling Interests": NaN,
        "Net Income Continuous Operations": NaN,
        "Tax Provision": NaN,
        "Pretax Income": NaN,
        "Net Non Operating Interest Income Expense": NaN,
        "Interest Expense Non Operating": NaN,
        "Interest Income Non Operating": NaN,
        "Operating Income": NaN,
        "Operating Expense": NaN,
        "Other Operating Expenses": NaN,
        "Selling General And Administration": NaN,
        "General And Administrative Expense": 447300000.0,
        "Other Gand A": 447300000.0,
        "Gross Profit": NaN,
        "Cost Of Revenue": NaN,
        "Total Revenue": NaN,
        "Operating Revenue": NaN
    },
    "2022-06-30": {
        "Tax Effect Of Unusual Items": 0.0,
        "Tax Rate For Calcs": 0.246,
        "Normalized EBITDA": 427400000.0,
        "Net Income From Continuing Operation Net Minority Interest": 287100000.0,
        "Reconciled Depreciation": 43900000.0,
        "Reconciled Cost Of Revenue": 951000000.0,
        "EBITDA": 427400000.0,
        "EBIT": 383500000.0,
        "Net Interest Income": -2700000.0,
        "Interest Expense": 2800000.0,
        "Interest Income": 100000.0,
        "Normalized Income": 287100000.0,
        "Net Income From Continuing And Discontinued Operation": 287100000.0,
        "Total Expenses": 1395200000.0,
        "Total Operating Income As Reported": 383400000.0,
        "Diluted Average Shares": 577400000.0,
        "Basic Average Shares": 575500000.0,
        "Diluted EPS": 0.5,
        "Basic EPS": 0.5,
        "Diluted NI Availto Com Stockholders": 287100000.0,
        "Net Income Common Stockholders": 287100000.0,
        "Net Income": 287100000.0,
        "Net Income Including Noncontrolling Interests": 287100000.0,
        "Net Income Continuous Operations": 287100000.0,
        "Tax Provision": 93600000.0,
        "Pretax Income": 380700000.0,
        "Net Non Operating Interest Income Expense": -2700000.0,
        "Interest Expense Non Operating": 2800000.0,
        "Interest Income Non Operating": 100000.0,
        "Operating Income": 383400000.0,
        "Operating Expense": 444200000.0,
        "Other Operating Expenses": NaN,
        "Selling General And Administration": 444200000.0,
        "Gross Profit": 827600000.0,
        "Cost Of Revenue": 951000000.0,
        "Total Revenue": 1778600000.0,
        "Operating Revenue": 1778600000.0
    },
    "2022-03-31": {
        "Diluted EPS": 0.47,
        "Total Revenue": NaN,
        "Gross Profit": 793,
        "Operating Income": 358,
        "EBIT": 402,
        "Net Income": 270
    },
    "2021-12-31": {
        "Diluted EPS": 0.39,
        "Total Revenue": NaN,
        "Gross Profit": 713,
        "Operating Income": 301,
        "EBIT": 345,
        "Net Income": 231
    },
    "2021-09-30": {
        "Diluted EPS": 0.42,
        "Total Revenue": NaN,
        "Gross Profit": 720,
        "Operating Income": 318,
        "EBIT": 361,
        "Net Income": 244
    },
    "2021-06-30": {
        "Diluted EPS": 0.42,
        "Total Revenue": NaN,
        "Gross Profit": 701,
        "Operating Income": 318,
        "EBIT": 360,
        "Net Income": 240
    },
    "2021-03-31": {
        "Diluted EPS": 0.37,
        "Total Revenue": NaN,
        "Gross Profit": 643,
        "Operating Income": 280,
        "EBIT": 322,
        "Net Income": 211
    },
    "2020-12-31": {
        "Diluted EPS": 0.34,
        "Total Revenue": NaN,
        "Gross Profit": 619,
        "Operating Income": 264,
        "EBIT": 306,
        "Net Income": 196
    },
    "2020-09-30": {
        "Diluted EPS": 0.38,
        "Total Revenue": NaN,
        "Gross Profit": 641,
        "Operating Income": 290,
        "EBIT": 331,
        "Net Income": 222
    },
    "2020-06-30": {
        "Diluted EPS": 0.42,
        "Total Revenue": NaN,
        "Gross Profit": 672,
        "Operating Income": 316,
        "EBIT": 357,
        "Net Income": 239
    },
    "2020-03-31": {
        "Diluted EPS": 0.35,
        "Total Revenue": NaN,
        "Gross Profit": 637,
        "Operating Income": 271,
        "EBIT": 310,
        "Net Income": 203
    },
    "2019-12-31": {
        "Diluted EPS": 0.31,
        "Total Revenue": NaN,
        "Gross Profit": 598,
        "Operating Income": 239,
        "EBIT": 277,
        "Net Income": 179
    },
    "2019-09-30": {
        "Diluted EPS": 0.37,
        "Total Revenue": NaN,
        "Gross Profit": 651,
        "Operating Income": 282,
        "EBIT": 319,
        "Net Income": 214
    },
    "2019-06-30": {
        "Diluted EPS": 0.36,
        "Total Revenue": NaN,
        "Gross Profit": 641,
        "Operating Income": 275,
        "EBIT": 312,
        "Net Income": 205
    },
    "2019-03-31": {
        "Diluted EPS": 0.34,
        "Total Revenue": NaN,
        "Gross Profit": 625,
        "Operating Income": 261,
        "EBIT": 298,
        "Net Income": 194
    },
    "2018-12-31": {
        "Diluted EPS": 0.3,
        "Total Revenue": NaN,
        "Gross Profit": 588,
        "Operating Income": 233,
        "EBIT": 269,
        "Net Income": 169
    },
    "2018-09-30": {
        "Diluted EPS": 0.34,
        "Total Revenue": NaN,
        "Gross Profit": 616,
        "Operating Income": 262,
        "EBIT": 297,
        "Net Income": 198
    },
    "2018-06-30": {
        "Diluted EPS": 0.37,
        "Total Revenue": NaN,
        "Gross Profit": 618,
        "Operating Income": 269,
        "EBIT": 303,
        "Net Income": 211
    },
    "2018-03-31": {
        "Diluted EPS": 0.31,
        "Total Revenue": NaN,
        "Gross Profit": 578,
        "Operating Income": 235,
        "EBIT": 268,
        "Net Income": 174
    },
    "2017-12-31": {
        "Diluted EPS": 0.26,
        "Total Revenue": NaN,
        "Gross Profit": 531,
        "Operating Income": 203,
        "EBIT": 236,
        "Net Income": 152
    },
    "2017-09-30": {
        "Diluted EPS": 0.25,
        "Total Revenue": NaN,
        "Gross Profit": 556,
        "Operating Income": 229,
        "EBIT": 261,
        "Net Income": 143
    },
    "2017-06-30": {
        "Diluted EPS": 0.26,
        "Total Revenue": NaN,
        "Gross Profit": 559,
        "Operating Income": 238,
        "EBIT": 269,
        "Net Income": 149
    },
    "2017-03-31": {
        "Diluted EPS": 0.23,
        "Total Revenue": NaN,
        "Gross Profit": 518,
        "Operating Income": 213,
        "EBIT": 243,
        "Net Income": 134
    },
    "2016-12-31": {
        "Diluted EPS": 0.2,
        "Total Revenue": 948,
        "Gross Profit": 472,
        "Operating Income": 183,
        "EBIT": 212,
        "Net Income": 115
    },
    "2016-09-30": {
        "Diluted EPS": 0.22,
        "Total Revenue": NaN,
        "Gross Profit": 500,
        "Operating Income": 203,
        "EBIT": 230,
        "Net Income": 127
    },
    "2016-06-30": {
        "Diluted EPS": 0.23,
        "Total Revenue": NaN,
        "Gross Profit": 502,
        "Operating Income": 209,
        "EBIT": 234,
        "Net Income": 132
    },
    "2016-03-31": {
        "Diluted EPS": 0.22,
        "Total Revenue": 987,
        "Gross Profit": 492,
        "Operating Income": 201,
        "EBIT": 225,
        "Net Income": 126
    },
    "2015-12-31": {
        "Diluted EPS": 0.2,
        "Total Revenue": 923,
        "Gross Profit": 461,
        "Operating Income": 179,
        "EBIT": 205,
        "Net Income": 112
    },
    "2015-09-30": {
        "Diluted EPS": 0.24,
        "Total Revenue": 995,
        "Gross Profit": 502,
        "Operating Income": 220,
        "EBIT": 241,
        "Net Income": 136
    },
    "2015-06-30": {
        "Diluted EPS": 0.24,
        "Total Revenue": 998,
        "Gross Profit": 502,
        "Operating Income": 226,
        "EBIT": 246,
        "Net Income": 140
    },
    "2015-03-31": {
        "Diluted EPS": 0.22,
        "Total Revenue": 953,
        "Gross Profit": 484,
        "Operating Income": 204,
        "EBIT": 223,
        "Net Income": 128
    },
    "2014-12-31": {
        "Diluted EPS": 0.2,
        "Total Revenue": 926,
        "Gross Profit": 468,
        "Operating Income": 189,
        "EBIT": 208,
        "Net Income": 118
    },
    "2014-09-30": {
        "Diluted EPS": 0.23,
        "Total Revenue": 981,
        "Gross Profit": 499,
        "Operating Income": 213,
        "EBIT": 231,
        "Net Income": 133
    },
    "2014-06-30": {
        "Diluted EPS": 0.22,
        "Total Revenue": 950,
        "Gross Profit": 483,
        "Operating Income": 207,
        "EBIT": 225,
        "Net Income": 131
    },
    "2014-03-31": {
        "Diluted EPS": 0.19,
        "Total Revenue": 877,
        "Gross Profit": 448,
        "Operating Income": 179,
        "EBIT": 196,
        "Net Income": 112
    },
    "2013-12-31": {
        "Diluted EPS": 0.17,
        "Total Revenue": 814,
        "Gross Profit": 411,
        "Operating Income": 157,
        "EBIT": 174,
        "Net Income": 99
    },
    "2013-09-30": {
        "Diluted EPS": 0.2,
        "Total Revenue": 858,
        "Gross Profit": 443,
        "Operating Income": 189,
        "EBIT": 205,
        "Net Income": 119
    },
    "2013-06-30": {
        "Diluted EPS": 0.21,
        "Total Revenue": 848,
        "Gross Profit": 443,
        "Operating Income": 192,
        "EBIT": 208,
        "Net Income": 121
    },
    "2013-03-31": {
        "Diluted EPS": 0.19,
        "Total Revenue": 806,
        "Gross Profit": 422,
        "Operating Income": 175,
        "EBIT": 190,
        "Net Income": 109
    },
    "2012-12-31": {
        "Diluted EPS": 0.17,
        "Total Revenue": 757,
        "Gross Profit": 391,
        "Operating Income": 158,
        "EBIT": 172,
        "Net Income": 99
    },
    "2012-09-30": {
        "Diluted EPS": 0.19,
        "Total Revenue": 803,
        "Gross Profit": 414,
        "Operating Income": 176,
        "EBIT": 189,
        "Net Income": 109
    },
    "2012-06-30": {
        "Diluted EPS": 0.19,
        "Total Revenue": 805,
        "Gross Profit": 415,
        "Operating Income": 179,
        "EBIT": 192,
        "Net Income": 112
    },
    "2012-03-31": {
        "Diluted EPS": 0.17,
        "Total Revenue": 769,
        "Gross Profit": 394,
        "Operating Income": 161,
        "EBIT": 174,
        "Net Income": 100
    },
    "2011-12-31": {
        "Diluted EPS": 0.15,
        "Total Revenue": 698,
        "Gross Profit": 357,
        "Operating Income": 141,
        "EBIT": 152,
        "Net Income": 87
    },
    "2011-09-30": {
        "Diluted EPS": 0.17,
        "Total Revenue": 727,
        "Gross Profit": 377,
        "Operating Income": 155,
        "EBIT": 166,
        "Net Income": 97
    },
    "2011-06-30": {
        "Diluted EPS": 0.16,
        "Total Revenue": 702,
        "Gross Profit": 366,
        "Operating Income": 150,
        "EBIT": 161,
        "Net Income": 94
    },
    "2011-03-31": {
        "Diluted EPS": 0.14,
        "Total Revenue": 641,
        "Gross Profit": 333,
        "Operating Income": 129,
        "EBIT": 139,
        "Net Income": 80
    },
    "2010-12-31": {
        "Diluted EPS": 0.12,
        "Total Revenue": 574,
        "Gross Profit": 299,
        "Operating Income": 107,
        "EBIT": 117,
        "Net Income": 65
    },
    "2010-09-30": {
        "Diluted EPS": 0.13,
        "Total Revenue": 604,
        "Gross Profit": 313,
        "Operating Income": 121,
        "EBIT": 131,
        "Net Income": 75
    },
    "2010-06-30": {
        "Diluted EPS": 0.12,
        "Total Revenue": 571,
        "Gross Profit": 298,
        "Operating Income": 112,
        "EBIT": 122,
        "Net Income": 69
    },
    "2010-03-31": {
        "Diluted EPS": 0.1,
        "Total Revenue": 521,
        "Gross Profit": 266,
        "Operating Income": 90,
        "EBIT": 101,
        "Net Income": 56
    },
    "2009-12-31": {
        "Diluted EPS": 0.08,
        "Total Revenue": 477,
        "Gross Profit": 238,
        "Operating Income": 71,
        "EBIT": 81,
        "Net Income": 45
    },
    "2009-09-30": {
        "Diluted EPS": 0.08,
        "Total Revenue": 489,
        "Gross Profit": 245,
        "Operating Income": 76,
        "EBIT": 86,
        "Net Income": 48
    },
    "2009-06-30": {
        "Diluted EPS": 0.07,
        "Total Revenue": 475,
        "Gross Profit": 243,
        "Operating Income": 70,
        "EBIT": 80,
        "Net Income": 44
    },
    "2009-03-31": {
        "Diluted EPS": 0.08,
        "Total Revenue": 489,
        "Gross Profit": 259,
        "Operating Income": 78,
        "EBIT": 89,
        "Net Income": 49
    },
    "2023-09-30": {
        "Tax Effect Of Unusual Items": 0.0,
        "Tax Rate For Calcs": 0.234,
        "Normalized EBITDA": 432200000.0,
        "Net Income From Continuing Operation Net Minority Interest": 295500000.0,
        "Reconciled Depreciation": 44700000.0,
        "Reconciled Cost Of Revenue": 998300000.0,
        "EBITDA": 432200000.0,
        "EBIT": 387500000.0,
        "Net Interest Income": -1300000.0,
        "Interest Expense": 2100000.0,
        "Interest Income": 800000.0,
        "Normalized Income": 295500000.0,
        "Net Income From Continuing And Discontinued Operation": 295500000.0,
        "Total Expenses": 1459200000.0,
        "Total Operating Income As Reported": 386700000.0,
        "Diluted Average Shares": 573100000.0,
        "Basic Average Shares": 571400000.0,
        "Diluted EPS": 0.52,
        "Basic EPS": 0.52,
        "Diluted NI Availto Com Stockholders": 295500000.0,
        "Net Income Common Stockholders": 295500000.0,
        "Net Income": 295500000.0,
        "Net Income Including Noncontrolling Interests": 295500000.0,
        "Net Income Continuous Operations": 295500000.0,
        "Tax Provision": 89900000.0,
        "Pretax Income": 385400000.0,
        "Net Non Operating Interest Income Expense": -1300000.0,
        "Interest Expense Non Operating": 2100000.0,
        "Interest Income Non Operating": 800000.0,
        "Operating Income": 386700000.0,
        "Operating Expense": 460900000.0,
        "Other Operating Expenses": NaN,
        "Selling General And Administration": 460900000.0,
        "General And Administrative Expense": 460900000.0,
        "Other Gand A": 460900000.0,
        "Gross Profit": 847600000.0,
        "Cost Of Revenue": 998300000.0,
        "Total Revenue": 1845900000.0,
        "Operating Revenue": 1845900000.0
    },
    "2023-12-31": {
        "Tax Effect Of Unusual Items": 0.0,
        "Tax Rate For Calcs": 0.247883,
        "Normalized EBITDA": 399300000.0,
        "Net Income From Continuing Operation Net Minority Interest": 266400000.0,
        "Reconciled Depreciation": 43200000.0,
        "Reconciled Cost Of Revenue": 959200000.0,
        "EBITDA": 399300000.0,
        "EBIT": 356100000.0,
        "Net Interest Income": 400000.0,
        "Interest Expense": 1900000.0,
        "Interest Income": 2300000.0,
        "Normalized Income": 266400000.0,
        "Net Income From Continuing And Discontinued Operation": 266400000.0,
        "Total Expenses": 1404800000.0,
        "Total Operating Income As Reported": 353800000.0,
        "Diluted Average Shares": 573400000.0,
        "Basic Average Shares": 571700000.0,
        "Diluted EPS": 0.46,
        "Basic EPS": 0.47,
        "Diluted NI Availto Com Stockholders": 266400000.0,
        "Net Income Common Stockholders": 266400000.0,
        "Net Income": 266400000.0,
        "Net Income Including Noncontrolling Interests": 266400000.0,
        "Net Income Continuous Operations": 266400000.0,
        "Tax Provision": 87800000.0,
        "Pretax Income": 354200000.0,
        "Net Non Operating Interest Income Expense": 400000.0,
        "Interest Expense Non Operating": 1900000.0,
        "Interest Income Non Operating": 2300000.0,
        "Operating Income": 353800000.0,
        "Operating Expense": 445600000.0,
        "Other Operating Expenses": NaN,
        "Selling General And Administration": 445600000.0,
        "General And Administrative Expense": NaN,
        "Other Gand A": NaN,
        "Gross Profit": 799400000.0,
        "Cost Of Revenue": 959200000.0,
        "Total Revenue": 1758600000.0,
        "Operating Revenue": 1758600000.0
    },
    "2024-03-31": {
        "Tax Effect Of Unusual Items": 0.0,
        "Tax Rate For Calcs": 0.236,
        "Normalized EBITDA": 434700000.0,
        "Net Income From Continuing Operation Net Minority Interest": 297700000.0,
        "Reconciled Depreciation": 42900000.0,
        "Reconciled Cost Of Revenue": 1033500000.0,
        "EBITDA": 434700000.0,
        "EBIT": 391800000.0,
        "Net Interest Income": -400000.0,
        "Interest Expense": 2000000.0,
        "Interest Income": 1600000.0,
        "Normalized Income": 297700000.0,
        "Net Income From Continuing And Discontinued Operation": 297700000.0,
        "Total Expenses": 1504900000.0,
        "Total Operating Income As Reported": 390200000.0,
        "Diluted Average Shares": 574100000.0,
        "Basic Average Shares": 572300000.0,
        "Diluted EPS": 0.52,
        "Basic EPS": 0.52,
        "Diluted NI Availto Com Stockholders": 297700000.0,
        "Net Income Common Stockholders": 297700000.0,
        "Net Income": 297700000.0,
        "Net Income Including Noncontrolling Interests": 297700000.0,
        "Net Income Continuous Operations": 297700000.0,
        "Tax Provision": 92100000.0,
        "Pretax Income": 389800000.0,
        "Net Non Operating Interest Income Expense": -400000.0,
        "Interest Expense Non Operating": 2000000.0,
        "Interest Income Non Operating": 1600000.0,
        "Operating Income": 390200000.0,
        "Operating Expense": 471400000.0,
        "Other Operating Expenses": NaN,
        "Selling General And Administration": 471400000.0,
        "General And Administrative Expense": NaN,
        "Other Gand A": NaN,
        "Gross Profit": 861600000.0,
        "Cost Of Revenue": 1033500000.0,
        "Total Revenue": 1895100000.0,
        "Operating Revenue": 1895100000.0
    },
    "2024-06-30": {
        "Tax Effect Of Unusual Items": 0.0,
        "Tax Rate For Calcs": 0.242,
        "Normalized EBITDA": 431900000.0,
        "Net Income From Continuing Operation Net Minority Interest": 292700000.0,
        "Reconciled Depreciation": 43700000.0,
        "Reconciled Cost Of Revenue": 1052700000.0,
        "EBITDA": 431900000.0,
        "EBIT": 388200000.0,
        "Net Interest Income": -500000.0,
        "Interest Expense": 1800000.0,
        "Interest Income": 1300000.0,
        "Normalized Income": 292700000.0,
        "Net Income From Continuing And Discontinued Operation": 292700000.0,
        "Total Expenses": 1529300000.0,
        "Total Operating Income As Reported": 386900000.0,
        "Diluted Average Shares": 574100000.0,
        "Basic Average Shares": 572600000.0,
        "Diluted EPS": 0.51,
        "Basic EPS": 0.51,
        "Diluted NI Availto Com Stockholders": 292700000.0,
        "Net Income Common Stockholders": 292700000.0,
        "Net Income": 292700000.0,
        "Net Income Including Noncontrolling Interests": 292700000.0,
        "Net Income Continuous Operations": 292700000.0,
        "Tax Provision": 93700000.0,
        "Pretax Income": 386400000.0,
        "Net Non Operating Interest Income Expense": -500000.0,
        "Interest Expense Non Operating": 1800000.0,
        "Interest Income Non Operating": 1300000.0,
        "Operating Income": 386900000.0,
        "Operating Expense": 476600000.0,
        "Other Operating Expenses": NaN,
        "Selling General And Administration": 476600000.0,
        "General And Administrative Expense": NaN,
        "Other Gand A": NaN,
        "Gross Profit": 863500000.0,
        "Cost Of Revenue": 1052700000.0,
        "Total Revenue": 1916200000.0,
        "Operating Revenue": 1916200000.0
    }
}