{
    "2023-03-31": {
        "Tax Effect Of Unusual Items": 1188600.0,
        "Tax Rate For Calcs": 0.21,
        "Normalized EBITDA": 1664000.0,
        "Total Unusual Items": 5660000.0,
        "Total Unusual Items Excluding Goodwill": 5660000.0,
        "Net Income From Continuing Operation Net Minority Interest": 1631000.0,
        "Reconciled Depreciation": 6079000.0,
        "Reconciled Cost Of Revenue": 22507000.0,
        "EBITDA": 7324000.0,
        "EBIT": 1245000.0,
        "Net Interest Income": -3470000.0,
        "Interest Expense": 3470000.0,
        "Normalized Income": -2840400.0,
        "Net Income From Continuing And Discontinued Operation": 1631000.0,
        "Total Expenses": 39357000.0,
        "Total Operating Income As Reported": -5000000.0,
        "Diluted Average Shares": 6806212.0,
        "Basic Average Shares": 3352386.0,
        "Diluted EPS": 0.24,
        "Basic EPS": 0.49,
        "Diluted NI Availto Com Stockholders": 1631000.0,
        "Net Income Common Stockholders": 1631000.0,
        "Net Income": 1631000.0,
        "Minority Interests": 3911000.0,
        "Net Income Including Noncontrolling Interests": -2280000.0,
        "Net Income Continuous Operations": -2280000.0,
        "Tax Provision": 55000.0,
        "Pretax Income": -2225000.0,
        "Other Income Expense": 5595000.0,
        "Other Non Operating Income Expenses": -65000.0,
        "Special Income Charges": 3880000.0,
        "Impairment Of Capital Assets": 0.0,
        "Restructuring And Mergern Acquisition": -3880000.0,
        "Gain On Sale Of Security": 1780000.0,
        "Net Non Operating Interest Income Expense": -3470000.0,
        "Interest Expense Non Operating": 3470000.0,
        "Operating Income": -4350000.0,
        "Operating Expense": 15347000.0,
        "Depreciation Amortization Depletion Income Statement": 4576000.0,
        "Depreciation And Amortization In Income Statement": 4576000.0,
        "Selling General And Administration": 10771000.0,
        "Gross Profit": 10997000.0,
        "Cost Of Revenue": 24010000.0,
        "Total Revenue": 35007000.0,
        "Operating Revenue": 35007000.0
    },
    "2022-12-31": {
        "Tax Effect Of Unusual Items": -11776364.08935,
        "Tax Rate For Calcs": 0.05551,
        "Normalized EBITDA": 98759000.0,
        "Total Unusual Items": -212147000.0,
        "Total Unusual Items Excluding Goodwill": -212147000.0,
        "Net Income From Continuing Operation Net Minority Interest": -56018000.0,
        "Reconciled Depreciation": 6357000.0,
        "Reconciled Cost Of Revenue": 26724000.0,
        "EBITDA": -113388000.0,
        "EBIT": -119745000.0,
        "Net Interest Income": -3277000.0,
        "Interest Expense": 3277000.0,
        "Normalized Income": 144352635.91065,
        "Net Income From Continuing And Discontinued Operation": -56018000.0,
        "Total Expenses": 44609000.0,
        "Total Operating Income As Reported": -130060000.0,
        "Diluted Average Shares": 3290438.0,
        "Basic Average Shares": 3290438.0,
        "Diluted EPS": -34.912069,
        "Basic EPS": -34.912069,
        "Diluted NI Availto Com Stockholders": -56018000.0,
        "Net Income Common Stockholders": -56018000.0,
        "Net Income": -56018000.0,
        "Minority Interests": 60175000.0,
        "Net Income Including Noncontrolling Interests": -116193000.0,
        "Net Income Continuous Operations": -116193000.0,
        "Tax Provision": -6829000.0,
        "Pretax Income": -123022000.0,
        "Other Income Expense": -113540000.0,
        "Other Non Operating Income Expenses": 98607000.0,
        "Special Income Charges": -184147000.0,
        "Impairment Of Capital Assets": 122954000.0,
        "Restructuring And Mergern Acquisition": 61029000.0,
        "Gain On Sale Of Security": NaN,
        "Net Non Operating Interest Income Expense": -3277000.0,
        "Interest Expense Non Operating": 3277000.0,
        "Operating Income": -6205000.0,
        "Operating Expense": 16112000.0,
        "Depreciation Amortization Depletion Income Statement": 4584000.0,
        "Depreciation And Amortization In Income Statement": 4584000.0,
        "Selling General And Administration": 11528000.0,
        "Gross Profit": 9907000.0,
        "Cost Of Revenue": 28497000.0,
        "Total Revenue": 38404000.0,
        "Operating Revenue": 38404000.0
    },
    "2022-09-30": {
        "Tax Effect Of Unusual Items": -416832000.0,
        "Tax Rate For Calcs": 0.4,
        "Normalized EBITDA": 4801000.0,
        "Total Unusual Items": -1042080000.0,
        "Total Unusual Items Excluding Goodwill": -1042080000.0,
        "Net Income From Continuing Operation Net Minority Interest": -490080000.0,
        "Reconciled Depreciation": 6335000.0,
        "Reconciled Cost Of Revenue": 23436000.0,
        "EBITDA": -1037279000.0,
        "EBIT": -1043614000.0,
        "Net Interest Income": -2406000.0,
        "Interest Expense": 2406000.0,
        "Normalized Income": 135168000.0,
        "Net Income From Continuing And Discontinued Operation": -490080000.0,
        "Total Expenses": 41731000.0,
        "Total Operating Income As Reported": -1069081000.0,
        "Diluted Average Shares": 3140809.0,
        "Basic Average Shares": 3140809.0,
        "Diluted EPS": -153.76,
        "Basic EPS": -153.76,
        "Diluted NI Availto Com Stockholders": -490080000.0,
        "Net Income Common Stockholders": -490080000.0,
        "Net Income": -490080000.0,
        "Minority Interests": 556027000.0,
        "Net Income Including Noncontrolling Interests": -1046107000.0,
        "Net Income Continuous Operations": -1046107000.0,
        "Tax Provision": 87000.0,
        "Pretax Income": -1046020000.0,
        "Other Income Expense": -1042093000.0,
        "Other Non Operating Income Expenses": -13000.0,
        "Special Income Charges": -1049480000.0,
        "Gain On Sale Of Ppe": 0.0,
        "Impairment Of Capital Assets": 1066564000.0,
        "Restructuring And Mergern Acquisition": -17084000.0,
        "Gain On Sale Of Security": 7400000.0,
        "Net Non Operating Interest Income Expense": -2406000.0,
        "Interest Expense Non Operating": 2406000.0,
        "Operating Income": -1521000.0,
        "Operating Expense": 16587000.0,
        "Depreciation Amortization Depletion Income Statement": 4627000.0,
        "Depreciation And Amortization In Income Statement": 4627000.0,
        "Selling General And Administration": 11960000.0,
        "Gross Profit": 15066000.0,
        "Cost Of Revenue": 25144000.0,
        "Total Revenue": 40210000.0,
        "Operating Revenue": 40210000.0
    },
    "2022-06-30": {
        "Tax Effect Of Unusual Items": 14306400.0,
        "Tax Rate For Calcs": 0.4,
        "Normalized EBITDA": 5692000.0,
        "Total Unusual Items": 35766000.0,
        "Total Unusual Items Excluding Goodwill": 35766000.0,
        "Net Income From Continuing Operation Net Minority Interest": 34421000.0,
        "Reconciled Depreciation": 5999000.0,
        "Reconciled Cost Of Revenue": 24890000.0,
        "EBITDA": 41458000.0,
        "EBIT": 35459000.0,
        "Net Interest Income": -1858000.0,
        "Interest Expense": 1858000.0,
        "Normalized Income": 12961400.0,
        "Net Income From Continuing And Discontinued Operation": 34421000.0,
        "Total Expenses": 42506000.0,
        "Total Operating Income As Reported": -521000.0,
        "Diluted Average Shares": 135524773.0,
        "Basic Average Shares": 52259885.0,
        "Diluted EPS": 0.26,
        "Basic EPS": 0.66,
        "Diluted NI Availto Com Stockholders": 34421000.0,
        "Net Income Common Stockholders": 34421000.0,
        "Net Income": 34421000.0,
        "Minority Interests": 442000.0,
        "Net Income Including Noncontrolling Interests": 33979000.0,
        "Net Income Continuous Operations": 33979000.0,
        "Tax Provision": -378000.0,
        "Pretax Income": 33601000.0,
        "Other Income Expense": 35979000.0,
        "Other Non Operating Income Expenses": 213000.0,
        "Special Income Charges": 23266000.0,
        "Gain On Sale Of Ppe": 188000.0,
        "Impairment Of Capital Assets": NaN,
        "Restructuring And Mergern Acquisition": -23078000.0,
        "Gain On Sale Of Security": 12500000.0,
        "Net Non Operating Interest Income Expense": -1858000.0,
        "Interest Expense Non Operating": 1858000.0,
        "Operating Income": -521000.0,
        "Operating Expense": 16069000.0,
        "Depreciation Amortization Depletion Income Statement": 4452000.0,
        "Depreciation And Amortization In Income Statement": 4452000.0,
        "Selling General And Administration": 11617000.0,
        "Gross Profit": 15548000.0,
        "Cost Of Revenue": 26437000.0,
        "Total Revenue": 41985000.0,
        "Operating Revenue": 41985000.0
    },
    "2022-03-31": {
        "Diluted EPS": 0.18,
        "Total Revenue": 41,
        "Gross Profit": 12,
        "Operating Income": -7,
        "EBIT": 2,
        "Net Income": 24
    },
    "2021-12-31": {
        "Diluted EPS": 1.15,
        "Total Revenue": 44,
        "Gross Profit": 17,
        "Operating Income": 0,
        "EBIT": 7,
        "Net Income": 24
    },
    "2021-09-30": {
        "Diluted EPS": -0.45,
        "Total Revenue": 41,
        "Gross Profit": 15,
        "Operating Income": 2,
        "EBIT": 7,
        "Net Income": -3
    },
    "2021-06-30": {
        "Diluted EPS": -0.53,
        "Total Revenue": 36,
        "Gross Profit": 13,
        "Operating Income": 2,
        "EBIT": 7,
        "Net Income": -4
    },
    "2021-03-31": {
        "Diluted EPS": -0.06,
        "Total Revenue": 31,
        "Gross Profit": 13,
        "Operating Income": 3,
        "EBIT": 7,
        "Net Income": -1
    },
    "2020-12-31": {
        "Diluted EPS": 0.0,
        "Total Revenue": NaN,
        "Gross Profit": NaN,
        "Operating Income": NaN,
        "EBIT": NaN,
        "Net Income": NaN
    },
    "2023-06-30": {
        "Tax Effect Of Unusual Items": 22890.0,
        "Tax Rate For Calcs": 0.21,
        "Normalized EBITDA": 3114000.0,
        "Total Unusual Items": 109000.0,
        "Total Unusual Items Excluding Goodwill": 109000.0,
        "Net Income From Continuing Operation Net Minority Interest": -3125000.0,
        "Reconciled Depreciation": 6464000.0,
        "Reconciled Cost Of Revenue": 22119000.0,
        "EBITDA": 3223000.0,
        "EBIT": -3241000.0,
        "Net Interest Income": -3959000.0,
        "Interest Expense": 3959000.0,
        "Normalized Income": -3211110.0,
        "Net Income From Continuing And Discontinued Operation": -3125000.0,
        "Total Expenses": 38028000.0,
        "Total Operating Income As Reported": -4960000.0,
        "Diluted Average Shares": 6815102.0,
        "Basic Average Shares": 3485170.0,
        "Diluted EPS": -0.8,
        "Basic EPS": -0.8,
        "Diluted NI Availto Com Stockholders": -3125000.0,
        "Net Income Common Stockholders": -3125000.0,
        "Net Income": -3125000.0,
        "Minority Interests": 4139000.0,
        "Net Income Including Noncontrolling Interests": -7264000.0,
        "Net Income Continuous Operations": -7264000.0,
        "Tax Provision": 64000.0,
        "Pretax Income": -7200000.0,
        "Other Income Expense": 313000.0,
        "Other Non Operating Income Expenses": 204000.0,
        "Special Income Charges": -291000.0,
        "Impairment Of Capital Assets": NaN,
        "Restructuring And Mergern Acquisition": 291000.0,
        "Gain On Sale Of Security": 400000.0,
        "Net Non Operating Interest Income Expense": -3959000.0,
        "Interest Expense Non Operating": 3959000.0,
        "Operating Income": -3554000.0,
        "Operating Expense": 14088000.0,
        "Depreciation Amortization Depletion Income Statement": 4643000.0,
        "Depreciation And Amortization In Income Statement": 4643000.0,
        "Selling General And Administration": 9445000.0,
        "Gross Profit": 10534000.0,
        "Cost Of Revenue": 23940000.0,
        "Total Revenue": 34474000.0,
        "Operating Revenue": 34474000.0
    },
    "2023-09-30": {
        "Tax Effect Of Unusual Items": 318.992655,
        "Tax Rate For Calcs": 0.001049,
        "Normalized EBITDA": 1361000.0,
        "Total Unusual Items": 304000.0,
        "Total Unusual Items Excluding Goodwill": 304000.0,
        "Net Income From Continuing Operation Net Minority Interest": -4362000.0,
        "Reconciled Depreciation": 6249000.0,
        "Reconciled Cost Of Revenue": 21572000.0,
        "EBITDA": 1665000.0,
        "EBIT": -4584000.0,
        "Net Interest Income": -3993000.0,
        "Interest Expense": 3993000.0,
        "Normalized Income": -4665681.007345,
        "Net Income From Continuing And Discontinued Operation": -4362000.0,
        "Total Expenses": 35938000.0,
        "Total Operating Income As Reported": -5198000.0,
        "Diluted Average Shares": 3504859.0,
        "Basic Average Shares": 3504859.0,
        "Diluted EPS": -1.24,
        "Basic EPS": -1.24,
        "Diluted NI Availto Com Stockholders": -4362000.0,
        "Net Income Common Stockholders": -4362000.0,
        "Net Income": -4362000.0,
        "Minority Interests": 4206000.0,
        "Net Income Including Noncontrolling Interests": -8568000.0,
        "Net Income Continuous Operations": -8568000.0,
        "Tax Provision": -9000.0,
        "Pretax Income": -8577000.0,
        "Other Income Expense": -104000.0,
        "Other Non Operating Income Expenses": -408000.0,
        "Special Income Charges": -105000.0,
        "Impairment Of Capital Assets": 0.0,
        "Restructuring And Mergern Acquisition": 105000.0,
        "Gain On Sale Of Security": 409000.0,
        "Net Non Operating Interest Income Expense": -3993000.0,
        "Interest Expense Non Operating": 3993000.0,
        "Operating Income": -4480000.0,
        "Operating Expense": 12744000.0,
        "Depreciation Amortization Depletion Income Statement": 4627000.0,
        "Depreciation And Amortization In Income Statement": 4627000.0,
        "Selling General And Administration": 8117000.0,
        "Gross Profit": 8264000.0,
        "Cost Of Revenue": 23194000.0,
        "Total Revenue": 31458000.0,
        "Operating Revenue": 31458000.0
    },
    "2023-12-31": {
        "Tax Effect Of Unusual Items": -372120.0,
        "Tax Rate For Calcs": 0.21,
        "Normalized EBITDA": 27797000.0,
        "Total Unusual Items": -1772000.0,
        "Total Unusual Items Excluding Goodwill": -1772000.0,
        "Net Income From Continuing Operation Net Minority Interest": 21431000.0,
        "Reconciled Depreciation": 6345000.0,
        "Reconciled Cost Of Revenue": 21704000.0,
        "EBITDA": 26025000.0,
        "EBIT": 19680000.0,
        "Net Interest Income": -4149000.0,
        "Interest Expense": 4149000.0,
        "Normalized Income": 22830880.0,
        "Net Income From Continuing And Discontinued Operation": 21431000.0,
        "Total Expenses": 37217000.0,
        "Total Operating Income As Reported": -8946000.0,
        "Diluted Average Shares": NaN,
        "Basic Average Shares": NaN,
        "Diluted EPS": NaN,
        "Basic EPS": NaN,
        "Diluted NI Availto Com Stockholders": 21431000.0,
        "Net Income Common Stockholders": 21431000.0,
        "Net Income": 21431000.0,
        "Minority Interests": 5710000.0,
        "Net Income Including Noncontrolling Interests": 15721000.0,
        "Net Income Continuous Operations": 15721000.0,
        "Tax Provision": -189000.0,
        "Pretax Income": 15531000.0,
        "Other Income Expense": 26545000.0,
        "Other Non Operating Income Expenses": 28317000.0,
        "Special Income Charges": -1891000.0,
        "Impairment Of Capital Assets": 0.0,
        "Restructuring And Mergern Acquisition": 1885000.0,
        "Gain On Sale Of Security": 119000.0,
        "Net Non Operating Interest Income Expense": -4149000.0,
        "Interest Expense Non Operating": 4149000.0,
        "Operating Income": -6864000.0,
        "Operating Expense": 13805000.0,
        "Depreciation Amortization Depletion Income Statement": 4637000.0,
        "Depreciation And Amortization In Income Statement": 4637000.0,
        "Selling General And Administration": 9168000.0,
        "Gross Profit": 6941000.0,
        "Cost Of Revenue": 23412000.0,
        "Total Revenue": 30353000.0,
        "Operating Revenue": 30353000.0
    },
    "2024-03-31": {
        "Tax Effect Of Unusual Items": -1014000.0,
        "Tax Rate For Calcs": 0.4,
        "Normalized EBITDA": -842000.0,
        "Total Unusual Items": -2535000.0,
        "Total Unusual Items Excluding Goodwill": -2535000.0,
        "Net Income From Continuing Operation Net Minority Interest": -7359000.0,
        "Reconciled Depreciation": 6318000.0,
        "Reconciled Cost Of Revenue": 19532000.0,
        "EBITDA": -3377000.0,
        "EBIT": -9695000.0,
        "Net Interest Income": -4229000.0,
        "Interest Expense": 4229000.0,
        "Normalized Income": -5838000.0,
        "Net Income From Continuing And Discontinued Operation": -7359000.0,
        "Total Expenses": 36356000.0,
        "Total Operating Income As Reported": -9696000.0,
        "Diluted Average Shares": 3329639.0,
        "Basic Average Shares": 3329639.0,
        "Diluted EPS": -2.21,
        "Basic EPS": -2.21,
        "Diluted NI Availto Com Stockholders": -7359000.0,
        "Net Income Common Stockholders": -7359000.0,
        "Net Income": -7359000.0,
        "Minority Interests": 6582000.0,
        "Net Income Including Noncontrolling Interests": -13941000.0,
        "Net Income Continuous Operations": -13941000.0,
        "Tax Provision": 17000.0,
        "Pretax Income": -13924000.0,
        "Other Income Expense": -2534000.0,
        "Other Non Operating Income Expenses": 1000.0,
        "Special Income Charges": -2535000.0,
        "Impairment Of Capital Assets": 2000000.0,
        "Restructuring And Mergern Acquisition": 535000.0,
        "Gain On Sale Of Security": NaN,
        "Net Non Operating Interest Income Expense": -4229000.0,
        "Interest Expense Non Operating": 4229000.0,
        "Operating Income": -7161000.0,
        "Operating Expense": 15127000.0,
        "Depreciation Amortization Depletion Income Statement": 4621000.0,
        "Depreciation And Amortization In Income Statement": 4621000.0,
        "Selling General And Administration": 10506000.0,
        "Gross Profit": 7966000.0,
        "Cost Of Revenue": 21229000.0,
        "Total Revenue": 29195000.0,
        "Operating Revenue": 29195000.0
    }
}