{
    "2023-06-30": {
        "Tax Effect Of Unusual Items": 0.0,
        "Tax Rate For Calcs": 0.23225,
        "Net Income From Continuing Operation Net Minority Interest": 8337000.0,
        "Reconciled Depreciation": 960000.0,
        "Net Interest Income": 27747000.0,
        "Interest Expense": 19414000.0,
        "Interest Income": 47161000.0,
        "Normalized Income": 8337000.0,
        "Net Income From Continuing And Discontinued Operation": 8337000.0,
        "Diluted Average Shares": 8061841.0,
        "Basic Average Shares": 8061841.0,
        "Diluted EPS": 0.98,
        "Basic EPS": 0.98,
        "Diluted NI Availto Com Stockholders": 8118000.0,
        "Net Income Common Stockholders": 8118000.0,
        "Otherunder Preferred Stock Dividend": NaN,
        "Preferred Stock Dividends": 219000.0,
        "Net Income": 8337000.0,
        "Net Income Including Noncontrolling Interests": 8337000.0,
        "Net Income Continuous Operations": 8337000.0,
        "Tax Provision": 2522000.0,
        "Pretax Income": 10859000.0,
        "Gain On Sale Of Security": -45000.0,
        "Selling General And Administration": 16488000.0,
        "Selling And Marketing Expense": 779000.0,
        "General And Administrative Expense": 15709000.0,
        "Other Gand A": NaN,
        "Insurance And Claims": 580000.0,
        "Salaries And Wages": 15129000.0,
        "Total Revenue": 35121000.0,
        "Operating Revenue": 35121000.0,
        "Occupancy And Equipment": 958000.0,
        "Professional Expense And Contract Services Expense": 1240000.0,
        "Other Non Interest Expense": 3345000.0
    },
    "2023-03-31": {
        "Tax Effect Of Unusual Items": NaN,
        "Tax Rate For Calcs": NaN,
        "Net Income From Continuing Operation Net Minority Interest": NaN,
        "Reconciled Depreciation": NaN,
        "Net Interest Income": NaN,
        "Interest Expense": NaN,
        "Interest Income": NaN,
        "Normalized Income": NaN,
        "Net Income From Continuing And Discontinued Operation": NaN,
        "Diluted Average Shares": NaN,
        "Basic Average Shares": NaN,
        "Diluted EPS": NaN,
        "Basic EPS": NaN,
        "Diluted NI Availto Com Stockholders": NaN,
        "Net Income Common Stockholders": NaN,
        "Otherunder Preferred Stock Dividend": 238000.0,
        "Preferred Stock Dividends": NaN,
        "Net Income": NaN,
        "Net Income Including Noncontrolling Interests": NaN,
        "Net Income Continuous Operations": NaN,
        "Tax Provision": NaN,
        "Pretax Income": NaN,
        "Gain On Sale Of Security": NaN,
        "Selling General And Administration": NaN,
        "Selling And Marketing Expense": NaN,
        "General And Administrative Expense": NaN,
        "Other Gand A": 2058000.0,
        "Insurance And Claims": NaN,
        "Salaries And Wages": NaN,
        "Total Revenue": NaN,
        "Operating Revenue": NaN,
        "Occupancy And Equipment": NaN,
        "Professional Expense And Contract Services Expense": NaN,
        "Other Non Interest Expense": NaN
    },
    "2022-12-31": {
        "Tax Effect Of Unusual Items": NaN,
        "Tax Rate For Calcs": NaN,
        "Net Income From Continuing Operation Net Minority Interest": NaN,
        "Reconciled Depreciation": NaN,
        "Net Interest Income": NaN,
        "Interest Expense": NaN,
        "Interest Income": NaN,
        "Normalized Income": NaN,
        "Net Income From Continuing And Discontinued Operation": NaN,
        "Diluted Average Shares": NaN,
        "Basic Average Shares": NaN,
        "Diluted EPS": NaN,
        "Basic EPS": NaN,
        "Diluted NI Availto Com Stockholders": NaN,
        "Net Income Common Stockholders": NaN,
        "Otherunder Preferred Stock Dividend": 272000.0,
        "Preferred Stock Dividends": NaN,
        "Net Income": NaN,
        "Net Income Including Noncontrolling Interests": NaN,
        "Net Income Continuous Operations": NaN,
        "Tax Provision": NaN,
        "Pretax Income": NaN,
        "Gain On Sale Of Security": NaN,
        "Selling General And Administration": NaN,
        "Selling And Marketing Expense": NaN,
        "General And Administrative Expense": NaN,
        "Other Gand A": NaN,
        "Insurance And Claims": NaN,
        "Salaries And Wages": NaN,
        "Total Revenue": NaN,
        "Operating Revenue": NaN,
        "Occupancy And Equipment": NaN,
        "Professional Expense And Contract Services Expense": NaN,
        "Other Non Interest Expense": NaN
    },
    "2022-09-30": {
        "Tax Effect Of Unusual Items": NaN,
        "Tax Rate For Calcs": NaN,
        "Net Income From Continuing Operation Net Minority Interest": NaN,
        "Reconciled Depreciation": NaN,
        "Net Interest Income": NaN,
        "Interest Expense": NaN,
        "Interest Income": NaN,
        "Normalized Income": NaN,
        "Net Income From Continuing And Discontinued Operation": NaN,
        "Diluted Average Shares": NaN,
        "Basic Average Shares": NaN,
        "Diluted EPS": NaN,
        "Basic EPS": NaN,
        "Diluted NI Availto Com Stockholders": NaN,
        "Net Income Common Stockholders": NaN,
        "Otherunder Preferred Stock Dividend": NaN,
        "Preferred Stock Dividends": NaN,
        "Net Income": NaN,
        "Net Income Including Noncontrolling Interests": NaN,
        "Net Income Continuous Operations": NaN,
        "Tax Provision": NaN,
        "Pretax Income": NaN,
        "Gain On Sale Of Security": NaN,
        "Selling General And Administration": NaN,
        "Selling And Marketing Expense": NaN,
        "General And Administrative Expense": NaN,
        "Other Gand A": 1847000.0,
        "Insurance And Claims": NaN,
        "Salaries And Wages": NaN,
        "Total Revenue": NaN,
        "Operating Revenue": NaN
    },
    "2022-06-30": {
        "Tax Effect Of Unusual Items": 0.0,
        "Tax Rate For Calcs": 0.243126,
        "Net Income From Continuing Operation Net Minority Interest": 11204000.0,
        "Reconciled Depreciation": 963000.0,
        "Net Interest Income": 23660000.0,
        "Interest Expense": 3371000.0,
        "Interest Income": 27031000.0,
        "Normalized Income": 11204000.0,
        "Net Income From Continuing And Discontinued Operation": 11204000.0,
        "Diluted Average Shares": 8225838.0,
        "Basic Average Shares": 8225838.0,
        "Diluted EPS": 1.29,
        "Basic EPS": 1.29,
        "Diluted NI Availto Com Stockholders": 10958000.0,
        "Net Income Common Stockholders": 10958000.0,
        "Otherunder Preferred Stock Dividend": NaN,
        "Preferred Stock Dividends": 246000.0,
        "Net Income": 11204000.0,
        "Net Income Including Noncontrolling Interests": 11204000.0,
        "Net Income Continuous Operations": 11204000.0,
        "Tax Provision": 3599000.0,
        "Pretax Income": 14803000.0,
        "Gain On Sale Of Security": 0.0,
        "Selling General And Administration": 16995000.0,
        "Selling And Marketing Expense": 670000.0,
        "General And Administrative Expense": 16325000.0,
        "Other Gand A": 2009000.0,
        "Insurance And Claims": 296000.0,
        "Salaries And Wages": 14020000.0,
        "Total Revenue": 30532000.0,
        "Operating Revenue": 30532000.0
    },
    "2022-03-31": {
        "Diluted EPS": 1.02,
        "Total Revenue": 32,
        "Gross Profit": 29,
        "Operating Income": 11,
        "EBIT": NaN,
        "Net Income": 8
    },
    "2021-12-31": {
        "Diluted EPS": 1.03,
        "Total Revenue": 31,
        "Gross Profit": 28,
        "Operating Income": 11,
        "EBIT": NaN,
        "Net Income": 8
    },
    "2021-09-30": {
        "Diluted EPS": 1.07,
        "Total Revenue": 31,
        "Gross Profit": 28,
        "Operating Income": 12,
        "EBIT": NaN,
        "Net Income": 9
    },
    "2021-06-30": {
        "Diluted EPS": 0.95,
        "Total Revenue": 31,
        "Gross Profit": 28,
        "Operating Income": 11,
        "EBIT": NaN,
        "Net Income": 8
    },
    "2021-03-31": {
        "Diluted EPS": 1.12,
        "Total Revenue": 31,
        "Gross Profit": 28,
        "Operating Income": 13,
        "EBIT": NaN,
        "Net Income": 9
    },
    "2020-12-31": {
        "Diluted EPS": 0.71,
        "Total Revenue": 33,
        "Gross Profit": 29,
        "Operating Income": 7,
        "EBIT": NaN,
        "Net Income": 6
    },
    "2020-09-30": {
        "Diluted EPS": 0.5,
        "Total Revenue": 30,
        "Gross Profit": 26,
        "Operating Income": 5,
        "EBIT": NaN,
        "Net Income": 4
    },
    "2020-06-30": {
        "Diluted EPS": 0.38,
        "Total Revenue": 29,
        "Gross Profit": 25,
        "Operating Income": 1,
        "EBIT": NaN,
        "Net Income": 3
    },
    "2020-03-31": {
        "Diluted EPS": 0.38,
        "Total Revenue": 30,
        "Gross Profit": 23,
        "Operating Income": 4,
        "EBIT": NaN,
        "Net Income": 3
    },
    "2019-12-31": {
        "Diluted EPS": 0.67,
        "Total Revenue": 33,
        "Gross Profit": 26,
        "Operating Income": 7,
        "EBIT": NaN,
        "Net Income": 6
    },
    "2019-09-30": {
        "Diluted EPS": 0.59,
        "Total Revenue": 31,
        "Gross Profit": 23,
        "Operating Income": 7,
        "EBIT": NaN,
        "Net Income": 5
    },
    "2019-06-30": {
        "Diluted EPS": 0.75,
        "Total Revenue": 31,
        "Gross Profit": 23,
        "Operating Income": 6,
        "EBIT": NaN,
        "Net Income": 6
    },
    "2019-03-31": {
        "Diluted EPS": 0.67,
        "Total Revenue": 30,
        "Gross Profit": 22,
        "Operating Income": 5,
        "EBIT": NaN,
        "Net Income": 6
    },
    "2018-12-31": {
        "Diluted EPS": 0.46,
        "Total Revenue": 29,
        "Gross Profit": 22,
        "Operating Income": 3,
        "EBIT": NaN,
        "Net Income": 4
    },
    "2018-09-30": {
        "Diluted EPS": 0.6,
        "Total Revenue": 28,
        "Gross Profit": 22,
        "Operating Income": 7,
        "EBIT": NaN,
        "Net Income": 5
    },
    "2018-06-30": {
        "Diluted EPS": 0.38,
        "Total Revenue": 26,
        "Gross Profit": 21,
        "Operating Income": 4,
        "EBIT": NaN,
        "Net Income": 3
    },
    "2018-03-31": {
        "Diluted EPS": 0.42,
        "Total Revenue": 25,
        "Gross Profit": 21,
        "Operating Income": 4,
        "EBIT": NaN,
        "Net Income": 4
    },
    "2017-12-31": {
        "Diluted EPS": 0.45,
        "Total Revenue": 23,
        "Gross Profit": 19,
        "Operating Income": 4,
        "EBIT": NaN,
        "Net Income": 4
    },
    "2017-09-30": {
        "Diluted EPS": 0.3,
        "Total Revenue": 23,
        "Gross Profit": 19,
        "Operating Income": 4,
        "EBIT": NaN,
        "Net Income": 3
    },
    "2017-06-30": {
        "Diluted EPS": 0.22,
        "Total Revenue": 24,
        "Gross Profit": 20,
        "Operating Income": 2,
        "EBIT": NaN,
        "Net Income": 2
    },
    "2017-03-31": {
        "Diluted EPS": 0.39,
        "Total Revenue": 23,
        "Gross Profit": 19,
        "Operating Income": 5,
        "EBIT": NaN,
        "Net Income": 3
    },
    "2016-12-31": {
        "Diluted EPS": 0.45,
        "Total Revenue": 24,
        "Gross Profit": 21,
        "Operating Income": 5,
        "EBIT": NaN,
        "Net Income": 4
    },
    "2016-09-30": {
        "Diluted EPS": 0.31,
        "Total Revenue": 23,
        "Gross Profit": 19,
        "Operating Income": 0,
        "EBIT": NaN,
        "Net Income": 3
    },
    "2016-06-30": {
        "Diluted EPS": 0.43,
        "Total Revenue": 25,
        "Gross Profit": 22,
        "Operating Income": 5,
        "EBIT": NaN,
        "Net Income": 4
    },
    "2016-03-31": {
        "Diluted EPS": 0.52,
        "Total Revenue": 24,
        "Gross Profit": 20,
        "Operating Income": 7,
        "EBIT": NaN,
        "Net Income": 4
    },
    "2015-12-31": {
        "Diluted EPS": 0.47,
        "Total Revenue": 24,
        "Gross Profit": 20,
        "Operating Income": 6,
        "EBIT": NaN,
        "Net Income": 4
    },
    "2015-09-30": {
        "Diluted EPS": 0.5,
        "Total Revenue": 22,
        "Gross Profit": 19,
        "Operating Income": 6,
        "EBIT": NaN,
        "Net Income": 4
    },
    "2015-06-30": {
        "Diluted EPS": 0.45,
        "Total Revenue": 22,
        "Gross Profit": 18,
        "Operating Income": 6,
        "EBIT": NaN,
        "Net Income": 4
    },
    "2015-03-31": {
        "Diluted EPS": 0.48,
        "Total Revenue": 22,
        "Gross Profit": 19,
        "Operating Income": 6,
        "EBIT": NaN,
        "Net Income": 4
    },
    "2014-12-31": {
        "Diluted EPS": 0.44,
        "Total Revenue": 20,
        "Gross Profit": 17,
        "Operating Income": 5,
        "EBIT": NaN,
        "Net Income": 4
    },
    "2014-09-30": {
        "Diluted EPS": 0.45,
        "Total Revenue": 16,
        "Gross Profit": 13,
        "Operating Income": 5,
        "EBIT": NaN,
        "Net Income": 3
    },
    "2014-06-30": {
        "Diluted EPS": 0.44,
        "Total Revenue": 16,
        "Gross Profit": 13,
        "Operating Income": 5,
        "EBIT": NaN,
        "Net Income": 3
    },
    "2014-03-31": {
        "Diluted EPS": 0.42,
        "Total Revenue": 16,
        "Gross Profit": 13,
        "Operating Income": 5,
        "EBIT": NaN,
        "Net Income": 3
    },
    "2013-12-31": {
        "Diluted EPS": 0.47,
        "Total Revenue": 16,
        "Gross Profit": 13,
        "Operating Income": 6,
        "EBIT": NaN,
        "Net Income": 4
    },
    "2013-09-30": {
        "Diluted EPS": 0.46,
        "Total Revenue": 16,
        "Gross Profit": 13,
        "Operating Income": 6,
        "EBIT": NaN,
        "Net Income": 4
    },
    "2013-06-30": {
        "Diluted EPS": 0.4,
        "Total Revenue": 15,
        "Gross Profit": 12,
        "Operating Income": 5,
        "EBIT": NaN,
        "Net Income": 3
    },
    "2013-03-31": {
        "Diluted EPS": 0.42,
        "Total Revenue": 15,
        "Gross Profit": 12,
        "Operating Income": 5,
        "EBIT": NaN,
        "Net Income": 3
    },
    "2012-12-31": {
        "Diluted EPS": 0.43,
        "Total Revenue": 16,
        "Gross Profit": 12,
        "Operating Income": 4,
        "EBIT": NaN,
        "Net Income": 2
    },
    "2012-09-30": {
        "Diluted EPS": 0.5,
        "Total Revenue": 16,
        "Gross Profit": 12,
        "Operating Income": 4,
        "EBIT": NaN,
        "Net Income": 3
    },
    "2012-06-30": {
        "Diluted EPS": 0.3,
        "Total Revenue": 16,
        "Gross Profit": 12,
        "Operating Income": 2,
        "EBIT": NaN,
        "Net Income": 2
    },
    "2012-03-31": {
        "Diluted EPS": 0.42,
        "Total Revenue": 15,
        "Gross Profit": 11,
        "Operating Income": 3,
        "EBIT": NaN,
        "Net Income": 2
    },
    "2011-12-31": {
        "Diluted EPS": 0.46,
        "Total Revenue": 16,
        "Gross Profit": 11,
        "Operating Income": 4,
        "EBIT": NaN,
        "Net Income": 2
    },
    "2011-09-30": {
        "Diluted EPS": 0.42,
        "Total Revenue": 16,
        "Gross Profit": 11,
        "Operating Income": 4,
        "EBIT": NaN,
        "Net Income": 2
    },
    "2011-06-30": {
        "Diluted EPS": 0.49,
        "Total Revenue": 16,
        "Gross Profit": 11,
        "Operating Income": 3,
        "EBIT": NaN,
        "Net Income": 2
    },
    "2011-03-31": {
        "Diluted EPS": 0.26,
        "Total Revenue": 16,
        "Gross Profit": 10,
        "Operating Income": 2,
        "EBIT": NaN,
        "Net Income": 1
    },
    "2010-12-31": {
        "Diluted EPS": 0.12,
        "Total Revenue": 16,
        "Gross Profit": 10,
        "Operating Income": 1,
        "EBIT": NaN,
        "Net Income": 1
    },
    "2010-09-30": {
        "Diluted EPS": 0.19,
        "Total Revenue": 16,
        "Gross Profit": 10,
        "Operating Income": 1,
        "EBIT": NaN,
        "Net Income": 1
    },
    "2010-06-30": {
        "Diluted EPS": -0.3,
        "Total Revenue": 16,
        "Gross Profit": 9,
        "Operating Income": -1,
        "EBIT": NaN,
        "Net Income": -2
    },
    "2010-03-31": {
        "Diluted EPS": 0.18,
        "Total Revenue": 16,
        "Gross Profit": 9,
        "Operating Income": 2,
        "EBIT": NaN,
        "Net Income": 1
    },
    "2009-12-31": {
        "Diluted EPS": -0.07,
        "Total Revenue": 16,
        "Gross Profit": 9,
        "Operating Income": -1,
        "EBIT": NaN,
        "Net Income": 0
    },
    "2009-09-30": {
        "Diluted EPS": 0.27,
        "Total Revenue": 16,
        "Gross Profit": 9,
        "Operating Income": 2,
        "EBIT": NaN,
        "Net Income": 1
    },
    "2009-06-30": {
        "Diluted EPS": 0.05,
        "Total Revenue": 15,
        "Gross Profit": 8,
        "Operating Income": 0,
        "EBIT": NaN,
        "Net Income": 0
    },
    "2009-03-31": {
        "Diluted EPS": -0.04,
        "Total Revenue": 15,
        "Gross Profit": 8,
        "Operating Income": 0,
        "EBIT": NaN,
        "Net Income": 0
    },
    "2023-09-30": {
        "Tax Effect Of Unusual Items": 0.0,
        "Tax Rate For Calcs": 0.173,
        "Net Income From Continuing Operation Net Minority Interest": 9941000.0,
        "Reconciled Depreciation": 966000.0,
        "Net Interest Income": 28596000.0,
        "Interest Expense": 22345000.0,
        "Interest Income": 50941000.0,
        "Normalized Income": 9941000.0,
        "Net Income From Continuing And Discontinued Operation": 9941000.0,
        "Diluted Average Shares": 8107641.0,
        "Basic Average Shares": 8107641.0,
        "Diluted EPS": 1.17,
        "Basic EPS": 1.17,
        "Diluted NI Availto Com Stockholders": 9481000.0,
        "Net Income Common Stockholders": 9481000.0,
        "Otherunder Preferred Stock Dividend": 242000.0,
        "Preferred Stock Dividends": 218000.0,
        "Net Income": 9941000.0,
        "Net Income Including Noncontrolling Interests": 9941000.0,
        "Net Income Continuous Operations": 9941000.0,
        "Tax Provision": 2079000.0,
        "Pretax Income": 12020000.0,
        "Gain On Sale Of Security": 0.0,
        "Selling General And Administration": 17011000.0,
        "Selling And Marketing Expense": 758000.0,
        "General And Administrative Expense": 16253000.0,
        "Other Gand A": NaN,
        "Insurance And Claims": 680000.0,
        "Salaries And Wages": 15573000.0,
        "Total Revenue": 37026000.0,
        "Operating Revenue": 37026000.0,
        "Occupancy And Equipment": 924000.0,
        "Professional Expense And Contract Services Expense": 1429000.0,
        "Other Non Interest Expense": 3825000.0
    },
    "2023-12-31": {
        "Tax Effect Of Unusual Items": 0.0,
        "Tax Rate For Calcs": 0.216708,
        "Net Income From Continuing Operation Net Minority Interest": 9770000.0,
        "Reconciled Depreciation": 798000.0,
        "Net Interest Income": 29539000.0,
        "Interest Expense": 25222000.0,
        "Interest Income": 54761000.0,
        "Normalized Income": 9770000.0,
        "Net Income From Continuing And Discontinued Operation": 9770000.0,
        "Diluted Average Shares": 8110462.0,
        "Basic Average Shares": 8110462.0,
        "Diluted EPS": 1.15,
        "Basic EPS": 1.15,
        "Diluted NI Availto Com Stockholders": 9303000.0,
        "Net Income Common Stockholders": 9303000.0,
        "Otherunder Preferred Stock Dividend": 248000.0,
        "Preferred Stock Dividends": 219000.0,
        "Net Income": 9770000.0,
        "Net Income Including Noncontrolling Interests": 9770000.0,
        "Net Income Continuous Operations": 9770000.0,
        "Tax Provision": 2703000.0,
        "Pretax Income": 12473000.0,
        "Gain On Sale Of Security": 0.0,
        "Selling General And Administration": 15758000.0,
        "Selling And Marketing Expense": 724000.0,
        "General And Administrative Expense": 15034000.0,
        "Other Gand A": NaN,
        "Insurance And Claims": 585000.0,
        "Salaries And Wages": 14449000.0,
        "Total Revenue": 36633000.0,
        "Operating Revenue": 36633000.0,
        "Occupancy And Equipment": 912000.0,
        "Professional Expense And Contract Services Expense": 1313000.0,
        "Other Non Interest Expense": 3605000.0
    },
    "2024-03-31": {
        "Tax Effect Of Unusual Items": 0.0,
        "Tax Rate For Calcs": 0.165,
        "Net Income From Continuing Operation Net Minority Interest": 8848000.0,
        "Reconciled Depreciation": 791000.0,
        "Net Interest Income": 29511000.0,
        "Interest Expense": 26272000.0,
        "Interest Income": 55783000.0,
        "Normalized Income": 8848000.0,
        "Net Income From Continuing And Discontinued Operation": 8848000.0,
        "Diluted Average Shares": 8125319.0,
        "Basic Average Shares": 8125319.0,
        "Diluted EPS": 1.04,
        "Basic EPS": 1.04,
        "Diluted NI Availto Com Stockholders": 8415000.0,
        "Net Income Common Stockholders": 8415000.0,
        "Otherunder Preferred Stock Dividend": 214000.0,
        "Preferred Stock Dividends": 219000.0,
        "Net Income": 8848000.0,
        "Net Income Including Noncontrolling Interests": 8848000.0,
        "Net Income Continuous Operations": 8848000.0,
        "Tax Provision": 1752000.0,
        "Pretax Income": 10600000.0,
        "Gain On Sale Of Security": -8000.0,
        "Selling General And Administration": 17585000.0,
        "Selling And Marketing Expense": 818000.0,
        "General And Administrative Expense": 16767000.0,
        "Other Gand A": NaN,
        "Insurance And Claims": 610000.0,
        "Salaries And Wages": 16157000.0,
        "Total Revenue": 36268000.0,
        "Operating Revenue": 36268000.0,
        "Occupancy And Equipment": 952000.0,
        "Professional Expense And Contract Services Expense": 1571000.0,
        "Other Non Interest Expense": 3234000.0
    },
    "2024-06-30": {
        "Tax Effect Of Unusual Items": 0.0,
        "Tax Rate For Calcs": 0.154934,
        "Net Income From Continuing Operation Net Minority Interest": 10456000.0,
        "Reconciled Depreciation": 979000.0,
        "Net Interest Income": 30540000.0,
        "Interest Expense": 27370000.0,
        "Interest Income": 57910000.0,
        "Normalized Income": 10456000.0,
        "Net Income From Continuing And Discontinued Operation": 10456000.0,
        "Diluted Average Shares": 8113246.0,
        "Basic Average Shares": 8113246.0,
        "Diluted EPS": 1.23,
        "Basic EPS": 1.23,
        "Diluted NI Availto Com Stockholders": 10237000.0,
        "Net Income Common Stockholders": 10237000.0,
        "Otherunder Preferred Stock Dividend": NaN,
        "Preferred Stock Dividends": 219000.0,
        "Net Income": 10456000.0,
        "Net Income Including Noncontrolling Interests": 10456000.0,
        "Net Income Continuous Operations": 10456000.0,
        "Tax Provision": 1917000.0,
        "Pretax Income": 12373000.0,
        "Gain On Sale Of Security": 0.0,
        "Selling General And Administration": 17677000.0,
        "Selling And Marketing Expense": 850000.0,
        "General And Administrative Expense": 16827000.0,
        "Other Gand A": NaN,
        "Insurance And Claims": 612000.0,
        "Salaries And Wages": 16215000.0,
        "Total Revenue": 37965000.0,
        "Operating Revenue": 37965000.0,
        "Occupancy And Equipment": 928000.0,
        "Professional Expense And Contract Services Expense": 1472000.0,
        "Other Non Interest Expense": 3802000.0
    }
}