{
    "2023-06-30": {
        "Tax Effect Of Unusual Items": 116194.0,
        "Tax Rate For Calcs": 0.218,
        "Total Unusual Items": 533000.0,
        "Total Unusual Items Excluding Goodwill": 533000.0,
        "Net Income From Continuing Operation Net Minority Interest": 35299000.0,
        "Reconciled Depreciation": 3392000.0,
        "Net Interest Income": 101543000.0,
        "Interest Expense": 68640000.0,
        "Interest Income": 170183000.0,
        "Normalized Income": 34882194.0,
        "Net Income From Continuing And Discontinued Operation": 35299000.0,
        "Diluted Average Shares": 46814854.0,
        "Basic Average Shares": 46779388.0,
        "Diluted EPS": 0.75,
        "Basic EPS": 0.75,
        "Diluted NI Availto Com Stockholders": 35299000.0,
        "Net Income Common Stockholders": 35299000.0,
        "Net Income": 35299000.0,
        "Minority Interests": -8000.0,
        "Net Income Including Noncontrolling Interests": 35307000.0,
        "Net Income Continuous Operations": 35307000.0,
        "Tax Provision": 9835000.0,
        "Pretax Income": 45142000.0,
        "Special Income Charges": 0.0,
        "Gain On Sale Of Security": -28000.0,
        "Depreciation Amortization Depletion Income Statement": 940000.0,
        "Depreciation And Amortization In Income Statement": 940000.0,
        "Amortization": 940000.0,
        "Amortization Of Intangibles Income Statement": 940000.0,
        "Selling General And Administration": 54021000.0,
        "Selling And Marketing Expense": 2001000.0,
        "General And Administrative Expense": 52020000.0,
        "Salaries And Wages": 52020000.0,
        "Total Revenue": 125356000.0,
        "Operating Revenue": 125356000.0,
        "Occupancy And Equipment": 6281000.0,
        "Professional Expense And Contract Services Expense": 2199000.0,
        "Other Non Interest Expense": 17851000.0
    },
    "2023-03-31": {
        "Tax Effect Of Unusual Items": -38430.0,
        "Tax Rate For Calcs": 0.21,
        "Total Unusual Items": -183000.0,
        "Total Unusual Items Excluding Goodwill": -183000.0,
        "Net Income From Continuing Operation Net Minority Interest": 36381000.0,
        "Reconciled Depreciation": 3218000.0,
        "Net Interest Income": 103660000.0,
        "Interest Expense": 55820000.0,
        "Interest Income": 159480000.0,
        "Normalized Income": 36525570.0,
        "Net Income From Continuing And Discontinued Operation": 36381000.0,
        "Diluted Average Shares": 46765154.0,
        "Basic Average Shares": 46679618.0,
        "Diluted EPS": 0.78,
        "Basic EPS": 0.78,
        "Diluted NI Availto Com Stockholders": 36381000.0,
        "Net Income Common Stockholders": 36381000.0,
        "Net Income": 36381000.0,
        "Minority Interests": 0.0,
        "Net Income Including Noncontrolling Interests": 36381000.0,
        "Net Income Continuous Operations": 36381000.0,
        "Tax Provision": 9697000.0,
        "Pretax Income": 46078000.0,
        "Special Income Charges": NaN,
        "Gain On Sale Of Security": 69000.0,
        "Depreciation Amortization Depletion Income Statement": 990000.0,
        "Depreciation And Amortization In Income Statement": 990000.0,
        "Amortization": 990000.0,
        "Amortization Of Intangibles Income Statement": 990000.0,
        "Selling General And Administration": 50921000.0,
        "Selling And Marketing Expense": 2133000.0,
        "General And Administrative Expense": 48788000.0,
        "Salaries And Wages": 48788000.0,
        "Total Revenue": 127009000.0,
        "Operating Revenue": 127009000.0,
        "Occupancy And Equipment": 5909000.0,
        "Professional Expense And Contract Services Expense": 3108000.0,
        "Other Non Interest Expense": 19512000.0
    },
    "2022-12-31": {
        "Tax Effect Of Unusual Items": NaN,
        "Tax Rate For Calcs": NaN,
        "Total Unusual Items": NaN,
        "Total Unusual Items Excluding Goodwill": NaN,
        "Net Income From Continuing Operation Net Minority Interest": NaN,
        "Reconciled Depreciation": NaN,
        "Net Interest Income": NaN,
        "Interest Expense": NaN,
        "Interest Income": NaN,
        "Normalized Income": NaN,
        "Net Income From Continuing And Discontinued Operation": NaN,
        "Diluted Average Shares": NaN,
        "Basic Average Shares": NaN,
        "Diluted EPS": NaN,
        "Basic EPS": NaN,
        "Diluted NI Availto Com Stockholders": NaN,
        "Net Income Common Stockholders": NaN,
        "Net Income": NaN,
        "Minority Interests": NaN,
        "Net Income Including Noncontrolling Interests": NaN,
        "Net Income Continuous Operations": NaN,
        "Tax Provision": NaN,
        "Pretax Income": NaN,
        "Special Income Charges": 0.0,
        "Gain On Sale Of Security": NaN,
        "Depreciation Amortization Depletion Income Statement": NaN,
        "Depreciation And Amortization In Income Statement": NaN,
        "Amortization": NaN,
        "Amortization Of Intangibles Income Statement": NaN,
        "Selling General And Administration": NaN,
        "Selling And Marketing Expense": NaN,
        "General And Administrative Expense": NaN,
        "Salaries And Wages": NaN,
        "Total Revenue": NaN,
        "Operating Revenue": NaN,
        "Occupancy And Equipment": NaN,
        "Professional Expense And Contract Services Expense": NaN,
        "Other Non Interest Expense": NaN
    },
    "2022-09-30": {
        "Tax Effect Of Unusual Items": NaN,
        "Tax Rate For Calcs": NaN,
        "Total Unusual Items": NaN,
        "Total Unusual Items Excluding Goodwill": NaN,
        "Net Income From Continuing Operation Net Minority Interest": NaN,
        "Reconciled Depreciation": NaN,
        "Net Interest Income": NaN,
        "Interest Expense": NaN,
        "Interest Income": NaN,
        "Normalized Income": NaN,
        "Net Income From Continuing And Discontinued Operation": NaN,
        "Diluted Average Shares": NaN,
        "Basic Average Shares": NaN,
        "Diluted EPS": NaN,
        "Basic EPS": NaN,
        "Diluted NI Availto Com Stockholders": NaN,
        "Net Income Common Stockholders": NaN,
        "Net Income": NaN,
        "Minority Interests": NaN,
        "Net Income Including Noncontrolling Interests": NaN,
        "Net Income Continuous Operations": NaN,
        "Tax Provision": NaN,
        "Pretax Income": NaN,
        "Special Income Charges": 0.0,
        "Gain On Sale Of Security": NaN,
        "Depreciation Amortization Depletion Income Statement": NaN,
        "Depreciation And Amortization In Income Statement": NaN,
        "Amortization": NaN,
        "Amortization Of Intangibles Income Statement": NaN,
        "Selling General And Administration": NaN,
        "Selling And Marketing Expense": NaN,
        "General And Administrative Expense": NaN,
        "Salaries And Wages": NaN,
        "Total Revenue": NaN,
        "Operating Revenue": NaN
    },
    "2022-06-30": {
        "Tax Effect Of Unusual Items": -3216228.0,
        "Tax Rate For Calcs": 0.258,
        "Total Unusual Items": -12466000.0,
        "Total Unusual Items Excluding Goodwill": -12466000.0,
        "Net Income From Continuing Operation Net Minority Interest": 19345000.0,
        "Reconciled Depreciation": 1194000.0,
        "Net Interest Income": 102171000.0,
        "Interest Expense": 8043000.0,
        "Interest Income": 110214000.0,
        "Normalized Income": 28594772.0,
        "Net Income From Continuing And Discontinued Operation": 19345000.0,
        "Diluted Average Shares": 47211650.0,
        "Basic Average Shares": 47111055.0,
        "Diluted EPS": 0.41,
        "Basic EPS": 0.41,
        "Diluted NI Availto Com Stockholders": 19345000.0,
        "Net Income Common Stockholders": 19345000.0,
        "Net Income": 19345000.0,
        "Minority Interests": -8000.0,
        "Net Income Including Noncontrolling Interests": 19353000.0,
        "Net Income Continuous Operations": 19353000.0,
        "Tax Provision": 6717000.0,
        "Pretax Income": 26070000.0,
        "Special Income Charges": -12458000.0,
        "Gain On Sale Of Security": -109000.0,
        "Depreciation Amortization Depletion Income Statement": 1194000.0,
        "Depreciation And Amortization In Income Statement": 1194000.0,
        "Amortization": 1194000.0,
        "Amortization Of Intangibles Income Statement": 1194000.0,
        "Selling General And Administration": 57212000.0,
        "Selling And Marketing Expense": 2031000.0,
        "General And Administrative Expense": 55181000.0,
        "Other Gand A": 2404000.0,
        "Salaries And Wages": 55181000.0,
        "Total Revenue": 135385000.0,
        "Operating Revenue": 135385000.0
    },
    "2022-03-31": {
        "Diluted EPS": 0.74,
        "Total Revenue": 137,
        "Gross Profit": 130,
        "Operating Income": 45,
        "EBIT": NaN,
        "Net Income": 35
    },
    "2021-12-31": {
        "Diluted EPS": 1.03,
        "Total Revenue": 150,
        "Gross Profit": 143,
        "Operating Income": 63,
        "EBIT": NaN,
        "Net Income": 49
    },
    "2021-09-30": {
        "Diluted EPS": 0.94,
        "Total Revenue": 156,
        "Gross Profit": 147,
        "Operating Income": 55,
        "EBIT": NaN,
        "Net Income": 45
    },
    "2021-06-30": {
        "Diluted EPS": 0.9,
        "Total Revenue": 146,
        "Gross Profit": 136,
        "Operating Income": 57,
        "EBIT": NaN,
        "Net Income": 43
    },
    "2021-03-31": {
        "Diluted EPS": 1.1,
        "Total Revenue": 162,
        "Gross Profit": 149,
        "Operating Income": 68,
        "EBIT": NaN,
        "Net Income": 53
    },
    "2020-12-31": {
        "Diluted EPS": 1.09,
        "Total Revenue": 179,
        "Gross Profit": 166,
        "Operating Income": 68,
        "EBIT": NaN,
        "Net Income": 46
    },
    "2020-09-30": {
        "Diluted EPS": -0.14,
        "Total Revenue": 178,
        "Gross Profit": 166,
        "Operating Income": 13,
        "EBIT": NaN,
        "Net Income": -6
    },
    "2020-06-30": {
        "Diluted EPS": 0.7,
        "Total Revenue": 147,
        "Gross Profit": 137,
        "Operating Income": 32,
        "EBIT": NaN,
        "Net Income": 23
    },
    "2020-03-31": {
        "Diluted EPS": 0.02,
        "Total Revenue": 112,
        "Gross Profit": 99,
        "Operating Income": 4,
        "EBIT": NaN,
        "Net Income": 1
    },
    "2019-12-31": {
        "Diluted EPS": 0.68,
        "Total Revenue": 107,
        "Gross Profit": 93,
        "Operating Income": 28,
        "EBIT": NaN,
        "Net Income": 21
    },
    "2019-09-30": {
        "Diluted EPS": 0.76,
        "Total Revenue": 111,
        "Gross Profit": 96,
        "Operating Income": 32,
        "EBIT": NaN,
        "Net Income": 24
    },
    "2019-06-30": {
        "Diluted EPS": 0.59,
        "Total Revenue": 105,
        "Gross Profit": 90,
        "Operating Income": 29,
        "EBIT": NaN,
        "Net Income": 19
    },
    "2019-03-31": {
        "Diluted EPS": 0.62,
        "Total Revenue": 95,
        "Gross Profit": 82,
        "Operating Income": 26,
        "EBIT": NaN,
        "Net Income": 19
    },
    "2018-12-31": {
        "Diluted EPS": 0.54,
        "Total Revenue": 90,
        "Gross Profit": 79,
        "Operating Income": 23,
        "EBIT": NaN,
        "Net Income": 17
    },
    "2018-09-30": {
        "Diluted EPS": 0.68,
        "Total Revenue": 97,
        "Gross Profit": 87,
        "Operating Income": 28,
        "EBIT": NaN,
        "Net Income": 21
    },
    "2018-06-30": {
        "Diluted EPS": 0.7,
        "Total Revenue": 95,
        "Gross Profit": 87,
        "Operating Income": 30,
        "EBIT": NaN,
        "Net Income": 22
    },
    "2018-03-31": {
        "Diluted EPS": 0.63,
        "Total Revenue": 88,
        "Gross Profit": 82,
        "Operating Income": 26,
        "EBIT": NaN,
        "Net Income": 20
    },
    "2017-12-31": {
        "Diluted EPS": 0.76,
        "Total Revenue": 92,
        "Gross Profit": 86,
        "Operating Income": 30,
        "EBIT": NaN,
        "Net Income": 23
    },
    "2017-09-30": {
        "Diluted EPS": 0.27,
        "Total Revenue": 86,
        "Gross Profit": 81,
        "Operating Income": 29,
        "EBIT": NaN,
        "Net Income": 8
    },
    "2017-06-30": {
        "Diluted EPS": 0.43,
        "Total Revenue": 69,
        "Gross Profit": 66,
        "Operating Income": 19,
        "EBIT": NaN,
        "Net Income": 11
    },
    "2017-03-31": {
        "Diluted EPS": 0.4,
        "Total Revenue": 64,
        "Gross Profit": 61,
        "Operating Income": 16,
        "EBIT": NaN,
        "Net Income": 10
    },
    "2016-12-31": {
        "Diluted EPS": 0.26,
        "Total Revenue": 63,
        "Gross Profit": 60,
        "Operating Income": 10,
        "EBIT": NaN,
        "Net Income": 9
    },
    "2016-09-30": {
        "Diluted EPS": 0.07,
        "Total Revenue": 74,
        "Gross Profit": 72,
        "Operating Income": 20,
        "EBIT": NaN,
        "Net Income": 1
    },
    "2016-06-30": {
        "Diluted EPS": 0.92,
        "Total Revenue": 69,
        "Gross Profit": 67,
        "Operating Income": 23,
        "EBIT": NaN,
        "Net Income": 16
    },
    "2016-03-31": {
        "Diluted EPS": 0.85,
        "Total Revenue": 59,
        "Gross Profit": 57,
        "Operating Income": 17,
        "EBIT": NaN,
        "Net Income": 15
    },
    "2015-12-31": {
        "Diluted EPS": 0.0,
        "Total Revenue": NaN,
        "Gross Profit": NaN,
        "Operating Income": NaN,
        "EBIT": NaN,
        "Net Income": NaN
    },
    "2015-09-30": {
        "Diluted EPS": 0.93,
        "Total Revenue": 53,
        "Gross Profit": 51,
        "Operating Income": 17,
        "EBIT": NaN,
        "Net Income": 16
    },
    "2014-12-31": {
        "Diluted EPS": 0.0,
        "Total Revenue": NaN,
        "Gross Profit": NaN,
        "Operating Income": NaN,
        "EBIT": NaN,
        "Net Income": NaN
    },
    "2013-12-31": {
        "Diluted EPS": 0.0,
        "Total Revenue": NaN,
        "Gross Profit": NaN,
        "Operating Income": NaN,
        "EBIT": NaN,
        "Net Income": NaN
    },
    "2023-09-30": {
        "Tax Effect Of Unusual Items": 19780.0,
        "Tax Rate For Calcs": 0.172,
        "Total Unusual Items": 115000.0,
        "Total Unusual Items Excluding Goodwill": 115000.0,
        "Net Income From Continuing Operation Net Minority Interest": 19175000.0,
        "Reconciled Depreciation": 3570000.0,
        "Net Interest Income": 100926000.0,
        "Interest Expense": 72986000.0,
        "Interest Income": 173912000.0,
        "Normalized Income": 19079780.0,
        "Net Income From Continuing And Discontinued Operation": 19175000.0,
        "Diluted Average Shares": 46856422.0,
        "Basic Average Shares": 46818612.0,
        "Diluted EPS": 0.41,
        "Basic EPS": 0.41,
        "Diluted NI Availto Com Stockholders": 19175000.0,
        "Net Income Common Stockholders": 19175000.0,
        "Net Income": 19175000.0,
        "Minority Interests": 0.0,
        "Net Income Including Noncontrolling Interests": 19175000.0,
        "Net Income Continuous Operations": 19175000.0,
        "Tax Provision": 3975000.0,
        "Pretax Income": 23150000.0,
        "Special Income Charges": 0.0,
        "Gain On Sale Of Security": -14197000.0,
        "Depreciation Amortization Depletion Income Statement": 889000.0,
        "Depreciation And Amortization In Income Statement": 889000.0,
        "Amortization": 889000.0,
        "Amortization Of Intangibles Income Statement": 889000.0,
        "Selling General And Administration": 56615000.0,
        "Selling And Marketing Expense": 2124000.0,
        "General And Administrative Expense": 54491000.0,
        "Salaries And Wages": 54491000.0,
        "Total Revenue": 108968000.0,
        "Operating Revenue": 108968000.0,
        "Occupancy And Equipment": 6428000.0,
        "Professional Expense And Contract Services Expense": 1760000.0,
        "Other Non Interest Expense": 17305000.0
    },
    "2023-12-31": {
        "Tax Effect Of Unusual Items": -89642.558878,
        "Tax Rate For Calcs": 0.1822,
        "Total Unusual Items": -492000.0,
        "Total Unusual Items Excluding Goodwill": -492000.0,
        "Net Income From Continuing Operation Net Minority Interest": 29369000.0,
        "Reconciled Depreciation": 4659000.0,
        "Net Interest Income": 101088000.0,
        "Interest Expense": 73747000.0,
        "Interest Income": 174835000.0,
        "Normalized Income": 29771357.441122,
        "Net Income From Continuing And Discontinued Operation": 29369000.0,
        "Diluted Average Shares": 46916939.0,
        "Basic Average Shares": 46845055.0,
        "Diluted EPS": 0.63,
        "Basic EPS": 0.63,
        "Diluted NI Availto Com Stockholders": 29369000.0,
        "Net Income Common Stockholders": 29369000.0,
        "Net Income": 29369000.0,
        "Minority Interests": -8000.0,
        "Net Income Including Noncontrolling Interests": 29377000.0,
        "Net Income Continuous Operations": 29377000.0,
        "Tax Provision": 6545000.0,
        "Pretax Income": 35922000.0,
        "Special Income Charges": 0.0,
        "Gain On Sale Of Security": 183000.0,
        "Depreciation Amortization Depletion Income Statement": 840000.0,
        "Depreciation And Amortization In Income Statement": 840000.0,
        "Amortization": 840000.0,
        "Amortization Of Intangibles Income Statement": 840000.0,
        "Selling General And Administration": 50151000.0,
        "Selling And Marketing Expense": 2009000.0,
        "General And Administrative Expense": 48142000.0,
        "Salaries And Wages": 48142000.0,
        "Total Revenue": 116427000.0,
        "Operating Revenue": 116427000.0,
        "Occupancy And Equipment": 9530000.0,
        "Professional Expense And Contract Services Expense": 1823000.0,
        "Other Non Interest Expense": 17856000.0
    },
    "2024-03-31": {
        "Tax Effect Of Unusual Items": 103960.0,
        "Tax Rate For Calcs": 0.184,
        "Total Unusual Items": 565000.0,
        "Total Unusual Items Excluding Goodwill": 565000.0,
        "Net Income From Continuing Operation Net Minority Interest": 27950000.0,
        "Reconciled Depreciation": 3630000.0,
        "Net Interest Income": 99490000.0,
        "Interest Expense": 76638000.0,
        "Interest Income": 176128000.0,
        "Normalized Income": 27488960.0,
        "Net Income From Continuing And Discontinued Operation": 27950000.0,
        "Diluted Average Shares": 46998873.0,
        "Basic Average Shares": 46874882.0,
        "Diluted EPS": 0.59,
        "Basic EPS": 0.6,
        "Diluted NI Availto Com Stockholders": 27950000.0,
        "Net Income Common Stockholders": 27950000.0,
        "Net Income": 27950000.0,
        "Minority Interests": 0.0,
        "Net Income Including Noncontrolling Interests": 27950000.0,
        "Net Income Continuous Operations": 27950000.0,
        "Tax Provision": 6300000.0,
        "Pretax Income": 34250000.0,
        "Special Income Charges": NaN,
        "Gain On Sale Of Security": -16213000.0,
        "Depreciation Amortization Depletion Income Statement": 789000.0,
        "Depreciation And Amortization In Income Statement": 789000.0,
        "Amortization": 789000.0,
        "Amortization Of Intangibles Income Statement": 789000.0,
        "Selling General And Administration": 45789000.0,
        "Selling And Marketing Expense": 1171000.0,
        "General And Administrative Expense": 44618000.0,
        "Salaries And Wages": 44618000.0,
        "Total Revenue": 107452000.0,
        "Operating Revenue": 107452000.0,
        "Occupancy And Equipment": 6614000.0,
        "Professional Expense And Contract Services Expense": 1919000.0,
        "Other Non Interest Expense": 17309000.0
    },
    "2024-06-30": {
        "Tax Effect Of Unusual Items": -60134.0,
        "Tax Rate For Calcs": 0.214,
        "Total Unusual Items": -281000.0,
        "Total Unusual Items Excluding Goodwill": -281000.0,
        "Net Income From Continuing Operation Net Minority Interest": 39979000.0,
        "Reconciled Depreciation": 3613000.0,
        "Net Interest Income": 102615000.0,
        "Interest Expense": 74798000.0,
        "Interest Income": 177413000.0,
        "Normalized Income": 40199866.0,
        "Net Income From Continuing And Discontinued Operation": 39979000.0,
        "Diluted Average Shares": 46845143.0,
        "Basic Average Shares": 46762488.0,
        "Diluted EPS": 0.85,
        "Basic EPS": 0.85,
        "Diluted NI Availto Com Stockholders": 39979000.0,
        "Net Income Common Stockholders": 39979000.0,
        "Net Income": 39979000.0,
        "Minority Interests": -8000.0,
        "Net Income Including Noncontrolling Interests": 39987000.0,
        "Net Income Continuous Operations": 39987000.0,
        "Tax Provision": 10919000.0,
        "Pretax Income": 50906000.0,
        "Special Income Charges": NaN,
        "Gain On Sale Of Security": 0.0,
        "Depreciation Amortization Depletion Income Statement": 752000.0,
        "Depreciation And Amortization In Income Statement": 752000.0,
        "Amortization": 752000.0,
        "Amortization Of Intangibles Income Statement": 752000.0,
        "Selling General And Administration": 48084000.0,
        "Selling And Marketing Expense": 1859000.0,
        "General And Administrative Expense": 46225000.0,
        "Salaries And Wages": 46225000.0,
        "Total Revenue": 128223000.0,
        "Operating Revenue": 128223000.0,
        "Occupancy And Equipment": 6328000.0,
        "Professional Expense And Contract Services Expense": 1979000.0,
        "Other Non Interest Expense": 17950000.0
    }
}