{
    "2023-06-30": {
        "Tax Effect Of Unusual Items": -881715.0,
        "Tax Rate For Calcs": 0.215,
        "Total Unusual Items": -4101000.0,
        "Total Unusual Items Excluding Goodwill": -4101000.0,
        "Net Income From Continuing Operation Net Minority Interest": 23779000.0,
        "Reconciled Depreciation": -1015000.0,
        "Net Interest Income": 66030000.0,
        "Interest Expense": 20164000.0,
        "Interest Income": 86194000.0,
        "Normalized Income": 26998285.0,
        "Net Income From Continuing And Discontinued Operation": 23779000.0,
        "Diluted Average Shares": 31591665.0,
        "Basic Average Shares": 31378364.0,
        "Diluted EPS": 0.75,
        "Basic EPS": 0.76,
        "Diluted NI Availto Com Stockholders": 23779000.0,
        "Net Income Common Stockholders": 23779000.0,
        "Net Income": 23779000.0,
        "Net Income Including Noncontrolling Interests": 23779000.0,
        "Net Income Continuous Operations": 23779000.0,
        "Tax Provision": 6525000.0,
        "Pretax Income": 30304000.0,
        "Special Income Charges": -4101000.0,
        "Other Special Charges": NaN,
        "Restructuring And Mergern Acquisition": 4101000.0,
        "Gain On Sale Of Security": -48000.0,
        "Depreciation Amortization Depletion Income Statement": 2391000.0,
        "Depreciation And Amortization In Income Statement": 2391000.0,
        "Amortization": 2391000.0,
        "Amortization Of Intangibles Income Statement": 2391000.0,
        "Selling General And Administration": 24118000.0,
        "Selling And Marketing Expense": 45000.0,
        "General And Administrative Expense": 24073000.0,
        "Insurance And Claims": 758000.0,
        "Salaries And Wages": 23315000.0,
        "Total Revenue": 78453000.0,
        "Operating Revenue": 78453000.0
    },
    "2023-03-31": {
        "Tax Effect Of Unusual Items": -688820.0,
        "Tax Rate For Calcs": 0.22,
        "Total Unusual Items": -3131000.0,
        "Total Unusual Items Excluding Goodwill": -3131000.0,
        "Net Income From Continuing Operation Net Minority Interest": 16271000.0,
        "Reconciled Depreciation": 3336000.0,
        "Net Interest Income": 64926000.0,
        "Interest Expense": 15412000.0,
        "Interest Income": 80338000.0,
        "Normalized Income": 18713180.0,
        "Net Income From Continuing And Discontinued Operation": 16271000.0,
        "Diluted Average Shares": 31541213.0,
        "Basic Average Shares": 31309458.0,
        "Diluted EPS": 0.52,
        "Basic EPS": 0.52,
        "Diluted NI Availto Com Stockholders": 16271000.0,
        "Net Income Common Stockholders": 16271000.0,
        "Net Income": 16271000.0,
        "Net Income Including Noncontrolling Interests": 16271000.0,
        "Net Income Continuous Operations": 16271000.0,
        "Tax Provision": 4597000.0,
        "Pretax Income": 20868000.0,
        "Special Income Charges": -3131000.0,
        "Other Special Charges": -662000.0,
        "Restructuring And Mergern Acquisition": 3793000.0,
        "Gain On Sale Of Security": 0.0,
        "Depreciation Amortization Depletion Income Statement": NaN,
        "Depreciation And Amortization In Income Statement": NaN,
        "Amortization": NaN,
        "Amortization Of Intangibles Income Statement": NaN,
        "Selling General And Administration": 23572000.0,
        "Selling And Marketing Expense": NaN,
        "General And Administrative Expense": 23572000.0,
        "Insurance And Claims": NaN,
        "Salaries And Wages": 23572000.0,
        "Total Revenue": 76876000.0,
        "Operating Revenue": 76876000.0
    },
    "2022-12-31": {
        "Tax Effect Of Unusual Items": -193220.859802,
        "Tax Rate For Calcs": 0.197567,
        "Total Unusual Items": -978000.0,
        "Total Unusual Items Excluding Goodwill": -978000.0,
        "Net Income From Continuing Operation Net Minority Interest": 16295000.0,
        "Reconciled Depreciation": 6624000.0,
        "Net Interest Income": 47929000.0,
        "Interest Expense": 10002000.0,
        "Interest Income": 57931000.0,
        "Normalized Income": 17079779.140198,
        "Net Income From Continuing And Discontinued Operation": 16295000.0,
        "Diluted Average Shares": 24168544.0,
        "Basic Average Shares": 24027189.0,
        "Diluted EPS": 0.67,
        "Basic EPS": 0.68,
        "Diluted NI Availto Com Stockholders": 16295000.0,
        "Net Income Common Stockholders": 16295000.0,
        "Net Income": 16295000.0,
        "Net Income Including Noncontrolling Interests": 16295000.0,
        "Net Income Continuous Operations": 16295000.0,
        "Tax Provision": 4012000.0,
        "Pretax Income": 20307000.0,
        "Special Income Charges": -1192000.0,
        "Other Special Charges": 2000.0,
        "Restructuring And Mergern Acquisition": 1190000.0,
        "Gain On Sale Of Security": 0.0,
        "Depreciation Amortization Depletion Income Statement": NaN,
        "Depreciation And Amortization In Income Statement": NaN,
        "Amortization": NaN,
        "Amortization Of Intangibles Income Statement": NaN,
        "Selling General And Administration": 20591000.0,
        "Selling And Marketing Expense": 135000.0,
        "General And Administrative Expense": 20456000.0,
        "Insurance And Claims": 514000.0,
        "Salaries And Wages": 19942000.0,
        "Total Revenue": 52176000.0,
        "Operating Revenue": 52176000.0
    },
    "2022-09-30": {
        "Tax Effect Of Unusual Items": -794977.458674,
        "Tax Rate For Calcs": 0.2184,
        "Total Unusual Items": -3640000.0,
        "Total Unusual Items Excluding Goodwill": -3640000.0,
        "Net Income From Continuing Operation Net Minority Interest": 14043000.0,
        "Reconciled Depreciation": 1227000.0,
        "Net Interest Income": 49148000.0,
        "Interest Expense": 4726000.0,
        "Interest Income": 53874000.0,
        "Normalized Income": 16888022.541326,
        "Net Income From Continuing And Discontinued Operation": 14043000.0,
        "Diluted Average Shares": 22979529.0,
        "Basic Average Shares": 22861795.0,
        "Diluted EPS": 0.61,
        "Basic EPS": 0.61,
        "Diluted NI Availto Com Stockholders": 14043000.0,
        "Net Income Common Stockholders": 14043000.0,
        "Net Income": 14043000.0,
        "Net Income Including Noncontrolling Interests": 14043000.0,
        "Net Income Continuous Operations": 14043000.0,
        "Tax Provision": 3924000.0,
        "Pretax Income": 17967000.0,
        "Special Income Charges": -3640000.0,
        "Other Special Charges": NaN,
        "Restructuring And Mergern Acquisition": 3640000.0,
        "Gain On Sale Of Security": 1000.0,
        "Depreciation Amortization Depletion Income Statement": 1227000.0,
        "Depreciation And Amortization In Income Statement": 1227000.0,
        "Amortization": 1227000.0,
        "Amortization Of Intangibles Income Statement": 1227000.0,
        "Selling General And Administration": 19645000.0,
        "Selling And Marketing Expense": 50000.0,
        "General And Administrative Expense": 19595000.0,
        "Insurance And Claims": 496000.0,
        "Salaries And Wages": 19099000.0,
        "Total Revenue": 58170000.0,
        "Operating Revenue": 58170000.0
    },
    "2022-06-30": {
        "Tax Effect Of Unusual Items": -181218.063509,
        "Tax Rate For Calcs": 0.179958,
        "Total Unusual Items": -1007000.0,
        "Total Unusual Items Excluding Goodwill": -1007000.0,
        "Net Income From Continuing Operation Net Minority Interest": 15753000.0,
        "Reconciled Depreciation": 1064000.0,
        "Net Interest Income": 42101000.0,
        "Interest Expense": 3746000.0,
        "Interest Income": 45847000.0,
        "Normalized Income": 16578781.936491,
        "Net Income From Continuing And Discontinued Operation": 15753000.0,
        "Diluted Average Shares": 20615928.0,
        "Basic Average Shares": 20507451.0,
        "Diluted EPS": 0.76,
        "Basic EPS": 0.77,
        "Diluted NI Availto Com Stockholders": 15753000.0,
        "Net Income Common Stockholders": 15753000.0,
        "Net Income": 15753000.0,
        "Net Income Including Noncontrolling Interests": 15753000.0,
        "Net Income Continuous Operations": 15753000.0,
        "Tax Provision": 3457000.0,
        "Pretax Income": 19210000.0,
        "Special Income Charges": -1007000.0,
        "Other Special Charges": 115000.0,
        "Restructuring And Mergern Acquisition": 1007000.0,
        "Gain On Sale Of Security": -80000.0,
        "Depreciation Amortization Depletion Income Statement": 1064000.0,
        "Depreciation And Amortization In Income Statement": 1064000.0,
        "Amortization": 1064000.0,
        "Amortization Of Intangibles Income Statement": 1064000.0,
        "Selling General And Administration": 17905000.0,
        "Selling And Marketing Expense": 122000.0,
        "General And Administrative Expense": 17783000.0,
        "Insurance And Claims": 546000.0,
        "Salaries And Wages": 17237000.0,
        "Total Revenue": 50600000.0,
        "Operating Revenue": 50600000.0
    },
    "2022-03-31": {
        "Diluted EPS": 0.81,
        "Total Revenue": 54,
        "Gross Profit": 50,
        "Operating Income": 22,
        "EBIT": NaN,
        "Net Income": 17
    },
    "2021-12-31": {
        "Diluted EPS": 0.74,
        "Total Revenue": 53,
        "Gross Profit": 49,
        "Operating Income": 22,
        "EBIT": NaN,
        "Net Income": 16
    },
    "2021-09-30": {
        "Diluted EPS": 0.76,
        "Total Revenue": 54,
        "Gross Profit": 50,
        "Operating Income": 21,
        "EBIT": NaN,
        "Net Income": 16
    },
    "2021-06-30": {
        "Diluted EPS": 0.74,
        "Total Revenue": 52,
        "Gross Profit": 47,
        "Operating Income": 19,
        "EBIT": NaN,
        "Net Income": 16
    },
    "2021-03-31": {
        "Diluted EPS": 0.79,
        "Total Revenue": 55,
        "Gross Profit": 49,
        "Operating Income": 21,
        "EBIT": NaN,
        "Net Income": 17
    },
    "2020-12-31": {
        "Diluted EPS": 0.74,
        "Total Revenue": 57,
        "Gross Profit": 50,
        "Operating Income": 20,
        "EBIT": NaN,
        "Net Income": 15
    },
    "2020-09-30": {
        "Diluted EPS": 0.55,
        "Total Revenue": 55,
        "Gross Profit": 49,
        "Operating Income": 15,
        "EBIT": NaN,
        "Net Income": 12
    },
    "2020-06-30": {
        "Diluted EPS": 0.79,
        "Total Revenue": 61,
        "Gross Profit": 55,
        "Operating Income": 21,
        "EBIT": NaN,
        "Net Income": 17
    },
    "2020-03-31": {
        "Diluted EPS": 0.44,
        "Total Revenue": 48,
        "Gross Profit": 41,
        "Operating Income": 11,
        "EBIT": NaN,
        "Net Income": 8
    },
    "2019-12-31": {
        "Diluted EPS": 0.67,
        "Total Revenue": 48,
        "Gross Profit": 41,
        "Operating Income": 18,
        "EBIT": NaN,
        "Net Income": 12
    },
    "2019-09-30": {
        "Diluted EPS": 0.71,
        "Total Revenue": 44,
        "Gross Profit": 38,
        "Operating Income": 16,
        "EBIT": NaN,
        "Net Income": 12
    },
    "2019-06-30": {
        "Diluted EPS": 0.69,
        "Total Revenue": 44,
        "Gross Profit": 37,
        "Operating Income": 16,
        "EBIT": NaN,
        "Net Income": 12
    },
    "2019-03-31": {
        "Diluted EPS": 0.48,
        "Total Revenue": 39,
        "Gross Profit": 33,
        "Operating Income": 13,
        "EBIT": NaN,
        "Net Income": 8
    },
    "2018-12-31": {
        "Diluted EPS": 0.49,
        "Total Revenue": 37,
        "Gross Profit": 32,
        "Operating Income": 14,
        "EBIT": NaN,
        "Net Income": 7
    },
    "2018-09-30": {
        "Diluted EPS": 0.39,
        "Total Revenue": 31,
        "Gross Profit": 27,
        "Operating Income": 11,
        "EBIT": NaN,
        "Net Income": 5
    },
    "2018-06-30": {
        "Diluted EPS": 0.4,
        "Total Revenue": 31,
        "Gross Profit": 27,
        "Operating Income": 11,
        "EBIT": NaN,
        "Net Income": 5
    },
    "2018-03-31": {
        "Diluted EPS": 0.34,
        "Total Revenue": 22,
        "Gross Profit": 20,
        "Operating Income": 7,
        "EBIT": NaN,
        "Net Income": 4
    },
    "2017-12-31": {
        "Diluted EPS": 0.22,
        "Total Revenue": 21,
        "Gross Profit": 19,
        "Operating Income": 1,
        "EBIT": NaN,
        "Net Income": 2
    },
    "2017-09-30": {
        "Diluted EPS": 0.51,
        "Total Revenue": 20,
        "Gross Profit": 19,
        "Operating Income": 7,
        "EBIT": NaN,
        "Net Income": 5
    },
    "2017-06-30": {
        "Diluted EPS": 0.26,
        "Total Revenue": 20,
        "Gross Profit": 19,
        "Operating Income": 6,
        "EBIT": NaN,
        "Net Income": 2
    },
    "2017-03-31": {
        "Diluted EPS": 0.12,
        "Total Revenue": 19,
        "Gross Profit": 18,
        "Operating Income": 5,
        "EBIT": NaN,
        "Net Income": 1
    },
    "2016-12-31": {
        "Diluted EPS": 0.19,
        "Total Revenue": 15,
        "Gross Profit": 13,
        "Operating Income": 4,
        "EBIT": NaN,
        "Net Income": 2
    },
    "2016-09-30": {
        "Diluted EPS": 0.45,
        "Total Revenue": 14,
        "Gross Profit": 13,
        "Operating Income": 4,
        "EBIT": NaN,
        "Net Income": 2
    },
    "2016-06-30": {
        "Diluted EPS": 0.47,
        "Total Revenue": 14,
        "Gross Profit": 13,
        "Operating Income": 4,
        "EBIT": NaN,
        "Net Income": 3
    },
    "2016-03-31": {
        "Diluted EPS": 0.46,
        "Total Revenue": 13,
        "Gross Profit": 12,
        "Operating Income": 4,
        "EBIT": NaN,
        "Net Income": 3
    },
    "2015-12-31": {
        "Diluted EPS": 0.41,
        "Total Revenue": 12,
        "Gross Profit": 12,
        "Operating Income": 4,
        "EBIT": NaN,
        "Net Income": 2
    },
    "2015-09-30": {
        "Diluted EPS": 0.39,
        "Total Revenue": 12,
        "Gross Profit": 11,
        "Operating Income": 3,
        "EBIT": NaN,
        "Net Income": 2
    },
    "2015-06-30": {
        "Diluted EPS": 0.39,
        "Total Revenue": 12,
        "Gross Profit": 11,
        "Operating Income": 3,
        "EBIT": NaN,
        "Net Income": 2
    },
    "2015-03-31": {
        "Diluted EPS": 0.36,
        "Total Revenue": 12,
        "Gross Profit": 11,
        "Operating Income": 3,
        "EBIT": NaN,
        "Net Income": 2
    },
    "2014-12-31": {
        "Diluted EPS": 0.38,
        "Total Revenue": 12,
        "Gross Profit": 11,
        "Operating Income": 4,
        "EBIT": NaN,
        "Net Income": 2
    },
    "2014-09-30": {
        "Diluted EPS": 0.27,
        "Total Revenue": 12,
        "Gross Profit": 11,
        "Operating Income": 2,
        "EBIT": NaN,
        "Net Income": 1
    },
    "2014-06-30": {
        "Diluted EPS": 0.29,
        "Total Revenue": 11,
        "Gross Profit": 10,
        "Operating Income": 2,
        "EBIT": NaN,
        "Net Income": 2
    },
    "2014-03-31": {
        "Diluted EPS": 0.25,
        "Total Revenue": 10,
        "Gross Profit": 9,
        "Operating Income": 2,
        "EBIT": NaN,
        "Net Income": 1
    },
    "2013-12-31": {
        "Diluted EPS": 0.24,
        "Total Revenue": 10,
        "Gross Profit": 9,
        "Operating Income": 3,
        "EBIT": NaN,
        "Net Income": 1
    },
    "2013-09-30": {
        "Diluted EPS": 0.19,
        "Total Revenue": 10,
        "Gross Profit": 10,
        "Operating Income": 2,
        "EBIT": NaN,
        "Net Income": 1
    },
    "2013-06-30": {
        "Diluted EPS": 0.18,
        "Total Revenue": 9,
        "Gross Profit": 9,
        "Operating Income": 1,
        "EBIT": NaN,
        "Net Income": 1
    },
    "2013-03-31": {
        "Diluted EPS": 0.35,
        "Total Revenue": 9,
        "Gross Profit": 8,
        "Operating Income": 2,
        "EBIT": NaN,
        "Net Income": 1
    },
    "2012-12-31": {
        "Diluted EPS": 0.34,
        "Total Revenue": 8,
        "Gross Profit": 8,
        "Operating Income": 2,
        "EBIT": NaN,
        "Net Income": 1
    },
    "2012-09-30": {
        "Diluted EPS": 0.24,
        "Total Revenue": 8,
        "Gross Profit": 7,
        "Operating Income": 1,
        "EBIT": NaN,
        "Net Income": 1
    },
    "2012-06-30": {
        "Diluted EPS": 0.3,
        "Total Revenue": 8,
        "Gross Profit": 7,
        "Operating Income": 1,
        "EBIT": NaN,
        "Net Income": 1
    },
    "2012-03-31": {
        "Diluted EPS": 0.28,
        "Total Revenue": 8,
        "Gross Profit": 7,
        "Operating Income": 1,
        "EBIT": NaN,
        "Net Income": 1
    },
    "2011-12-31": {
        "Diluted EPS": 0.28,
        "Total Revenue": 8,
        "Gross Profit": 7,
        "Operating Income": 2,
        "EBIT": NaN,
        "Net Income": 1
    },
    "2011-09-30": {
        "Diluted EPS": 0.21,
        "Total Revenue": 7,
        "Gross Profit": 6,
        "Operating Income": 1,
        "EBIT": NaN,
        "Net Income": 1
    },
    "2011-06-30": {
        "Diluted EPS": 0.19,
        "Total Revenue": 7,
        "Gross Profit": 6,
        "Operating Income": 1,
        "EBIT": NaN,
        "Net Income": 1
    },
    "2011-03-31": {
        "Diluted EPS": 0.14,
        "Total Revenue": 7,
        "Gross Profit": 5,
        "Operating Income": 0,
        "EBIT": NaN,
        "Net Income": 0
    },
    "2010-12-31": {
        "Diluted EPS": 0.22,
        "Total Revenue": 7,
        "Gross Profit": 5,
        "Operating Income": 2,
        "EBIT": NaN,
        "Net Income": 1
    },
    "2010-09-30": {
        "Diluted EPS": 0.18,
        "Total Revenue": 7,
        "Gross Profit": 5,
        "Operating Income": 1,
        "EBIT": NaN,
        "Net Income": 1
    },
    "2010-06-30": {
        "Diluted EPS": 0.19,
        "Total Revenue": 7,
        "Gross Profit": 5,
        "Operating Income": 1,
        "EBIT": NaN,
        "Net Income": 1
    },
    "2010-03-31": {
        "Diluted EPS": 0.15,
        "Total Revenue": 7,
        "Gross Profit": 5,
        "Operating Income": 1,
        "EBIT": NaN,
        "Net Income": 0
    },
    "2009-12-31": {
        "Diluted EPS": 0.18,
        "Total Revenue": 7,
        "Gross Profit": 5,
        "Operating Income": 2,
        "EBIT": NaN,
        "Net Income": 1
    },
    "2009-09-30": {
        "Diluted EPS": 0.23,
        "Total Revenue": 7,
        "Gross Profit": 5,
        "Operating Income": 1,
        "EBIT": NaN,
        "Net Income": 1
    },
    "2009-06-30": {
        "Diluted EPS": 0.03,
        "Total Revenue": 7,
        "Gross Profit": 5,
        "Operating Income": 0,
        "EBIT": NaN,
        "Net Income": 0
    },
    "2009-03-31": {
        "Diluted EPS": 0.05,
        "Total Revenue": 7,
        "Gross Profit": 5,
        "Operating Income": 0,
        "EBIT": NaN,
        "Net Income": 0
    },
    "2023-09-30": {
        "Tax Effect Of Unusual Items": -153624.0,
        "Tax Rate For Calcs": 0.222,
        "Total Unusual Items": -692000.0,
        "Total Unusual Items Excluding Goodwill": -692000.0,
        "Net Income From Continuing Operation Net Minority Interest": 24360000.0,
        "Reconciled Depreciation": 1648000.0,
        "Net Interest Income": 60704000.0,
        "Interest Expense": 24977000.0,
        "Interest Income": 85681000.0,
        "Normalized Income": 24898376.0,
        "Net Income From Continuing And Discontinued Operation": 24360000.0,
        "Diluted Average Shares": 31609564.0,
        "Basic Average Shares": 31405439.0,
        "Diluted EPS": 0.77,
        "Basic EPS": 0.78,
        "Diluted NI Availto Com Stockholders": 24360000.0,
        "Net Income Common Stockholders": 24360000.0,
        "Net Income": 24360000.0,
        "Net Income Including Noncontrolling Interests": 24360000.0,
        "Net Income Continuous Operations": 24360000.0,
        "Tax Provision": 6944000.0,
        "Pretax Income": 31304000.0,
        "Special Income Charges": -692000.0,
        "Other Special Charges": 104000.0,
        "Restructuring And Mergern Acquisition": 588000.0,
        "Gain On Sale Of Security": 2000.0,
        "Depreciation Amortization Depletion Income Statement": 2385000.0,
        "Depreciation And Amortization In Income Statement": 2385000.0,
        "Amortization": 2385000.0,
        "Amortization Of Intangibles Income Statement": 2385000.0,
        "Selling General And Administration": 24524000.0,
        "Selling And Marketing Expense": 559000.0,
        "General And Administrative Expense": 23965000.0,
        "Insurance And Claims": 1158000.0,
        "Salaries And Wages": 22807000.0,
        "Total Revenue": 80132000.0,
        "Operating Revenue": 80132000.0
    },
    "2023-12-31": {
        "Tax Effect Of Unusual Items": NaN,
        "Tax Rate For Calcs": NaN,
        "Total Unusual Items": NaN,
        "Total Unusual Items Excluding Goodwill": NaN,
        "Net Income From Continuing Operation Net Minority Interest": NaN,
        "Reconciled Depreciation": NaN,
        "Net Interest Income": NaN,
        "Interest Expense": NaN,
        "Interest Income": NaN,
        "Normalized Income": NaN,
        "Net Income From Continuing And Discontinued Operation": NaN,
        "Diluted Average Shares": 31587506.0,
        "Basic Average Shares": 31401612.0,
        "Diluted EPS": 0.35,
        "Basic EPS": 0.35,
        "Diluted NI Availto Com Stockholders": NaN,
        "Net Income Common Stockholders": NaN,
        "Net Income": NaN,
        "Net Income Including Noncontrolling Interests": NaN,
        "Net Income Continuous Operations": NaN,
        "Tax Provision": NaN,
        "Pretax Income": NaN,
        "Special Income Charges": NaN,
        "Other Special Charges": NaN,
        "Restructuring And Mergern Acquisition": NaN,
        "Gain On Sale Of Security": NaN,
        "Depreciation Amortization Depletion Income Statement": NaN,
        "Depreciation And Amortization In Income Statement": NaN,
        "Amortization": NaN,
        "Amortization Of Intangibles Income Statement": NaN,
        "Selling General And Administration": NaN,
        "Selling And Marketing Expense": NaN,
        "General And Administrative Expense": NaN,
        "Insurance And Claims": NaN,
        "Salaries And Wages": NaN,
        "Total Revenue": NaN,
        "Operating Revenue": NaN
    }
}