{
    "2023-06-30": {
        "Tax Effect Of Unusual Items": -281474.0,
        "Tax Rate For Calcs": 0.211,
        "Total Unusual Items": -1334000.0,
        "Total Unusual Items Excluding Goodwill": -1334000.0,
        "Net Income From Continuing Operation Net Minority Interest": 29403000.0,
        "Reconciled Depreciation": 4737000.0,
        "Net Interest Income": 86985000.0,
        "Interest Expense": 34176000.0,
        "Interest Income": 121161000.0,
        "Normalized Income": 30455526.0,
        "Net Income From Continuing And Discontinued Operation": 29403000.0,
        "Diluted Average Shares": 41129100.0,
        "Basic Average Shares": 40721840.0,
        "Diluted EPS": 0.71,
        "Basic EPS": 0.72,
        "Diluted NI Availto Com Stockholders": 29403000.0,
        "Average Dilution Earnings": 201000.0,
        "Net Income Common Stockholders": 29202000.0,
        "Otherunder Preferred Stock Dividend": 201000.0,
        "Net Income": 29403000.0,
        "Net Income Including Noncontrolling Interests": 29403000.0,
        "Net Income Continuous Operations": 29403000.0,
        "Tax Provision": 7863000.0,
        "Pretax Income": 37266000.0,
        "Special Income Charges": -1334000.0,
        "Restructuring And Mergern Acquisition": 1334000.0,
        "Gain On Sale Of Security": 0.0,
        "Depreciation Amortization Depletion Income Statement": 2049000.0,
        "Depreciation And Amortization In Income Statement": 2049000.0,
        "Amortization": 2049000.0,
        "Amortization Of Intangibles Income Statement": 2049000.0,
        "Selling General And Administration": 34841000.0,
        "General And Administrative Expense": 34841000.0,
        "Salaries And Wages": 34841000.0,
        "Total Revenue": 101220000.0,
        "Operating Revenue": 101220000.0,
        "Occupancy And Equipment": 4972000.0,
        "Other Non Interest Expense": 18397000.0
    },
    "2023-03-31": {
        "Tax Effect Of Unusual Items": NaN,
        "Tax Rate For Calcs": NaN,
        "Total Unusual Items": NaN,
        "Total Unusual Items Excluding Goodwill": NaN,
        "Net Income From Continuing Operation Net Minority Interest": NaN,
        "Reconciled Depreciation": NaN,
        "Net Interest Income": NaN,
        "Interest Expense": NaN,
        "Interest Income": NaN,
        "Normalized Income": NaN,
        "Net Income From Continuing And Discontinued Operation": NaN,
        "Diluted Average Shares": NaN,
        "Basic Average Shares": NaN,
        "Diluted EPS": NaN,
        "Basic EPS": NaN,
        "Diluted NI Availto Com Stockholders": NaN,
        "Average Dilution Earnings": 109000.0,
        "Net Income Common Stockholders": NaN,
        "Otherunder Preferred Stock Dividend": NaN,
        "Net Income": NaN,
        "Net Income Including Noncontrolling Interests": NaN,
        "Net Income Continuous Operations": NaN,
        "Tax Provision": NaN,
        "Pretax Income": NaN,
        "Special Income Charges": NaN,
        "Restructuring And Mergern Acquisition": NaN,
        "Gain On Sale Of Security": 0.0,
        "Depreciation Amortization Depletion Income Statement": NaN,
        "Depreciation And Amortization In Income Statement": NaN,
        "Amortization": NaN,
        "Amortization Of Intangibles Income Statement": NaN,
        "Selling General And Administration": NaN,
        "General And Administrative Expense": NaN,
        "Salaries And Wages": NaN,
        "Total Revenue": NaN,
        "Operating Revenue": NaN,
        "Occupancy And Equipment": NaN,
        "Other Non Interest Expense": NaN
    },
    "2022-12-31": {
        "Tax Effect Of Unusual Items": -61763.718849,
        "Tax Rate For Calcs": 0.203841,
        "Total Unusual Items": -303000.0,
        "Total Unusual Items Excluding Goodwill": -303000.0,
        "Net Income From Continuing Operation Net Minority Interest": 38433000.0,
        "Reconciled Depreciation": 3590000.0,
        "Net Interest Income": 84372000.0,
        "Interest Expense": 8739000.0,
        "Interest Income": 93111000.0,
        "Normalized Income": 38674236.281151,
        "Net Income From Continuing And Discontinued Operation": 38433000.0,
        "Diluted Average Shares": 35704154.0,
        "Basic Average Shares": 35704154.0,
        "Diluted EPS": 1.076429,
        "Basic EPS": 1.076429,
        "Diluted NI Availto Com Stockholders": 37654000.0,
        "Average Dilution Earnings": NaN,
        "Net Income Common Stockholders": 38227000.0,
        "Otherunder Preferred Stock Dividend": 206000.0,
        "Net Income": 38433000.0,
        "Net Income Including Noncontrolling Interests": 38433000.0,
        "Net Income Continuous Operations": 38433000.0,
        "Tax Provision": 9840000.0,
        "Pretax Income": 48273000.0,
        "Special Income Charges": -303000.0,
        "Restructuring And Mergern Acquisition": 303000.0,
        "Depreciation Amortization Depletion Income Statement": 825000.0,
        "Depreciation And Amortization In Income Statement": 825000.0,
        "Amortization": 825000.0,
        "Amortization Of Intangibles Income Statement": 825000.0,
        "Selling General And Administration": 30005000.0,
        "General And Administrative Expense": 30005000.0,
        "Salaries And Wages": 30005000.0,
        "Total Revenue": 98930000.0,
        "Operating Revenue": 98930000.0
    },
    "2022-09-30": {
        "Tax Effect Of Unusual Items": NaN,
        "Tax Rate For Calcs": NaN,
        "Total Unusual Items": NaN,
        "Total Unusual Items Excluding Goodwill": NaN,
        "Net Income From Continuing Operation Net Minority Interest": NaN,
        "Reconciled Depreciation": NaN,
        "Net Interest Income": NaN,
        "Interest Expense": NaN,
        "Interest Income": NaN,
        "Normalized Income": NaN,
        "Net Income From Continuing And Discontinued Operation": NaN,
        "Diluted Average Shares": NaN,
        "Basic Average Shares": NaN,
        "Diluted EPS": NaN,
        "Basic EPS": NaN,
        "Diluted NI Availto Com Stockholders": NaN,
        "Average Dilution Earnings": 249000.0,
        "Net Income Common Stockholders": NaN,
        "Otherunder Preferred Stock Dividend": NaN,
        "Net Income": NaN,
        "Net Income Including Noncontrolling Interests": NaN,
        "Net Income Continuous Operations": NaN,
        "Tax Provision": NaN,
        "Pretax Income": NaN,
        "Special Income Charges": NaN,
        "Restructuring And Mergern Acquisition": NaN,
        "Gain On Sale Of Security": NaN,
        "Depreciation Amortization Depletion Income Statement": NaN,
        "Depreciation And Amortization In Income Statement": NaN,
        "Amortization": NaN,
        "Amortization Of Intangibles Income Statement": NaN,
        "Selling General And Administration": NaN,
        "General And Administrative Expense": NaN,
        "Salaries And Wages": NaN,
        "Total Revenue": NaN,
        "Operating Revenue": NaN
    },
    "2022-06-30": {
        "Tax Effect Of Unusual Items": -152559.0,
        "Tax Rate For Calcs": 0.207,
        "Total Unusual Items": -737000.0,
        "Total Unusual Items Excluding Goodwill": -737000.0,
        "Net Income From Continuing Operation Net Minority Interest": 36585000.0,
        "Reconciled Depreciation": 953000.0,
        "Net Interest Income": 78270000.0,
        "Interest Expense": 2177000.0,
        "Interest Income": 80447000.0,
        "Normalized Income": 37169441.0,
        "Net Income From Continuing And Discontinued Operation": 36585000.0,
        "Diluted Average Shares": 35642471.0,
        "Basic Average Shares": 35474664.0,
        "Diluted EPS": 1.03,
        "Basic EPS": 1.03,
        "Diluted NI Availto Com Stockholders": 36585000.0,
        "Average Dilution Earnings": 172000.0,
        "Net Income Common Stockholders": 36585000.0,
        "Otherunder Preferred Stock Dividend": 172000.0,
        "Net Income": 36585000.0,
        "Net Income Including Noncontrolling Interests": 36585000.0,
        "Net Income Continuous Operations": 36585000.0,
        "Tax Provision": 9551000.0,
        "Pretax Income": 46136000.0,
        "Special Income Charges": -737000.0,
        "Restructuring And Mergern Acquisition": 737000.0,
        "Gain On Sale Of Security": NaN,
        "Depreciation Amortization Depletion Income Statement": 953000.0,
        "Depreciation And Amortization In Income Statement": 953000.0,
        "Amortization": 953000.0,
        "Amortization Of Intangibles Income Statement": 953000.0,
        "Selling General And Administration": 30109000.0,
        "General And Administrative Expense": 30109000.0,
        "Salaries And Wages": 30109000.0,
        "Total Revenue": 95534000.0,
        "Operating Revenue": 95534000.0
    },
    "2022-03-31": {
        "Diluted EPS": 0.95,
        "Total Revenue": 98,
        "Gross Profit": 96,
        "Operating Income": 46,
        "EBIT": NaN,
        "Net Income": 34
    },
    "2021-12-31": {
        "Diluted EPS": 0.2,
        "Total Revenue": 91,
        "Gross Profit": 89,
        "Operating Income": 29,
        "EBIT": NaN,
        "Net Income": 11
    },
    "2021-09-30": {
        "Diluted EPS": 0.97,
        "Total Revenue": 77,
        "Gross Profit": 75,
        "Operating Income": 35,
        "EBIT": NaN,
        "Net Income": 28
    },
    "2021-06-30": {
        "Diluted EPS": 1.03,
        "Total Revenue": 83,
        "Gross Profit": 80,
        "Operating Income": 38,
        "EBIT": NaN,
        "Net Income": 29
    },
    "2021-03-31": {
        "Diluted EPS": 0.99,
        "Total Revenue": 79,
        "Gross Profit": 76,
        "Operating Income": 36,
        "EBIT": NaN,
        "Net Income": 28
    },
    "2020-12-31": {
        "Diluted EPS": 0.82,
        "Total Revenue": 79,
        "Gross Profit": 76,
        "Operating Income": 30,
        "EBIT": NaN,
        "Net Income": 23
    },
    "2020-09-30": {
        "Diluted EPS": 0.81,
        "Total Revenue": 80,
        "Gross Profit": 76,
        "Operating Income": 30,
        "EBIT": NaN,
        "Net Income": 23
    },
    "2020-06-30": {
        "Diluted EPS": 0.56,
        "Total Revenue": 84,
        "Gross Profit": 79,
        "Operating Income": 21,
        "EBIT": NaN,
        "Net Income": 16
    },
    "2020-03-31": {
        "Diluted EPS": 0.62,
        "Total Revenue": 76,
        "Gross Profit": 68,
        "Operating Income": 23,
        "EBIT": NaN,
        "Net Income": 18
    },
    "2019-12-31": {
        "Diluted EPS": 0.71,
        "Total Revenue": 78,
        "Gross Profit": 69,
        "Operating Income": 26,
        "EBIT": NaN,
        "Net Income": 20
    },
    "2019-09-30": {
        "Diluted EPS": 0.84,
        "Total Revenue": 78,
        "Gross Profit": 69,
        "Operating Income": 32,
        "EBIT": NaN,
        "Net Income": 25
    },
    "2019-06-30": {
        "Diluted EPS": 0.8,
        "Total Revenue": 79,
        "Gross Profit": 70,
        "Operating Income": 30,
        "EBIT": NaN,
        "Net Income": 24
    },
    "2019-03-31": {
        "Diluted EPS": 0.75,
        "Total Revenue": 76,
        "Gross Profit": 67,
        "Operating Income": 28,
        "EBIT": NaN,
        "Net Income": 22
    },
    "2018-12-31": {
        "Diluted EPS": 0.8,
        "Total Revenue": 73,
        "Gross Profit": 66,
        "Operating Income": 29,
        "EBIT": NaN,
        "Net Income": 24
    },
    "2018-09-30": {
        "Diluted EPS": 0.74,
        "Total Revenue": 73,
        "Gross Profit": 67,
        "Operating Income": 28,
        "EBIT": NaN,
        "Net Income": 22
    },
    "2018-06-30": {
        "Diluted EPS": 0.77,
        "Total Revenue": 73,
        "Gross Profit": 67,
        "Operating Income": 30,
        "EBIT": NaN,
        "Net Income": 23
    },
    "2018-03-31": {
        "Diluted EPS": 0.7,
        "Total Revenue": 71,
        "Gross Profit": 66,
        "Operating Income": 29,
        "EBIT": NaN,
        "Net Income": 21
    },
    "2017-12-31": {
        "Diluted EPS": 0.5,
        "Total Revenue": 68,
        "Gross Profit": 64,
        "Operating Income": 24,
        "EBIT": NaN,
        "Net Income": 14
    },
    "2017-09-30": {
        "Diluted EPS": 0.53,
        "Total Revenue": 57,
        "Gross Profit": 54,
        "Operating Income": 21,
        "EBIT": NaN,
        "Net Income": 13
    },
    "2017-06-30": {
        "Diluted EPS": 0.45,
        "Total Revenue": 55,
        "Gross Profit": 52,
        "Operating Income": 18,
        "EBIT": NaN,
        "Net Income": 11
    },
    "2017-03-31": {
        "Diluted EPS": 0.34,
        "Total Revenue": 46,
        "Gross Profit": 44,
        "Operating Income": 14,
        "EBIT": NaN,
        "Net Income": 8
    },
    "2016-12-31": {
        "Diluted EPS": 0.4,
        "Total Revenue": 43,
        "Gross Profit": 41,
        "Operating Income": 13,
        "EBIT": NaN,
        "Net Income": 8
    },
    "2016-09-30": {
        "Diluted EPS": 0.23,
        "Total Revenue": 37,
        "Gross Profit": 36,
        "Operating Income": 8,
        "EBIT": NaN,
        "Net Income": 5
    },
    "2016-06-30": {
        "Diluted EPS": 0.37,
        "Total Revenue": 39,
        "Gross Profit": 37,
        "Operating Income": 12,
        "EBIT": NaN,
        "Net Income": 8
    },
    "2016-03-31": {
        "Diluted EPS": 0.33,
        "Total Revenue": 37,
        "Gross Profit": 35,
        "Operating Income": 10,
        "EBIT": NaN,
        "Net Income": 7
    },
    "2015-12-31": {
        "Diluted EPS": 0.33,
        "Total Revenue": 38,
        "Gross Profit": 36,
        "Operating Income": 10,
        "EBIT": NaN,
        "Net Income": 7
    },
    "2015-09-30": {
        "Diluted EPS": 0.34,
        "Total Revenue": 36,
        "Gross Profit": 34,
        "Operating Income": 11,
        "EBIT": NaN,
        "Net Income": 7
    },
    "2015-06-30": {
        "Diluted EPS": 0.3,
        "Total Revenue": 36,
        "Gross Profit": 35,
        "Operating Income": 9,
        "EBIT": NaN,
        "Net Income": 6
    },
    "2015-03-31": {
        "Diluted EPS": 0.33,
        "Total Revenue": 36,
        "Gross Profit": 34,
        "Operating Income": 11,
        "EBIT": NaN,
        "Net Income": 7
    },
    "2014-12-31": {
        "Diluted EPS": 0.33,
        "Total Revenue": 37,
        "Gross Profit": 35,
        "Operating Income": 11,
        "EBIT": NaN,
        "Net Income": 7
    },
    "2014-09-30": {
        "Diluted EPS": 0.27,
        "Total Revenue": 38,
        "Gross Profit": 36,
        "Operating Income": 9,
        "EBIT": NaN,
        "Net Income": 5
    },
    "2014-06-30": {
        "Diluted EPS": 0.32,
        "Total Revenue": 41,
        "Gross Profit": 39,
        "Operating Income": 10,
        "EBIT": NaN,
        "Net Income": 6
    },
    "2014-03-31": {
        "Diluted EPS": 0.27,
        "Total Revenue": 38,
        "Gross Profit": 36,
        "Operating Income": 9,
        "EBIT": NaN,
        "Net Income": 5
    },
    "2013-12-31": {
        "Diluted EPS": 0.27,
        "Total Revenue": 44,
        "Gross Profit": 42,
        "Operating Income": 9,
        "EBIT": NaN,
        "Net Income": 5
    },
    "2013-09-30": {
        "Diluted EPS": 0.3,
        "Total Revenue": 42,
        "Gross Profit": 39,
        "Operating Income": 11,
        "EBIT": NaN,
        "Net Income": 6
    },
    "2013-06-30": {
        "Diluted EPS": 0.27,
        "Total Revenue": 43,
        "Gross Profit": 40,
        "Operating Income": 9,
        "EBIT": NaN,
        "Net Income": 5
    },
    "2013-03-31": {
        "Diluted EPS": 0.14,
        "Total Revenue": 42,
        "Gross Profit": 39,
        "Operating Income": 5,
        "EBIT": NaN,
        "Net Income": 3
    },
    "2012-12-31": {
        "Diluted EPS": -1.56,
        "Total Revenue": 31,
        "Gross Profit": 27,
        "Operating Income": -43,
        "EBIT": NaN,
        "Net Income": -26
    },
    "2012-09-30": {
        "Diluted EPS": 0.22,
        "Total Revenue": 41,
        "Gross Profit": 37,
        "Operating Income": 7,
        "EBIT": NaN,
        "Net Income": 4
    },
    "2012-06-30": {
        "Diluted EPS": 0.15,
        "Total Revenue": 39,
        "Gross Profit": 35,
        "Operating Income": 5,
        "EBIT": NaN,
        "Net Income": 2
    },
    "2012-03-31": {
        "Diluted EPS": -0.35,
        "Total Revenue": 42,
        "Gross Profit": 37,
        "Operating Income": -8,
        "EBIT": NaN,
        "Net Income": -6
    },
    "2011-12-31": {
        "Diluted EPS": 0.0,
        "Total Revenue": 41,
        "Gross Profit": 35,
        "Operating Income": 1,
        "EBIT": NaN,
        "Net Income": 0
    },
    "2011-09-30": {
        "Diluted EPS": -0.04,
        "Total Revenue": 43,
        "Gross Profit": 37,
        "Operating Income": 4,
        "EBIT": NaN,
        "Net Income": -1
    },
    "2011-06-30": {
        "Diluted EPS": 0.16,
        "Total Revenue": 46,
        "Gross Profit": 40,
        "Operating Income": 6,
        "EBIT": NaN,
        "Net Income": 3
    },
    "2011-03-31": {
        "Diluted EPS": 0.32,
        "Total Revenue": 53,
        "Gross Profit": 47,
        "Operating Income": 10,
        "EBIT": NaN,
        "Net Income": 5
    },
    "2010-12-31": {
        "Diluted EPS": -0.19,
        "Total Revenue": 55,
        "Gross Profit": 48,
        "Operating Income": -4,
        "EBIT": NaN,
        "Net Income": -3
    },
    "2010-09-30": {
        "Diluted EPS": 0.17,
        "Total Revenue": 43,
        "Gross Profit": 35,
        "Operating Income": 6,
        "EBIT": NaN,
        "Net Income": 3
    },
    "2010-06-30": {
        "Diluted EPS": 0.17,
        "Total Revenue": 44,
        "Gross Profit": 36,
        "Operating Income": 6,
        "EBIT": NaN,
        "Net Income": 3
    },
    "2010-03-31": {
        "Diluted EPS": 0.2,
        "Total Revenue": 46,
        "Gross Profit": 37,
        "Operating Income": 7,
        "EBIT": NaN,
        "Net Income": 3
    },
    "2009-12-31": {
        "Diluted EPS": 0.25,
        "Total Revenue": 49,
        "Gross Profit": 37,
        "Operating Income": 9,
        "EBIT": NaN,
        "Net Income": 4
    },
    "2009-09-30": {
        "Diluted EPS": 0.32,
        "Total Revenue": 49,
        "Gross Profit": 36,
        "Operating Income": 10,
        "EBIT": NaN,
        "Net Income": 5
    },
    "2009-06-30": {
        "Diluted EPS": 2.61,
        "Total Revenue": 108,
        "Gross Profit": 96,
        "Operating Income": 74,
        "EBIT": NaN,
        "Net Income": 44
    },
    "2009-03-31": {
        "Diluted EPS": 0.19,
        "Total Revenue": 39,
        "Gross Profit": 27,
        "Operating Income": 6,
        "EBIT": NaN,
        "Net Income": 3
    },
    "2023-09-30": {
        "Tax Effect Of Unusual Items": 0.0,
        "Tax Rate For Calcs": 0.206,
        "Total Unusual Items": 0.0,
        "Total Unusual Items Excluding Goodwill": 0.0,
        "Net Income From Continuing Operation Net Minority Interest": 29893000.0,
        "Reconciled Depreciation": 4685000.0,
        "Net Interest Income": 84702000.0,
        "Interest Expense": 39149000.0,
        "Interest Income": 123851000.0,
        "Normalized Income": 29893000.0,
        "Net Income From Continuing And Discontinued Operation": 29893000.0,
        "Diluted Average Shares": 41199058.0,
        "Basic Average Shares": 40744042.0,
        "Diluted EPS": 0.73,
        "Basic EPS": 0.73,
        "Diluted NI Availto Com Stockholders": 29893000.0,
        "Average Dilution Earnings": 247000.0,
        "Net Income Common Stockholders": 29646000.0,
        "Otherunder Preferred Stock Dividend": 247000.0,
        "Net Income": 29893000.0,
        "Net Income Including Noncontrolling Interests": 29893000.0,
        "Net Income Continuous Operations": 29893000.0,
        "Tax Provision": 7762000.0,
        "Pretax Income": 37655000.0,
        "Special Income Charges": 0.0,
        "Restructuring And Mergern Acquisition": 0.0,
        "Gain On Sale Of Security": NaN,
        "Depreciation Amortization Depletion Income Statement": 1953000.0,
        "Depreciation And Amortization In Income Statement": 1953000.0,
        "Amortization": 1953000.0,
        "Amortization Of Intangibles Income Statement": 1953000.0,
        "Selling General And Administration": 35933000.0,
        "General And Administrative Expense": 35933000.0,
        "Salaries And Wages": 35933000.0,
        "Total Revenue": 99879000.0,
        "Operating Revenue": 99879000.0,
        "Occupancy And Equipment": 5003000.0,
        "Other Non Interest Expense": 19335000.0
    },
    "2023-12-31": {
        "Tax Effect Of Unusual Items": -8294.613956,
        "Tax Rate For Calcs": 0.212682,
        "Total Unusual Items": -39000.0,
        "Total Unusual Items Excluding Goodwill": -39000.0,
        "Net Income From Continuing Operation Net Minority Interest": 29674000.0,
        "Reconciled Depreciation": 4972000.0,
        "Net Interest Income": 82484000.0,
        "Interest Expense": 44089000.0,
        "Interest Income": 126573000.0,
        "Normalized Income": 29704705.386044,
        "Net Income From Continuing And Discontinued Operation": 29674000.0,
        "Diluted Average Shares": 41207945.0,
        "Basic Average Shares": 41109987.0,
        "Diluted EPS": 0.72,
        "Basic EPS": 0.72182,
        "Diluted NI Availto Com Stockholders": 28989000.0,
        "Average Dilution Earnings": NaN,
        "Net Income Common Stockholders": 29528000.0,
        "Otherunder Preferred Stock Dividend": 146000.0,
        "Net Income": 29674000.0,
        "Net Income Including Noncontrolling Interests": 29674000.0,
        "Net Income Continuous Operations": 29674000.0,
        "Tax Provision": 8016000.0,
        "Pretax Income": 37690000.0,
        "Special Income Charges": -189000.0,
        "Restructuring And Mergern Acquisition": 189000.0,
        "Gain On Sale Of Security": NaN,
        "Depreciation Amortization Depletion Income Statement": 1856000.0,
        "Depreciation And Amortization In Income Statement": 1856000.0,
        "Amortization": 1856000.0,
        "Amortization Of Intangibles Income Statement": 1856000.0,
        "Selling General And Administration": 46675000.0,
        "General And Administrative Expense": 42620000.0,
        "Salaries And Wages": 33363000.0,
        "Total Revenue": 97176000.0,
        "Operating Revenue": 97176000.0,
        "Occupancy And Equipment": 5948000.0,
        "Other Non Interest Expense": -3540000.0
    },
    "2024-03-31": {
        "Tax Effect Of Unusual Items": 0.0,
        "Tax Rate For Calcs": 0.205,
        "Total Unusual Items": 0.0,
        "Total Unusual Items Excluding Goodwill": 0.0,
        "Net Income From Continuing Operation Net Minority Interest": 25272000.0,
        "Reconciled Depreciation": 4727000.0,
        "Net Interest Income": 79232000.0,
        "Interest Expense": 47340000.0,
        "Interest Income": 126572000.0,
        "Normalized Income": 25272000.0,
        "Net Income From Continuing And Discontinued Operation": 25272000.0,
        "Diluted Average Shares": 41249636.0,
        "Basic Average Shares": 40843865.0,
        "Diluted EPS": 0.61,
        "Basic EPS": 0.61,
        "Diluted NI Availto Com Stockholders": 25272000.0,
        "Average Dilution Earnings": 178000.0,
        "Net Income Common Stockholders": 25094000.0,
        "Otherunder Preferred Stock Dividend": 178000.0,
        "Net Income": 25272000.0,
        "Net Income Including Noncontrolling Interests": 25272000.0,
        "Net Income Continuous Operations": 25272000.0,
        "Tax Provision": 6511000.0,
        "Pretax Income": 31783000.0,
        "Special Income Charges": 0.0,
        "Restructuring And Mergern Acquisition": 0.0,
        "Gain On Sale Of Security": -975000.0,
        "Depreciation Amortization Depletion Income Statement": 1759000.0,
        "Depreciation And Amortization In Income Statement": 1759000.0,
        "Amortization": 1759000.0,
        "Amortization Of Intangibles Income Statement": 1759000.0,
        "Selling General And Administration": 33911000.0,
        "General And Administrative Expense": 33911000.0,
        "Salaries And Wages": 33911000.0,
        "Total Revenue": 92170000.0,
        "Operating Revenue": 92170000.0,
        "Occupancy And Equipment": 5588000.0,
        "Other Non Interest Expense": 17929000.0
    },
    "2024-06-30": {
        "Tax Effect Of Unusual Items": 0.0,
        "Tax Rate For Calcs": 0.222,
        "Total Unusual Items": 0.0,
        "Total Unusual Items Excluding Goodwill": 0.0,
        "Net Income From Continuing Operation Net Minority Interest": 28712000.0,
        "Reconciled Depreciation": 4610000.0,
        "Net Interest Income": 81068000.0,
        "Interest Expense": 47707000.0,
        "Interest Income": 128775000.0,
        "Normalized Income": 28712000.0,
        "Net Income From Continuing And Discontinued Operation": 28712000.0,
        "Diluted Average Shares": 41262091.0,
        "Basic Average Shares": 40879684.0,
        "Diluted EPS": 0.7,
        "Basic EPS": 0.7,
        "Diluted NI Availto Com Stockholders": 28712000.0,
        "Average Dilution Earnings": 205000.0,
        "Net Income Common Stockholders": 28507000.0,
        "Otherunder Preferred Stock Dividend": 205000.0,
        "Net Income": 28712000.0,
        "Net Income Including Noncontrolling Interests": 28712000.0,
        "Net Income Continuous Operations": 28712000.0,
        "Tax Provision": 8172000.0,
        "Pretax Income": 36884000.0,
        "Special Income Charges": 0.0,
        "Restructuring And Mergern Acquisition": 0.0,
        "Gain On Sale Of Security": -186000.0,
        "Depreciation Amortization Depletion Income Statement": 1669000.0,
        "Depreciation And Amortization In Income Statement": 1669000.0,
        "Amortization": 1669000.0,
        "Amortization Of Intangibles Income Statement": 1669000.0,
        "Selling General And Administration": 34512000.0,
        "General And Administrative Expense": 34512000.0,
        "Salaries And Wages": 34512000.0,
        "Total Revenue": 95716000.0,
        "Operating Revenue": 95716000.0,
        "Occupancy And Equipment": 4850000.0,
        "Other Non Interest Expense": 17260000.0
    }
}