{
    "2023-06-30": {
        "Tax Effect Of Unusual Items": 1076781.779094,
        "Tax Rate For Calcs": 0.300023,
        "Total Unusual Items": 3589000.0,
        "Total Unusual Items Excluding Goodwill": 3589000.0,
        "Net Income From Continuing Operation Net Minority Interest": 70655000.0,
        "Reconciled Depreciation": 6972000.0,
        "Net Interest Income": 199815000.0,
        "Interest Expense": 52389000.0,
        "Interest Income": 252204000.0,
        "Normalized Income": 68142781.779094,
        "Net Income From Continuing And Discontinued Operation": 70655000.0,
        "Diluted Average Shares": 179277000.0,
        "Basic Average Shares": 178926000.0,
        "Diluted EPS": 0.39,
        "Basic EPS": 0.39,
        "Diluted NI Availto Com Stockholders": 70655000.0,
        "Net Income Common Stockholders": 70655000.0,
        "Net Income": 70655000.0,
        "Net Income Including Noncontrolling Interests": 70655000.0,
        "Net Income Continuous Operations": 70655000.0,
        "Tax Provision": 30284000.0,
        "Pretax Income": 100939000.0,
        "Special Income Charges": 1605000.0,
        "Gain On Sale Of Security": -739000.0,
        "Selling General And Administration": 60624000.0,
        "Selling And Marketing Expense": 4167000.0,
        "General And Administrative Expense": 56457000.0,
        "Insurance And Claims": 2143000.0,
        "Salaries And Wages": 54314000.0,
        "Total Revenue": 229186000.0,
        "Operating Revenue": 229186000.0
    },
    "2023-03-31": {
        "Tax Effect Of Unusual Items": 621069.831341,
        "Tax Rate For Calcs": 0.311157,
        "Total Unusual Items": 1996000.0,
        "Total Unusual Items Excluding Goodwill": 1996000.0,
        "Net Income From Continuing Operation Net Minority Interest": 70698000.0,
        "Reconciled Depreciation": 7125000.0,
        "Net Interest Income": 200885000.0,
        "Interest Expense": 41511000.0,
        "Interest Income": 242396000.0,
        "Normalized Income": 69323069.831341,
        "Net Income From Continuing And Discontinued Operation": 70698000.0,
        "Diluted Average Shares": 181236000.0,
        "Basic Average Shares": 180215000.0,
        "Diluted EPS": 0.39,
        "Basic EPS": 0.39,
        "Diluted NI Availto Com Stockholders": 70698000.0,
        "Net Income Common Stockholders": 70698000.0,
        "Net Income": 70698000.0,
        "Net Income Including Noncontrolling Interests": 70698000.0,
        "Net Income Continuous Operations": 70698000.0,
        "Tax Provision": 31935000.0,
        "Pretax Income": 102633000.0,
        "Special Income Charges": NaN,
        "Gain On Sale Of Security": 649000.0,
        "Selling General And Administration": 62530000.0,
        "Selling And Marketing Expense": 3975000.0,
        "General And Administrative Expense": 58555000.0,
        "Insurance And Claims": 2133000.0,
        "Salaries And Wages": 56422000.0,
        "Total Revenue": 230730000.0,
        "Operating Revenue": 230730000.0
    },
    "2022-12-31": {
        "Tax Effect Of Unusual Items": 1089948.709284,
        "Tax Rate For Calcs": 0.313114,
        "Total Unusual Items": 3481000.0,
        "Total Unusual Items Excluding Goodwill": 3481000.0,
        "Net Income From Continuing Operation Net Minority Interest": 73174000.0,
        "Reconciled Depreciation": 7606000.0,
        "Net Interest Income": 205573000.0,
        "Interest Expense": 27879000.0,
        "Interest Income": 233452000.0,
        "Normalized Income": 70782948.709284,
        "Net Income From Continuing And Discontinued Operation": 73174000.0,
        "Diluted Average Shares": 184847000.0,
        "Basic Average Shares": 183649000.0,
        "Diluted EPS": 0.4,
        "Basic EPS": 0.4,
        "Diluted NI Availto Com Stockholders": 73174000.0,
        "Net Income Common Stockholders": 73174000.0,
        "Net Income": 73174000.0,
        "Net Income Including Noncontrolling Interests": 73174000.0,
        "Net Income Continuous Operations": 73174000.0,
        "Tax Provision": 33356000.0,
        "Pretax Income": 106530000.0,
        "Special Income Charges": 924000.0,
        "Restructuring And Mergern Acquisition": 0.0,
        "Gain On Sale Of Security": -1271000.0,
        "Selling General And Administration": 54479000.0,
        "Selling And Marketing Expense": 5590000.0,
        "General And Administrative Expense": 48889000.0,
        "Other Gand A": -4896000.0,
        "Insurance And Claims": 1544000.0,
        "Salaries And Wages": 52241000.0,
        "Total Revenue": 214998000.0,
        "Operating Revenue": 214998000.0
    },
    "2022-09-30": {
        "Tax Effect Of Unusual Items": 319586.161623,
        "Tax Rate For Calcs": 0.300363,
        "Total Unusual Items": 1064000.0,
        "Total Unusual Items Excluding Goodwill": 1064000.0,
        "Net Income From Continuing Operation Net Minority Interest": 74603000.0,
        "Reconciled Depreciation": 7698000.0,
        "Net Interest Income": 207910000.0,
        "Interest Expense": 14773000.0,
        "Interest Income": 222683000.0,
        "Normalized Income": 73858586.161623,
        "Net Income From Continuing And Discontinued Operation": 74603000.0,
        "Diluted Average Shares": 188319000.0,
        "Basic Average Shares": 187236000.0,
        "Diluted EPS": 0.4,
        "Basic EPS": 0.4,
        "Diluted NI Availto Com Stockholders": 74603000.0,
        "Net Income Common Stockholders": 74603000.0,
        "Net Income": 74603000.0,
        "Net Income Including Noncontrolling Interests": 74603000.0,
        "Net Income Continuous Operations": 74603000.0,
        "Tax Provision": 32028000.0,
        "Pretax Income": 106631000.0,
        "Special Income Charges": 0.0,
        "Restructuring And Mergern Acquisition": 0.0,
        "Gain On Sale Of Security": 640000.0,
        "Selling General And Administration": 58075000.0,
        "Selling And Marketing Expense": 5136000.0,
        "General And Administrative Expense": 52939000.0,
        "Other Gand A": 2272000.0,
        "Insurance And Claims": 1466000.0,
        "Salaries And Wages": 52939000.0,
        "Total Revenue": 235454000.0,
        "Operating Revenue": 235454000.0
    },
    "2022-06-30": {
        "Tax Effect Of Unusual Items": 465476.892958,
        "Tax Rate For Calcs": 0.313452,
        "Total Unusual Items": 1485000.0,
        "Total Unusual Items Excluding Goodwill": 1485000.0,
        "Net Income From Continuing Operation Net Minority Interest": 74695000.0,
        "Reconciled Depreciation": 7643000.0,
        "Net Interest Income": 196186000.0,
        "Interest Expense": 12439000.0,
        "Interest Income": 208625000.0,
        "Normalized Income": 73675476.892958,
        "Net Income From Continuing And Discontinued Operation": 74695000.0,
        "Diluted Average Shares": 195366000.0,
        "Basic Average Shares": 194405000.0,
        "Diluted EPS": 0.38,
        "Basic EPS": 0.38,
        "Diluted NI Availto Com Stockholders": 74695000.0,
        "Net Income Common Stockholders": 74695000.0,
        "Net Income": 74695000.0,
        "Net Income Including Noncontrolling Interests": 74695000.0,
        "Net Income Continuous Operations": 74695000.0,
        "Tax Provision": 34103000.0,
        "Pretax Income": 108798000.0,
        "Special Income Charges": 0.0,
        "Restructuring And Mergern Acquisition": 0.0,
        "Gain On Sale Of Security": 3474000.0,
        "Selling General And Administration": 55346000.0,
        "Selling And Marketing Expense": 4042000.0,
        "General And Administrative Expense": 51304000.0,
        "Other Gand A": 1978000.0,
        "Insurance And Claims": 1466000.0,
        "Salaries And Wages": 51304000.0,
        "Total Revenue": 228317000.0,
        "Operating Revenue": 228317000.0
    },
    "2022-03-31": {
        "Diluted EPS": 0.41,
        "Total Revenue": 231,
        "Gross Profit": 218,
        "Operating Income": 126,
        "EBIT": NaN,
        "Net Income": 83
    },
    "2021-12-31": {
        "Diluted EPS": 0.34,
        "Total Revenue": 229,
        "Gross Profit": 215,
        "Operating Income": 117,
        "EBIT": NaN,
        "Net Income": 72
    },
    "2021-09-30": {
        "Diluted EPS": 0.36,
        "Total Revenue": 230,
        "Gross Profit": 215,
        "Operating Income": 115,
        "EBIT": NaN,
        "Net Income": 75
    },
    "2021-06-30": {
        "Diluted EPS": 0.33,
        "Total Revenue": 231,
        "Gross Profit": 215,
        "Operating Income": 122,
        "EBIT": NaN,
        "Net Income": 70
    },
    "2021-03-31": {
        "Diluted EPS": 0.28,
        "Total Revenue": 226,
        "Gross Profit": 207,
        "Operating Income": 100,
        "EBIT": NaN,
        "Net Income": 60
    },
    "2020-12-31": {
        "Diluted EPS": 0.23,
        "Total Revenue": 229,
        "Gross Profit": 208,
        "Operating Income": 78,
        "EBIT": NaN,
        "Net Income": 49
    },
    "2020-09-30": {
        "Diluted EPS": 0.13,
        "Total Revenue": 200,
        "Gross Profit": 179,
        "Operating Income": 35,
        "EBIT": NaN,
        "Net Income": 28
    },
    "2020-06-30": {
        "Diluted EPS": 0.09,
        "Total Revenue": 180,
        "Gross Profit": 156,
        "Operating Income": 30,
        "EBIT": NaN,
        "Net Income": 21
    },
    "2020-03-31": {
        "Diluted EPS": 0.01,
        "Total Revenue": 195,
        "Gross Profit": 169,
        "Operating Income": 0,
        "EBIT": NaN,
        "Net Income": 2
    },
    "2019-12-31": {
        "Diluted EPS": 0.16,
        "Total Revenue": 192,
        "Gross Profit": 164,
        "Operating Income": 64,
        "EBIT": NaN,
        "Net Income": 36
    },
    "2019-09-30": {
        "Diluted EPS": 0.21,
        "Total Revenue": 194,
        "Gross Profit": 166,
        "Operating Income": 66,
        "EBIT": NaN,
        "Net Income": 46
    },
    "2019-06-30": {
        "Diluted EPS": 0.19,
        "Total Revenue": 192,
        "Gross Profit": 165,
        "Operating Income": 59,
        "EBIT": NaN,
        "Net Income": 41
    },
    "2019-03-31": {
        "Diluted EPS": 0.2,
        "Total Revenue": 189,
        "Gross Profit": 163,
        "Operating Income": 61,
        "EBIT": NaN,
        "Net Income": 43
    },
    "2018-12-31": {
        "Diluted EPS": 0.47,
        "Total Revenue": 183,
        "Gross Profit": 158,
        "Operating Income": 60,
        "EBIT": NaN,
        "Net Income": 100
    },
    "2018-09-30": {
        "Diluted EPS": 0.16,
        "Total Revenue": 176,
        "Gross Profit": 151,
        "Operating Income": 49,
        "EBIT": NaN,
        "Net Income": 36
    },
    "2018-06-30": {
        "Diluted EPS": 0.14,
        "Total Revenue": 176,
        "Gross Profit": 151,
        "Operating Income": 41,
        "EBIT": NaN,
        "Net Income": 30
    },
    "2018-03-31": {
        "Diluted EPS": 0.15,
        "Total Revenue": 172,
        "Gross Profit": 147,
        "Operating Income": 41,
        "EBIT": NaN,
        "Net Income": 32
    },
    "2017-12-31": {
        "Diluted EPS": 0.11,
        "Total Revenue": 163,
        "Gross Profit": 137,
        "Operating Income": 26,
        "EBIT": NaN,
        "Net Income": 24
    },
    "2017-09-30": {
        "Diluted EPS": -0.05,
        "Total Revenue": 167,
        "Gross Profit": 141,
        "Operating Income": -19,
        "EBIT": NaN,
        "Net Income": -11
    },
    "2017-06-30": {
        "Diluted EPS": 0.13,
        "Total Revenue": 168,
        "Gross Profit": 144,
        "Operating Income": 37,
        "EBIT": NaN,
        "Net Income": 27
    },
    "2017-03-31": {
        "Diluted EPS": 0.11,
        "Total Revenue": 153,
        "Gross Profit": 131,
        "Operating Income": 17,
        "EBIT": NaN,
        "Net Income": 25
    },
    "2016-12-31": {
        "Diluted EPS": 0.11,
        "Total Revenue": 168,
        "Gross Profit": 145,
        "Operating Income": 37,
        "EBIT": NaN,
        "Net Income": 24
    },
    "2016-09-30": {
        "Diluted EPS": 0.11,
        "Total Revenue": 170,
        "Gross Profit": 144,
        "Operating Income": 35,
        "EBIT": NaN,
        "Net Income": 24
    },
    "2016-06-30": {
        "Diluted EPS": 0.1,
        "Total Revenue": 167,
        "Gross Profit": 140,
        "Operating Income": 29,
        "EBIT": NaN,
        "Net Income": 22
    },
    "2016-03-31": {
        "Diluted EPS": 0.11,
        "Total Revenue": 169,
        "Gross Profit": 143,
        "Operating Income": 29,
        "EBIT": NaN,
        "Net Income": 23
    },
    "2015-12-31": {
        "Diluted EPS": 0.07,
        "Total Revenue": 175,
        "Gross Profit": 148,
        "Operating Income": 19,
        "EBIT": NaN,
        "Net Income": 15
    },
    "2015-09-30": {
        "Diluted EPS": 0.07,
        "Total Revenue": 169,
        "Gross Profit": 144,
        "Operating Income": 19,
        "EBIT": NaN,
        "Net Income": 15
    },
    "2015-06-30": {
        "Diluted EPS": -0.16,
        "Total Revenue": 158,
        "Gross Profit": 133,
        "Operating Income": -44,
        "EBIT": NaN,
        "Net Income": -34
    },
    "2015-03-31": {
        "Diluted EPS": 0.12,
        "Total Revenue": 185,
        "Gross Profit": 158,
        "Operating Income": 34,
        "EBIT": NaN,
        "Net Income": 26
    },
    "2014-12-31": {
        "Diluted EPS": 1.57,
        "Total Revenue": 176,
        "Gross Profit": 147,
        "Operating Income": 29,
        "EBIT": NaN,
        "Net Income": 331
    },
    "2014-09-30": {
        "Diluted EPS": 0.11,
        "Total Revenue": 173,
        "Gross Profit": 144,
        "Operating Income": 23,
        "EBIT": NaN,
        "Net Income": 23
    },
    "2014-06-30": {
        "Diluted EPS": 0.11,
        "Total Revenue": 174,
        "Gross Profit": 146,
        "Operating Income": 21,
        "EBIT": NaN,
        "Net Income": 23
    },
    "2014-03-31": {
        "Diluted EPS": 0.08,
        "Total Revenue": 172,
        "Gross Profit": 143,
        "Operating Income": 18,
        "EBIT": NaN,
        "Net Income": 17
    },
    "2013-12-31": {
        "Diluted EPS": 0.07,
        "Total Revenue": 175,
        "Gross Profit": 145,
        "Operating Income": 16,
        "EBIT": NaN,
        "Net Income": 15
    },
    "2013-09-30": {
        "Diluted EPS": 0.08,
        "Total Revenue": 172,
        "Gross Profit": 141,
        "Operating Income": 20,
        "EBIT": NaN,
        "Net Income": 16
    },
    "2013-06-30": {
        "Diluted EPS": -0.6,
        "Total Revenue": 109,
        "Gross Profit": 75,
        "Operating Income": -124,
        "EBIT": NaN,
        "Net Income": -123
    },
    "2013-03-31": {
        "Diluted EPS": -0.35,
        "Total Revenue": 174,
        "Gross Profit": 138,
        "Operating Income": -71,
        "EBIT": NaN,
        "Net Income": -73
    },
    "2012-12-31": {
        "Diluted EPS": 0.06,
        "Total Revenue": 177,
        "Gross Profit": 137,
        "Operating Income": 16,
        "EBIT": NaN,
        "Net Income": 15
    },
    "2012-09-30": {
        "Diluted EPS": 0.09,
        "Total Revenue": 182,
        "Gross Profit": 141,
        "Operating Income": 20,
        "EBIT": NaN,
        "Net Income": 19
    },
    "2012-06-30": {
        "Diluted EPS": 0.05,
        "Total Revenue": 168,
        "Gross Profit": 123,
        "Operating Income": 11,
        "EBIT": NaN,
        "Net Income": 9
    },
    "2012-03-31": {
        "Diluted EPS": -0.06,
        "Total Revenue": 161,
        "Gross Profit": 110,
        "Operating Income": -11,
        "EBIT": NaN,
        "Net Income": -13
    },
    "2011-12-31": {
        "Diluted EPS": 6.34,
        "Total Revenue": 171,
        "Gross Profit": 113,
        "Operating Income": -15,
        "EBIT": NaN,
        "Net Income": 262
    },
    "2011-09-30": {
        "Diluted EPS": -1.46,
        "Total Revenue": 173,
        "Gross Profit": 108,
        "Operating Income": -21,
        "EBIT": NaN,
        "Net Income": -31
    },
    "2011-06-30": {
        "Diluted EPS": -1.04,
        "Total Revenue": 202,
        "Gross Profit": 133,
        "Operating Income": -12,
        "EBIT": NaN,
        "Net Income": -22
    },
    "2011-03-31": {
        "Diluted EPS": -1.66,
        "Total Revenue": 221,
        "Gross Profit": 147,
        "Operating Income": -25,
        "EBIT": NaN,
        "Net Income": -35
    },
    "2010-12-31": {
        "Diluted EPS": 19.05,
        "Total Revenue": 207,
        "Gross Profit": 126,
        "Operating Income": -158,
        "EBIT": NaN,
        "Net Income": -270
    },
    "2010-09-30": {
        "Diluted EPS": 4.2,
        "Total Revenue": 223,
        "Gross Profit": 133,
        "Operating Income": -76,
        "EBIT": NaN,
        "Net Income": 358
    },
    "2010-06-30": {
        "Diluted EPS": -15.7,
        "Total Revenue": 254,
        "Gross Profit": 159,
        "Operating Income": -87,
        "EBIT": NaN,
        "Net Income": -97
    },
    "2010-03-31": {
        "Diluted EPS": -18.34,
        "Total Revenue": 266,
        "Gross Profit": 162,
        "Operating Income": -100,
        "EBIT": NaN,
        "Net Income": -113
    },
    "2009-12-31": {
        "Diluted EPS": -9.49,
        "Total Revenue": 282,
        "Gross Profit": 176,
        "Operating Income": -50,
        "EBIT": NaN,
        "Net Income": -59
    },
    "2009-09-30": {
        "Diluted EPS": -28.34,
        "Total Revenue": 292,
        "Gross Profit": 179,
        "Operating Income": -52,
        "EBIT": NaN,
        "Net Income": -175
    },
    "2009-06-30": {
        "Diluted EPS": -15.44,
        "Total Revenue": 276,
        "Gross Profit": 154,
        "Operating Income": -177,
        "EBIT": NaN,
        "Net Income": -95
    },
    "2009-03-31": {
        "Diluted EPS": 1.05,
        "Total Revenue": 288,
        "Gross Profit": 152,
        "Operating Income": 8,
        "EBIT": NaN,
        "Net Income": 7
    },
    "2023-09-30": {
        "Tax Effect Of Unusual Items": 532728.727406,
        "Tax Rate For Calcs": 0.247436,
        "Total Unusual Items": 2153000.0,
        "Total Unusual Items Excluding Goodwill": 2153000.0,
        "Net Income From Continuing Operation Net Minority Interest": 82022000.0,
        "Reconciled Depreciation": 7066000.0,
        "Net Interest Income": 199728000.0,
        "Interest Expense": 63677000.0,
        "Interest Income": 263405000.0,
        "Normalized Income": 80401728.727406,
        "Net Income From Continuing And Discontinued Operation": 82022000.0,
        "Diluted Average Shares": 176962000.0,
        "Basic Average Shares": 176358000.0,
        "Diluted EPS": 0.46,
        "Basic EPS": 0.47,
        "Diluted NI Availto Com Stockholders": 82022000.0,
        "Net Income Common Stockholders": 82022000.0,
        "Net Income": 82022000.0,
        "Net Income Including Noncontrolling Interests": 82022000.0,
        "Net Income Continuous Operations": 82022000.0,
        "Tax Provision": 26968000.0,
        "Pretax Income": 108990000.0,
        "Special Income Charges": 0.0,
        "Gain On Sale Of Security": 6119000.0,
        "Selling General And Administration": 63437000.0,
        "Selling And Marketing Expense": 4759000.0,
        "General And Administrative Expense": 58678000.0,
        "Insurance And Claims": 2143000.0,
        "Salaries And Wages": 56535000.0,
        "Total Revenue": 231517000.0,
        "Operating Revenue": 231517000.0
    },
    "2023-12-31": {
        "Tax Effect Of Unusual Items": 286716.956901,
        "Tax Rate For Calcs": 0.063447,
        "Total Unusual Items": 4519000.0,
        "Total Unusual Items Excluding Goodwill": 4519000.0,
        "Net Income From Continuing Operation Net Minority Interest": 79489000.0,
        "Reconciled Depreciation": 7073000.0,
        "Net Interest Income": 196682000.0,
        "Interest Expense": 68799000.0,
        "Interest Income": 265481000.0,
        "Normalized Income": 75256716.956901,
        "Net Income From Continuing And Discontinued Operation": 79489000.0,
        "Diluted Average Shares": 171351000.0,
        "Basic Average Shares": 170624000.0,
        "Diluted EPS": 0.46,
        "Basic EPS": 0.47,
        "Diluted NI Availto Com Stockholders": 79489000.0,
        "Net Income Common Stockholders": 79489000.0,
        "Net Income": 79489000.0,
        "Net Income Including Noncontrolling Interests": 79489000.0,
        "Net Income Continuous Operations": 79489000.0,
        "Tax Provision": 5385000.0,
        "Pretax Income": 84874000.0,
        "Special Income Charges": 3514000.0,
        "Gain On Sale Of Security": 61000.0,
        "Selling General And Administration": 71045000.0,
        "Selling And Marketing Expense": 6725000.0,
        "General And Administrative Expense": 64320000.0,
        "Insurance And Claims": 8454000.0,
        "Salaries And Wages": 55866000.0,
        "Total Revenue": 205735000.0,
        "Operating Revenue": 205735000.0
    },
    "2024-03-31": {
        "Tax Effect Of Unusual Items": NaN,
        "Tax Rate For Calcs": NaN,
        "Total Unusual Items": NaN,
        "Total Unusual Items Excluding Goodwill": NaN,
        "Net Income From Continuing Operation Net Minority Interest": NaN,
        "Reconciled Depreciation": NaN,
        "Net Interest Income": NaN,
        "Interest Expense": NaN,
        "Interest Income": NaN,
        "Normalized Income": NaN,
        "Net Income From Continuing And Discontinued Operation": NaN,
        "Diluted Average Shares": 167798000.0,
        "Basic Average Shares": 167142000.0,
        "Diluted EPS": 0.44,
        "Basic EPS": 0.44,
        "Diluted NI Availto Com Stockholders": NaN,
        "Net Income Common Stockholders": NaN,
        "Net Income": NaN,
        "Net Income Including Noncontrolling Interests": NaN,
        "Net Income Continuous Operations": NaN,
        "Tax Provision": NaN,
        "Pretax Income": NaN,
        "Special Income Charges": NaN,
        "Gain On Sale Of Security": NaN,
        "Selling General And Administration": NaN,
        "Selling And Marketing Expense": NaN,
        "General And Administrative Expense": NaN,
        "Insurance And Claims": NaN,
        "Salaries And Wages": NaN,
        "Total Revenue": NaN,
        "Operating Revenue": NaN
    }
}