{
    "2023-03-31": {
        "Tax Effect Of Unusual Items": 0.0,
        "Tax Rate For Calcs": 0.168,
        "Net Income From Continuing Operation Net Minority Interest": 3816000.0,
        "Reconciled Depreciation": 254000.0,
        "Net Interest Income": 9180000.0,
        "Interest Expense": 996000.0,
        "Interest Income": 10176000.0,
        "Normalized Income": 3816000.0,
        "Net Income From Continuing And Discontinued Operation": 3816000.0,
        "Diluted Average Shares": 3353623.0,
        "Basic Average Shares": 3353623.0,
        "Diluted EPS": 1.14,
        "Basic EPS": 1.14,
        "Diluted NI Availto Com Stockholders": 3816000.0,
        "Net Income Common Stockholders": 3816000.0,
        "Net Income": 3816000.0,
        "Minority Interests": -3000.0,
        "Net Income Including Noncontrolling Interests": 3819000.0,
        "Net Income Continuous Operations": 3819000.0,
        "Tax Provision": 769000.0,
        "Pretax Income": 4588000.0,
        "Gain On Sale Of Security": 137000.0,
        "Selling General And Administration": 3872000.0,
        "Selling And Marketing Expense": 83000.0,
        "General And Administrative Expense": 3789000.0,
        "Other Gand A": NaN,
        "Salaries And Wages": 3789000.0,
        "Total Revenue": 11182000.0,
        "Operating Revenue": 11182000.0
    },
    "2022-12-31": {
        "Tax Effect Of Unusual Items": 0.0,
        "Tax Rate For Calcs": 0.184955,
        "Net Income From Continuing Operation Net Minority Interest": 3540000.0,
        "Reconciled Depreciation": 261000.0,
        "Net Interest Income": 9097000.0,
        "Interest Expense": 684000.0,
        "Interest Income": 9781000.0,
        "Normalized Income": 3540000.0,
        "Net Income From Continuing And Discontinued Operation": 3540000.0,
        "Diluted Average Shares": 3359715.0,
        "Basic Average Shares": 3359715.0,
        "Diluted EPS": 1.06,
        "Basic EPS": 1.06,
        "Diluted NI Availto Com Stockholders": 3540000.0,
        "Net Income Common Stockholders": 3540000.0,
        "Net Income": 3540000.0,
        "Minority Interests": -3000.0,
        "Net Income Including Noncontrolling Interests": 3543000.0,
        "Net Income Continuous Operations": 3543000.0,
        "Tax Provision": 804000.0,
        "Pretax Income": 4347000.0,
        "Gain On Sale Of Security": -149000.0,
        "Selling General And Administration": 3870000.0,
        "Selling And Marketing Expense": 150000.0,
        "General And Administrative Expense": 3720000.0,
        "Other Gand A": NaN,
        "Salaries And Wages": 3720000.0,
        "Total Revenue": 11050000.0,
        "Operating Revenue": 11050000.0
    },
    "2022-09-30": {
        "Tax Effect Of Unusual Items": 0.0,
        "Tax Rate For Calcs": 0.176,
        "Net Income From Continuing Operation Net Minority Interest": 3125000.0,
        "Reconciled Depreciation": 266000.0,
        "Net Interest Income": 8653000.0,
        "Interest Expense": 390000.0,
        "Interest Income": 9043000.0,
        "Normalized Income": 3125000.0,
        "Net Income From Continuing And Discontinued Operation": 3125000.0,
        "Diluted Average Shares": 3358800.0,
        "Basic Average Shares": 3358800.0,
        "Diluted EPS": 0.93,
        "Basic EPS": 0.93,
        "Diluted NI Availto Com Stockholders": 3125000.0,
        "Net Income Common Stockholders": 3125000.0,
        "Net Income": 3125000.0,
        "Minority Interests": -3000.0,
        "Net Income Including Noncontrolling Interests": 3128000.0,
        "Net Income Continuous Operations": 3128000.0,
        "Tax Provision": 669000.0,
        "Pretax Income": 3797000.0,
        "Gain On Sale Of Security": -229000.0,
        "Selling General And Administration": 3894000.0,
        "Selling And Marketing Expense": 62000.0,
        "General And Administrative Expense": 3832000.0,
        "Other Gand A": 1047000.0,
        "Salaries And Wages": 3832000.0,
        "Total Revenue": 10531000.0,
        "Operating Revenue": 10531000.0
    },
    "2022-06-30": {
        "Tax Effect Of Unusual Items": 0.0,
        "Tax Rate For Calcs": 0.141,
        "Net Income From Continuing Operation Net Minority Interest": 2710000.0,
        "Reconciled Depreciation": 269000.0,
        "Net Interest Income": 7627000.0,
        "Interest Expense": 267000.0,
        "Interest Income": 7894000.0,
        "Normalized Income": 2710000.0,
        "Net Income From Continuing And Discontinued Operation": 2710000.0,
        "Diluted Average Shares": 3350745.0,
        "Basic Average Shares": 3350745.0,
        "Diluted EPS": 0.81,
        "Basic EPS": 0.81,
        "Diluted NI Availto Com Stockholders": 2710000.0,
        "Net Income Common Stockholders": 2710000.0,
        "Net Income": 2710000.0,
        "Minority Interests": -4000.0,
        "Net Income Including Noncontrolling Interests": 2714000.0,
        "Net Income Continuous Operations": 2714000.0,
        "Tax Provision": 447000.0,
        "Pretax Income": 3161000.0,
        "Gain On Sale Of Security": -99000.0,
        "Selling General And Administration": 3730000.0,
        "Selling And Marketing Expense": 79000.0,
        "General And Administrative Expense": 3651000.0,
        "Other Gand A": 993000.0,
        "Salaries And Wages": 3651000.0,
        "Total Revenue": 9596000.0,
        "Operating Revenue": 9596000.0
    },
    "2022-03-31": {
        "Diluted EPS": 0.75,
        "Total Revenue": 9,
        "Gross Profit": 9,
        "Operating Income": 3,
        "EBIT": NaN,
        "Net Income": 3
    },
    "2021-12-31": {
        "Diluted EPS": 0.83,
        "Total Revenue": 10,
        "Gross Profit": 9,
        "Operating Income": 3,
        "EBIT": NaN,
        "Net Income": 3
    },
    "2021-09-30": {
        "Diluted EPS": 0.88,
        "Total Revenue": 10,
        "Gross Profit": 10,
        "Operating Income": 4,
        "EBIT": NaN,
        "Net Income": 3
    },
    "2021-06-30": {
        "Diluted EPS": 0.82,
        "Total Revenue": 10,
        "Gross Profit": 9,
        "Operating Income": 3,
        "EBIT": NaN,
        "Net Income": 3
    },
    "2021-03-31": {
        "Diluted EPS": 0.88,
        "Total Revenue": 10,
        "Gross Profit": 9,
        "Operating Income": 4,
        "EBIT": NaN,
        "Net Income": 3
    },
    "2020-12-31": {
        "Diluted EPS": 0.84,
        "Total Revenue": 10,
        "Gross Profit": 9,
        "Operating Income": 3,
        "EBIT": NaN,
        "Net Income": 3
    },
    "2020-09-30": {
        "Diluted EPS": 0.82,
        "Total Revenue": 10,
        "Gross Profit": 9,
        "Operating Income": 3,
        "EBIT": NaN,
        "Net Income": 3
    },
    "2020-06-30": {
        "Diluted EPS": 0.73,
        "Total Revenue": 10,
        "Gross Profit": 9,
        "Operating Income": 3,
        "EBIT": NaN,
        "Net Income": 2
    },
    "2020-03-31": {
        "Diluted EPS": 0.63,
        "Total Revenue": 9,
        "Gross Profit": 9,
        "Operating Income": 2,
        "EBIT": NaN,
        "Net Income": 2
    },
    "2019-12-31": {
        "Diluted EPS": 0.72,
        "Total Revenue": 10,
        "Gross Profit": 9,
        "Operating Income": 3,
        "EBIT": NaN,
        "Net Income": 2
    },
    "2019-09-30": {
        "Diluted EPS": 0.87,
        "Total Revenue": 10,
        "Gross Profit": 10,
        "Operating Income": 3,
        "EBIT": NaN,
        "Net Income": 3
    },
    "2019-06-30": {
        "Diluted EPS": 0.86,
        "Total Revenue": 10,
        "Gross Profit": 9,
        "Operating Income": 3,
        "EBIT": NaN,
        "Net Income": 3
    },
    "2019-03-31": {
        "Diluted EPS": 0.64,
        "Total Revenue": 9,
        "Gross Profit": 9,
        "Operating Income": 3,
        "EBIT": NaN,
        "Net Income": 2
    },
    "2018-12-31": {
        "Diluted EPS": 0.74,
        "Total Revenue": 9,
        "Gross Profit": 8,
        "Operating Income": 3,
        "EBIT": NaN,
        "Net Income": 2
    },
    "2018-09-30": {
        "Diluted EPS": 0.76,
        "Total Revenue": 9,
        "Gross Profit": 9,
        "Operating Income": 3,
        "EBIT": NaN,
        "Net Income": 3
    },
    "2018-06-30": {
        "Diluted EPS": 0.63,
        "Total Revenue": 9,
        "Gross Profit": 8,
        "Operating Income": 2,
        "EBIT": NaN,
        "Net Income": 2
    },
    "2018-03-31": {
        "Diluted EPS": 0.64,
        "Total Revenue": 8,
        "Gross Profit": 8,
        "Operating Income": 2,
        "EBIT": NaN,
        "Net Income": 2
    },
    "2017-12-31": {
        "Diluted EPS": 0.48,
        "Total Revenue": 8,
        "Gross Profit": 8,
        "Operating Income": 3,
        "EBIT": NaN,
        "Net Income": 2
    },
    "2017-09-30": {
        "Diluted EPS": 0.63,
        "Total Revenue": 8,
        "Gross Profit": 8,
        "Operating Income": 3,
        "EBIT": NaN,
        "Net Income": 2
    },
    "2017-06-30": {
        "Diluted EPS": 0.66,
        "Total Revenue": 8,
        "Gross Profit": 8,
        "Operating Income": 3,
        "EBIT": NaN,
        "Net Income": 2
    },
    "2017-03-31": {
        "Diluted EPS": 0.46,
        "Total Revenue": 8,
        "Gross Profit": 7,
        "Operating Income": 2,
        "EBIT": NaN,
        "Net Income": 2
    },
    "2016-12-31": {
        "Diluted EPS": 0.52,
        "Total Revenue": 8,
        "Gross Profit": 7,
        "Operating Income": 2,
        "EBIT": NaN,
        "Net Income": 2
    },
    "2016-09-30": {
        "Diluted EPS": 0.53,
        "Total Revenue": 8,
        "Gross Profit": 8,
        "Operating Income": 2,
        "EBIT": NaN,
        "Net Income": 2
    },
    "2016-06-30": {
        "Diluted EPS": 0.53,
        "Total Revenue": 8,
        "Gross Profit": 7,
        "Operating Income": 2,
        "EBIT": NaN,
        "Net Income": 2
    },
    "2016-03-31": {
        "Diluted EPS": 0.47,
        "Total Revenue": 8,
        "Gross Profit": 7,
        "Operating Income": 2,
        "EBIT": NaN,
        "Net Income": 2
    },
    "2015-12-31": {
        "Diluted EPS": 0.38,
        "Total Revenue": 6,
        "Gross Profit": 6,
        "Operating Income": 3,
        "EBIT": NaN,
        "Net Income": 1
    },
    "2015-09-30": {
        "Diluted EPS": 0.51,
        "Total Revenue": 6,
        "Gross Profit": 6,
        "Operating Income": 2,
        "EBIT": NaN,
        "Net Income": 1
    },
    "2015-06-30": {
        "Diluted EPS": 0.45,
        "Total Revenue": 6,
        "Gross Profit": 6,
        "Operating Income": 2,
        "EBIT": NaN,
        "Net Income": 1
    },
    "2015-03-31": {
        "Diluted EPS": 0.53,
        "Total Revenue": 6,
        "Gross Profit": 6,
        "Operating Income": 2,
        "EBIT": NaN,
        "Net Income": 1
    },
    "2014-12-31": {
        "Diluted EPS": 0.45,
        "Total Revenue": 6,
        "Gross Profit": 6,
        "Operating Income": 2,
        "EBIT": NaN,
        "Net Income": 1
    },
    "2014-09-30": {
        "Diluted EPS": 0.56,
        "Total Revenue": 6,
        "Gross Profit": 6,
        "Operating Income": 2,
        "EBIT": NaN,
        "Net Income": 2
    },
    "2014-06-30": {
        "Diluted EPS": 0.55,
        "Total Revenue": 6,
        "Gross Profit": 6,
        "Operating Income": 2,
        "EBIT": NaN,
        "Net Income": 2
    },
    "2014-03-31": {
        "Diluted EPS": 0.47,
        "Total Revenue": 5,
        "Gross Profit": 5,
        "Operating Income": 2,
        "EBIT": NaN,
        "Net Income": 1
    },
    "2013-12-31": {
        "Diluted EPS": 0.45,
        "Total Revenue": 6,
        "Gross Profit": 5,
        "Operating Income": 2,
        "EBIT": NaN,
        "Net Income": 1
    },
    "2013-09-30": {
        "Diluted EPS": 0.51,
        "Total Revenue": 6,
        "Gross Profit": 5,
        "Operating Income": 2,
        "EBIT": NaN,
        "Net Income": 1
    },
    "2013-06-30": {
        "Diluted EPS": 0.43,
        "Total Revenue": 6,
        "Gross Profit": 5,
        "Operating Income": 2,
        "EBIT": NaN,
        "Net Income": 1
    },
    "2013-03-31": {
        "Diluted EPS": 0.43,
        "Total Revenue": 6,
        "Gross Profit": 5,
        "Operating Income": 2,
        "EBIT": NaN,
        "Net Income": 1
    },
    "2012-12-31": {
        "Diluted EPS": 0.45,
        "Total Revenue": 6,
        "Gross Profit": 5,
        "Operating Income": 2,
        "EBIT": NaN,
        "Net Income": 1
    },
    "2012-09-30": {
        "Diluted EPS": 0.26,
        "Total Revenue": 6,
        "Gross Profit": 5,
        "Operating Income": 1,
        "EBIT": NaN,
        "Net Income": 1
    },
    "2012-06-30": {
        "Diluted EPS": 0.37,
        "Total Revenue": 6,
        "Gross Profit": 5,
        "Operating Income": 1,
        "EBIT": NaN,
        "Net Income": 1
    },
    "2012-03-31": {
        "Diluted EPS": 0.33,
        "Total Revenue": 6,
        "Gross Profit": 5,
        "Operating Income": 1,
        "EBIT": NaN,
        "Net Income": 1
    },
    "2011-12-31": {
        "Diluted EPS": 0.38,
        "Total Revenue": 6,
        "Gross Profit": 5,
        "Operating Income": 1,
        "EBIT": NaN,
        "Net Income": 1
    },
    "2011-09-30": {
        "Diluted EPS": 0.39,
        "Total Revenue": 6,
        "Gross Profit": 5,
        "Operating Income": 2,
        "EBIT": NaN,
        "Net Income": 1
    },
    "2011-06-30": {
        "Diluted EPS": 0.34,
        "Total Revenue": 6,
        "Gross Profit": 5,
        "Operating Income": 1,
        "EBIT": NaN,
        "Net Income": 1
    },
    "2011-03-31": {
        "Diluted EPS": 0.32,
        "Total Revenue": 6,
        "Gross Profit": 5,
        "Operating Income": 1,
        "EBIT": NaN,
        "Net Income": 1
    },
    "2010-12-31": {
        "Diluted EPS": 0.35,
        "Total Revenue": 6,
        "Gross Profit": 5,
        "Operating Income": 1,
        "EBIT": NaN,
        "Net Income": 1
    },
    "2010-09-30": {
        "Diluted EPS": 0.33,
        "Total Revenue": 7,
        "Gross Profit": 5,
        "Operating Income": 1,
        "EBIT": NaN,
        "Net Income": 1
    },
    "2010-06-30": {
        "Diluted EPS": 0.35,
        "Total Revenue": 7,
        "Gross Profit": 5,
        "Operating Income": 1,
        "EBIT": NaN,
        "Net Income": 1
    },
    "2010-03-31": {
        "Diluted EPS": 0.36,
        "Total Revenue": 6,
        "Gross Profit": 5,
        "Operating Income": 1,
        "EBIT": NaN,
        "Net Income": 1
    },
    "2009-12-31": {
        "Diluted EPS": 0.14,
        "Total Revenue": 6,
        "Gross Profit": 4,
        "Operating Income": 1,
        "EBIT": NaN,
        "Net Income": 0
    },
    "2009-09-30": {
        "Diluted EPS": 0.0,
        "Total Revenue": 7,
        "Gross Profit": 5,
        "Operating Income": 0,
        "EBIT": NaN,
        "Net Income": 0
    },
    "2009-06-30": {
        "Diluted EPS": -0.15,
        "Total Revenue": 7,
        "Gross Profit": 5,
        "Operating Income": -1,
        "EBIT": NaN,
        "Net Income": 0
    },
    "2009-03-31": {
        "Diluted EPS": 0.29,
        "Total Revenue": 7,
        "Gross Profit": 5,
        "Operating Income": 1,
        "EBIT": NaN,
        "Net Income": 1
    },
    "2023-06-30": {
        "Tax Effect Of Unusual Items": 0.0,
        "Tax Rate For Calcs": 0.136,
        "Net Income From Continuing Operation Net Minority Interest": 2726000.0,
        "Reconciled Depreciation": 255000.0,
        "Net Interest Income": 8301000.0,
        "Interest Expense": 2288000.0,
        "Interest Income": 10589000.0,
        "Normalized Income": 2726000.0,
        "Net Income From Continuing And Discontinued Operation": 2726000.0,
        "Diluted Average Shares": 3344063.0,
        "Basic Average Shares": 3344063.0,
        "Diluted EPS": 0.82,
        "Basic EPS": 0.82,
        "Diluted NI Availto Com Stockholders": 2726000.0,
        "Net Income Common Stockholders": 2726000.0,
        "Net Income": 2726000.0,
        "Minority Interests": -4000.0,
        "Net Income Including Noncontrolling Interests": 2730000.0,
        "Net Income Continuous Operations": 2730000.0,
        "Tax Provision": 429000.0,
        "Pretax Income": 3159000.0,
        "Gain On Sale Of Security": -106000.0,
        "Selling General And Administration": 3896000.0,
        "Selling And Marketing Expense": 94000.0,
        "General And Administrative Expense": 3802000.0,
        "Other Gand A": NaN,
        "Salaries And Wages": 3802000.0,
        "Total Revenue": 10175000.0,
        "Operating Revenue": 10175000.0
    },
    "2023-09-30": {
        "Tax Effect Of Unusual Items": 0.0,
        "Tax Rate For Calcs": 0.154,
        "Net Income From Continuing Operation Net Minority Interest": 3138000.0,
        "Reconciled Depreciation": NaN,
        "Net Interest Income": 8537000.0,
        "Interest Expense": 2642000.0,
        "Interest Income": 11179000.0,
        "Normalized Income": 3138000.0,
        "Net Income From Continuing And Discontinued Operation": 3138000.0,
        "Diluted Average Shares": 3345869.0,
        "Basic Average Shares": 3345869.0,
        "Diluted EPS": 0.94,
        "Basic EPS": 0.94,
        "Diluted NI Availto Com Stockholders": 3138000.0,
        "Net Income Common Stockholders": 3138000.0,
        "Net Income": 3138000.0,
        "Minority Interests": -3000.0,
        "Net Income Including Noncontrolling Interests": 3141000.0,
        "Net Income Continuous Operations": 3141000.0,
        "Tax Provision": 572000.0,
        "Pretax Income": 3713000.0,
        "Gain On Sale Of Security": NaN,
        "Selling General And Administration": NaN,
        "Selling And Marketing Expense": NaN,
        "General And Administrative Expense": NaN,
        "Other Gand A": NaN,
        "Salaries And Wages": NaN,
        "Total Revenue": 8537000.0,
        "Operating Revenue": 8537000.0
    }
}