{
    "2023-06-30": {
        "Tax Effect Of Unusual Items": -478325.0,
        "Tax Rate For Calcs": 0.2375,
        "Total Unusual Items": -2014000.0,
        "Total Unusual Items Excluding Goodwill": -2014000.0,
        "Net Income From Continuing Operation Net Minority Interest": 9814000.0,
        "Reconciled Depreciation": 1416000.0,
        "Net Interest Income": 32862000.0,
        "Interest Expense": 2007000.0,
        "Interest Income": 34869000.0,
        "Normalized Income": 11349675.0,
        "Net Income From Continuing And Discontinued Operation": 9814000.0,
        "Diluted Average Shares": 18431598.0,
        "Basic Average Shares": 18407078.0,
        "Diluted EPS": 0.53,
        "Basic EPS": 0.53,
        "Diluted NI Availto Com Stockholders": 9814000.0,
        "Net Income Common Stockholders": 9814000.0,
        "Net Income": 9814000.0,
        "Net Income Including Noncontrolling Interests": 9814000.0,
        "Net Income Continuous Operations": 9814000.0,
        "Tax Provision": 3057000.0,
        "Pretax Income": 12871000.0,
        "Special Income Charges": -2014000.0,
        "Gain On Sale Of Business": NaN,
        "Restructuring And Mergern Acquisition": 2014000.0,
        "Gain On Sale Of Security": -28000.0,
        "Depreciation Amortization Depletion Income Statement": 425000.0,
        "Depreciation And Amortization In Income Statement": 425000.0,
        "Amortization": 425000.0,
        "Amortization Of Intangibles Income Statement": 425000.0,
        "Selling General And Administration": 13955000.0,
        "Selling And Marketing Expense": 846000.0,
        "General And Administrative Expense": 13109000.0,
        "Insurance And Claims": 423000.0,
        "Salaries And Wages": 12686000.0,
        "Total Revenue": 39363000.0,
        "Operating Revenue": 39363000.0
    },
    "2023-03-31": {
        "Tax Effect Of Unusual Items": -89785.1,
        "Tax Rate For Calcs": 0.2369,
        "Total Unusual Items": -379000.0,
        "Total Unusual Items Excluding Goodwill": -379000.0,
        "Net Income From Continuing Operation Net Minority Interest": 11782000.0,
        "Reconciled Depreciation": 1155000.0,
        "Net Interest Income": 29412000.0,
        "Interest Expense": 777000.0,
        "Interest Income": 30189000.0,
        "Normalized Income": 12071214.9,
        "Net Income From Continuing And Discontinued Operation": 11782000.0,
        "Diluted Average Shares": 16289489.0,
        "Basic Average Shares": 16228297.0,
        "Diluted EPS": 0.72,
        "Basic EPS": 0.73,
        "Diluted NI Availto Com Stockholders": 11782000.0,
        "Net Income Common Stockholders": 11782000.0,
        "Net Income": 11782000.0,
        "Net Income Including Noncontrolling Interests": 11782000.0,
        "Net Income Continuous Operations": 11782000.0,
        "Tax Provision": 3658000.0,
        "Pretax Income": 15440000.0,
        "Special Income Charges": -379000.0,
        "Gain On Sale Of Business": NaN,
        "Restructuring And Mergern Acquisition": 379000.0,
        "Gain On Sale Of Security": 7000.0,
        "Depreciation Amortization Depletion Income Statement": 234000.0,
        "Depreciation And Amortization In Income Statement": 234000.0,
        "Amortization": 234000.0,
        "Amortization Of Intangibles Income Statement": 234000.0,
        "Selling General And Administration": 12558000.0,
        "Selling And Marketing Expense": 643000.0,
        "General And Administrative Expense": 11915000.0,
        "Insurance And Claims": 320000.0,
        "Salaries And Wages": 11595000.0,
        "Total Revenue": 35976000.0,
        "Operating Revenue": 35976000.0
    },
    "2022-12-31": {
        "Tax Effect Of Unusual Items": -117076.186219,
        "Tax Rate For Calcs": 0.196437,
        "Total Unusual Items": -596000.0,
        "Total Unusual Items Excluding Goodwill": -596000.0,
        "Net Income From Continuing Operation Net Minority Interest": 12583000.0,
        "Reconciled Depreciation": 1313000.0,
        "Net Interest Income": 30621000.0,
        "Interest Expense": 367000.0,
        "Interest Income": 30988000.0,
        "Normalized Income": 13061923.813781,
        "Net Income From Continuing And Discontinued Operation": 12583000.0,
        "Diluted Average Shares": 16281922.0,
        "Basic Average Shares": 16229289.0,
        "Diluted EPS": 0.77,
        "Basic EPS": 0.78,
        "Diluted NI Availto Com Stockholders": 12583000.0,
        "Net Income Common Stockholders": 12583000.0,
        "Net Income": 12583000.0,
        "Net Income Including Noncontrolling Interests": 12583000.0,
        "Net Income Continuous Operations": 12583000.0,
        "Tax Provision": 3076000.0,
        "Pretax Income": 15659000.0,
        "Special Income Charges": -596000.0,
        "Gain On Sale Of Business": 0.0,
        "Restructuring And Mergern Acquisition": NaN,
        "Gain On Sale Of Security": NaN,
        "Depreciation Amortization Depletion Income Statement": 364000.0,
        "Depreciation And Amortization In Income Statement": 364000.0,
        "Amortization": 364000.0,
        "Amortization Of Intangibles Income Statement": 364000.0,
        "Selling General And Administration": 12817000.0,
        "Selling And Marketing Expense": 574000.0,
        "General And Administrative Expense": 12243000.0,
        "Insurance And Claims": 330000.0,
        "Salaries And Wages": 11913000.0,
        "Total Revenue": 37900000.0,
        "Operating Revenue": 37900000.0
    },
    "2022-09-30": {
        "Tax Effect Of Unusual Items": 354315.370519,
        "Tax Rate For Calcs": 0.235425,
        "Total Unusual Items": 1505000.0,
        "Total Unusual Items Excluding Goodwill": 1505000.0,
        "Net Income From Continuing Operation Net Minority Interest": 13351000.0,
        "Reconciled Depreciation": 365000.0,
        "Net Interest Income": 29342000.0,
        "Interest Expense": 380000.0,
        "Interest Income": 29722000.0,
        "Normalized Income": 12200315.370519,
        "Net Income From Continuing And Discontinued Operation": 13351000.0,
        "Diluted Average Shares": 16413202.0,
        "Basic Average Shares": 16378022.0,
        "Diluted EPS": 0.81,
        "Basic EPS": 0.82,
        "Diluted NI Availto Com Stockholders": 13351000.0,
        "Net Income Common Stockholders": 13351000.0,
        "Net Income": 13351000.0,
        "Net Income Including Noncontrolling Interests": 13351000.0,
        "Net Income Continuous Operations": 13351000.0,
        "Tax Provision": 4111000.0,
        "Pretax Income": 17462000.0,
        "Special Income Charges": 1505000.0,
        "Gain On Sale Of Business": 1505000.0,
        "Restructuring And Mergern Acquisition": NaN,
        "Gain On Sale Of Security": NaN,
        "Depreciation Amortization Depletion Income Statement": 365000.0,
        "Depreciation And Amortization In Income Statement": 365000.0,
        "Amortization": 365000.0,
        "Amortization Of Intangibles Income Statement": 365000.0,
        "Selling General And Administration": 13120000.0,
        "Selling And Marketing Expense": 718000.0,
        "General And Administrative Expense": 12402000.0,
        "Insurance And Claims": 321000.0,
        "Salaries And Wages": 12081000.0,
        "Total Revenue": 35999000.0,
        "Operating Revenue": 35999000.0
    },
    "2022-06-30": {
        "Tax Effect Of Unusual Items": 0.0,
        "Tax Rate For Calcs": 0.233875,
        "Total Unusual Items": NaN,
        "Total Unusual Items Excluding Goodwill": NaN,
        "Net Income From Continuing Operation Net Minority Interest": 11213000.0,
        "Reconciled Depreciation": 360000.0,
        "Net Interest Income": 27547000.0,
        "Interest Expense": 423000.0,
        "Interest Income": 27970000.0,
        "Normalized Income": 11213000.0,
        "Net Income From Continuing And Discontinued Operation": 11213000.0,
        "Diluted Average Shares": 16682615.0,
        "Basic Average Shares": 16662817.0,
        "Diluted EPS": 0.67,
        "Basic EPS": 0.67,
        "Diluted NI Availto Com Stockholders": 11213000.0,
        "Net Income Common Stockholders": 11213000.0,
        "Net Income": 11213000.0,
        "Net Income Including Noncontrolling Interests": 11213000.0,
        "Net Income Continuous Operations": 11213000.0,
        "Tax Provision": 3423000.0,
        "Pretax Income": 14636000.0,
        "Special Income Charges": NaN,
        "Gain On Sale Of Business": NaN,
        "Restructuring And Mergern Acquisition": NaN,
        "Gain On Sale Of Security": NaN,
        "Depreciation Amortization Depletion Income Statement": 360000.0,
        "Depreciation And Amortization In Income Statement": 360000.0,
        "Amortization": 360000.0,
        "Amortization Of Intangibles Income Statement": 360000.0,
        "Selling General And Administration": 12352000.0,
        "Selling And Marketing Expense": 577000.0,
        "General And Administrative Expense": 11775000.0,
        "Insurance And Claims": 257000.0,
        "Salaries And Wages": 11518000.0,
        "Total Revenue": 33838000.0,
        "Operating Revenue": 33838000.0
    },
    "2022-03-31": {
        "Diluted EPS": 0.56,
        "Total Revenue": 35,
        "Gross Profit": 34,
        "Operating Income": 12,
        "EBIT": NaN,
        "Net Income": 10
    },
    "2021-12-31": {
        "Diluted EPS": 0.63,
        "Total Revenue": 35,
        "Gross Profit": 34,
        "Operating Income": 14,
        "EBIT": NaN,
        "Net Income": 11
    },
    "2021-09-30": {
        "Diluted EPS": 0.73,
        "Total Revenue": 35,
        "Gross Profit": 34,
        "Operating Income": 16,
        "EBIT": NaN,
        "Net Income": 13
    },
    "2021-06-30": {
        "Diluted EPS": 0.76,
        "Total Revenue": 35,
        "Gross Profit": 35,
        "Operating Income": 17,
        "EBIT": NaN,
        "Net Income": 13
    },
    "2021-03-31": {
        "Diluted EPS": 0.82,
        "Total Revenue": 35,
        "Gross Profit": 34,
        "Operating Income": 19,
        "EBIT": NaN,
        "Net Income": 15
    },
    "2020-12-31": {
        "Diluted EPS": 0.65,
        "Total Revenue": 36,
        "Gross Profit": 35,
        "Operating Income": 15,
        "EBIT": NaN,
        "Net Income": 12
    },
    "2020-09-30": {
        "Diluted EPS": 0.47,
        "Total Revenue": 36,
        "Gross Profit": 34,
        "Operating Income": 11,
        "EBIT": NaN,
        "Net Income": 8
    },
    "2020-06-30": {
        "Diluted EPS": 0.46,
        "Total Revenue": 35,
        "Gross Profit": 33,
        "Operating Income": 11,
        "EBIT": NaN,
        "Net Income": 8
    },
    "2020-03-31": {
        "Diluted EPS": 0.44,
        "Total Revenue": 37,
        "Gross Profit": 35,
        "Operating Income": 12,
        "EBIT": NaN,
        "Net Income": 8
    },
    "2019-12-31": {
        "Diluted EPS": 0.62,
        "Total Revenue": 33,
        "Gross Profit": 31,
        "Operating Income": 14,
        "EBIT": NaN,
        "Net Income": 10
    },
    "2019-09-30": {
        "Diluted EPS": 0.58,
        "Total Revenue": 31,
        "Gross Profit": 30,
        "Operating Income": 12,
        "EBIT": NaN,
        "Net Income": 9
    },
    "2019-06-30": {
        "Diluted EPS": 0.66,
        "Total Revenue": 33,
        "Gross Profit": 32,
        "Operating Income": 13,
        "EBIT": NaN,
        "Net Income": 10
    },
    "2019-03-31": {
        "Diluted EPS": 0.6,
        "Total Revenue": 32,
        "Gross Profit": 30,
        "Operating Income": 12,
        "EBIT": NaN,
        "Net Income": 10
    },
    "2018-12-31": {
        "Diluted EPS": 0.57,
        "Total Revenue": 32,
        "Gross Profit": 30,
        "Operating Income": 10,
        "EBIT": NaN,
        "Net Income": 9
    },
    "2018-09-30": {
        "Diluted EPS": 0.55,
        "Total Revenue": 31,
        "Gross Profit": 29,
        "Operating Income": 12,
        "EBIT": NaN,
        "Net Income": 9
    },
    "2018-06-30": {
        "Diluted EPS": 0.54,
        "Total Revenue": 31,
        "Gross Profit": 29,
        "Operating Income": 12,
        "EBIT": NaN,
        "Net Income": 9
    },
    "2018-03-31": {
        "Diluted EPS": 0.52,
        "Total Revenue": 31,
        "Gross Profit": 29,
        "Operating Income": 11,
        "EBIT": NaN,
        "Net Income": 9
    },
    "2017-12-31": {
        "Diluted EPS": 0.07,
        "Total Revenue": 31,
        "Gross Profit": 29,
        "Operating Income": 12,
        "EBIT": NaN,
        "Net Income": 1
    },
    "2017-09-30": {
        "Diluted EPS": 0.45,
        "Total Revenue": 31,
        "Gross Profit": 29,
        "Operating Income": 12,
        "EBIT": NaN,
        "Net Income": 8
    },
    "2017-06-30": {
        "Diluted EPS": 0.38,
        "Total Revenue": 29,
        "Gross Profit": 27,
        "Operating Income": 9,
        "EBIT": NaN,
        "Net Income": 6
    },
    "2017-03-31": {
        "Diluted EPS": 0.36,
        "Total Revenue": 28,
        "Gross Profit": 26,
        "Operating Income": 9,
        "EBIT": NaN,
        "Net Income": 6
    },
    "2016-12-31": {
        "Diluted EPS": 0.38,
        "Total Revenue": 28,
        "Gross Profit": 26,
        "Operating Income": 10,
        "EBIT": NaN,
        "Net Income": 6
    },
    "2016-09-30": {
        "Diluted EPS": 0.37,
        "Total Revenue": 30,
        "Gross Profit": 27,
        "Operating Income": 10,
        "EBIT": NaN,
        "Net Income": 6
    },
    "2016-06-30": {
        "Diluted EPS": 0.36,
        "Total Revenue": 31,
        "Gross Profit": 29,
        "Operating Income": 10,
        "EBIT": NaN,
        "Net Income": 6
    },
    "2016-03-31": {
        "Diluted EPS": 0.34,
        "Total Revenue": 31,
        "Gross Profit": 29,
        "Operating Income": 9,
        "EBIT": NaN,
        "Net Income": 6
    },
    "2015-12-31": {
        "Diluted EPS": 0.33,
        "Total Revenue": 31,
        "Gross Profit": 29,
        "Operating Income": 9,
        "EBIT": NaN,
        "Net Income": 6
    },
    "2015-09-30": {
        "Diluted EPS": 0.34,
        "Total Revenue": 31,
        "Gross Profit": 29,
        "Operating Income": 9,
        "EBIT": NaN,
        "Net Income": 6
    },
    "2015-06-30": {
        "Diluted EPS": 0.33,
        "Total Revenue": 32,
        "Gross Profit": 29,
        "Operating Income": 9,
        "EBIT": NaN,
        "Net Income": 6
    },
    "2015-03-31": {
        "Diluted EPS": 0.31,
        "Total Revenue": 31,
        "Gross Profit": 28,
        "Operating Income": 9,
        "EBIT": NaN,
        "Net Income": 6
    },
    "2014-12-31": {
        "Diluted EPS": 0.3,
        "Total Revenue": 36,
        "Gross Profit": 32,
        "Operating Income": 10,
        "EBIT": NaN,
        "Net Income": 5
    },
    "2014-09-30": {
        "Diluted EPS": 0.36,
        "Total Revenue": 33,
        "Gross Profit": 30,
        "Operating Income": 11,
        "EBIT": NaN,
        "Net Income": 7
    },
    "2014-06-30": {
        "Diluted EPS": 0.36,
        "Total Revenue": 34,
        "Gross Profit": 30,
        "Operating Income": 10,
        "EBIT": NaN,
        "Net Income": 7
    },
    "2014-03-31": {
        "Diluted EPS": 0.29,
        "Total Revenue": 33,
        "Gross Profit": 29,
        "Operating Income": 8,
        "EBIT": NaN,
        "Net Income": 5
    },
    "2013-12-31": {
        "Diluted EPS": 0.25,
        "Total Revenue": 34,
        "Gross Profit": 30,
        "Operating Income": 8,
        "EBIT": NaN,
        "Net Income": 5
    },
    "2013-09-30": {
        "Diluted EPS": 0.26,
        "Total Revenue": 35,
        "Gross Profit": 30,
        "Operating Income": 8,
        "EBIT": NaN,
        "Net Income": 5
    },
    "2013-06-30": {
        "Diluted EPS": 0.26,
        "Total Revenue": 34,
        "Gross Profit": 30,
        "Operating Income": 8,
        "EBIT": NaN,
        "Net Income": 5
    },
    "2013-03-31": {
        "Diluted EPS": 0.34,
        "Total Revenue": 36,
        "Gross Profit": 31,
        "Operating Income": 11,
        "EBIT": NaN,
        "Net Income": 7
    },
    "2012-12-31": {
        "Diluted EPS": 0.42,
        "Total Revenue": 40,
        "Gross Profit": 35,
        "Operating Income": 13,
        "EBIT": NaN,
        "Net Income": 8
    },
    "2012-09-30": {
        "Diluted EPS": 0.47,
        "Total Revenue": 43,
        "Gross Profit": 38,
        "Operating Income": 16,
        "EBIT": NaN,
        "Net Income": 10
    },
    "2012-06-30": {
        "Diluted EPS": 0.2,
        "Total Revenue": 33,
        "Gross Profit": 28,
        "Operating Income": 9,
        "EBIT": NaN,
        "Net Income": 4
    },
    "2012-03-31": {
        "Diluted EPS": 0.31,
        "Total Revenue": 31,
        "Gross Profit": 26,
        "Operating Income": 9,
        "EBIT": NaN,
        "Net Income": 6
    },
    "2011-12-31": {
        "Diluted EPS": 0.16,
        "Total Revenue": 30,
        "Gross Profit": 25,
        "Operating Income": 5,
        "EBIT": NaN,
        "Net Income": 3
    },
    "2011-09-30": {
        "Diluted EPS": 0.28,
        "Total Revenue": 31,
        "Gross Profit": 26,
        "Operating Income": 8,
        "EBIT": NaN,
        "Net Income": 5
    },
    "2011-06-30": {
        "Diluted EPS": 0.31,
        "Total Revenue": 35,
        "Gross Profit": 29,
        "Operating Income": 8,
        "EBIT": NaN,
        "Net Income": 6
    },
    "2011-03-31": {
        "Diluted EPS": 0.32,
        "Total Revenue": 34,
        "Gross Profit": 28,
        "Operating Income": 8,
        "EBIT": NaN,
        "Net Income": 6
    },
    "2010-12-31": {
        "Diluted EPS": 0.27,
        "Total Revenue": 37,
        "Gross Profit": 30,
        "Operating Income": 7,
        "EBIT": NaN,
        "Net Income": 5
    },
    "2010-09-30": {
        "Diluted EPS": 0.37,
        "Total Revenue": 37,
        "Gross Profit": 30,
        "Operating Income": 8,
        "EBIT": NaN,
        "Net Income": 7
    },
    "2010-06-30": {
        "Diluted EPS": 0.29,
        "Total Revenue": 35,
        "Gross Profit": 27,
        "Operating Income": 7,
        "EBIT": NaN,
        "Net Income": 5
    },
    "2010-03-31": {
        "Diluted EPS": 0.3,
        "Total Revenue": 35,
        "Gross Profit": 27,
        "Operating Income": 7,
        "EBIT": NaN,
        "Net Income": 5
    },
    "2009-12-31": {
        "Diluted EPS": -2.57,
        "Total Revenue": -23,
        "Gross Profit": -31,
        "Operating Income": -56,
        "EBIT": NaN,
        "Net Income": -35
    },
    "2009-09-30": {
        "Diluted EPS": -0.72,
        "Total Revenue": 10,
        "Gross Profit": 0,
        "Operating Income": -20,
        "EBIT": NaN,
        "Net Income": -13
    },
    "2009-06-30": {
        "Diluted EPS": 0.14,
        "Total Revenue": 32,
        "Gross Profit": 22,
        "Operating Income": 3,
        "EBIT": NaN,
        "Net Income": 2
    },
    "2009-03-31": {
        "Diluted EPS": 0.4,
        "Total Revenue": 35,
        "Gross Profit": 25,
        "Operating Income": 8,
        "EBIT": NaN,
        "Net Income": 5
    },
    "2023-09-30": {
        "Tax Effect Of Unusual Items": 0.0,
        "Tax Rate For Calcs": 0.2273,
        "Total Unusual Items": 0.0,
        "Total Unusual Items Excluding Goodwill": 0.0,
        "Net Income From Continuing Operation Net Minority Interest": 14640000.0,
        "Reconciled Depreciation": 1558000.0,
        "Net Interest Income": 33347000.0,
        "Interest Expense": 2758000.0,
        "Interest Income": 36105000.0,
        "Normalized Income": 14640000.0,
        "Net Income From Continuing And Discontinued Operation": 14640000.0,
        "Diluted Average Shares": 18831836.0,
        "Basic Average Shares": 18786032.0,
        "Diluted EPS": 0.78,
        "Basic EPS": 0.78,
        "Diluted NI Availto Com Stockholders": 14640000.0,
        "Net Income Common Stockholders": 14640000.0,
        "Net Income": 14640000.0,
        "Net Income Including Noncontrolling Interests": 14640000.0,
        "Net Income Continuous Operations": 14640000.0,
        "Tax Provision": 4307000.0,
        "Pretax Income": 18947000.0,
        "Special Income Charges": 0.0,
        "Gain On Sale Of Business": 0.0,
        "Restructuring And Mergern Acquisition": 0.0,
        "Gain On Sale Of Security": 0.0,
        "Depreciation Amortization Depletion Income Statement": 536000.0,
        "Depreciation And Amortization In Income Statement": 536000.0,
        "Amortization": 536000.0,
        "Amortization Of Intangibles Income Statement": 536000.0,
        "Selling General And Administration": 14033000.0,
        "Selling And Marketing Expense": 968000.0,
        "General And Administrative Expense": 13065000.0,
        "Insurance And Claims": 392000.0,
        "Salaries And Wages": 12673000.0,
        "Total Revenue": 40619000.0,
        "Operating Revenue": 40619000.0
    },
    "2023-12-31": {
        "Tax Effect Of Unusual Items": NaN,
        "Tax Rate For Calcs": NaN,
        "Total Unusual Items": NaN,
        "Total Unusual Items Excluding Goodwill": NaN,
        "Net Income From Continuing Operation Net Minority Interest": NaN,
        "Reconciled Depreciation": NaN,
        "Net Interest Income": NaN,
        "Interest Expense": NaN,
        "Interest Income": NaN,
        "Normalized Income": NaN,
        "Net Income From Continuing And Discontinued Operation": NaN,
        "Diluted Average Shares": 18575226.0,
        "Basic Average Shares": 18530114.0,
        "Diluted EPS": 0.64,
        "Basic EPS": 0.64,
        "Diluted NI Availto Com Stockholders": NaN,
        "Net Income Common Stockholders": NaN,
        "Net Income": NaN,
        "Net Income Including Noncontrolling Interests": NaN,
        "Net Income Continuous Operations": NaN,
        "Tax Provision": NaN,
        "Pretax Income": NaN,
        "Special Income Charges": NaN,
        "Gain On Sale Of Business": NaN,
        "Restructuring And Mergern Acquisition": NaN,
        "Gain On Sale Of Security": NaN,
        "Depreciation Amortization Depletion Income Statement": NaN,
        "Depreciation And Amortization In Income Statement": NaN,
        "Amortization": NaN,
        "Amortization Of Intangibles Income Statement": NaN,
        "Selling General And Administration": NaN,
        "Selling And Marketing Expense": NaN,
        "General And Administrative Expense": NaN,
        "Insurance And Claims": NaN,
        "Salaries And Wages": NaN,
        "Total Revenue": NaN,
        "Operating Revenue": NaN
    }
}