{
    "2023-06-30": {
        "Tax Effect Of Unusual Items": 48956.910761,
        "Tax Rate For Calcs": 0.216623,
        "Total Unusual Items": 226000.0,
        "Total Unusual Items Excluding Goodwill": 226000.0,
        "Net Income From Continuing Operation Net Minority Interest": 3327000.0,
        "Reconciled Depreciation": 40000.0,
        "Net Interest Income": 12137000.0,
        "Interest Expense": 5360000.0,
        "Interest Income": 17497000.0,
        "Normalized Income": 3149956.910761,
        "Net Income From Continuing And Discontinued Operation": 3327000.0,
        "Diluted Average Shares": 7649000.0,
        "Basic Average Shares": 7560000.0,
        "Diluted EPS": 0.43,
        "Basic EPS": 0.44,
        "Diluted NI Availto Com Stockholders": 3327000.0,
        "Net Income Common Stockholders": 3327000.0,
        "Net Income": 3327000.0,
        "Net Income Including Noncontrolling Interests": 3327000.0,
        "Net Income Continuous Operations": 3327000.0,
        "Tax Provision": 920000.0,
        "Pretax Income": 4247000.0,
        "Special Income Charges": 121000.0,
        "Other Special Charges": -121000.0,
        "Depreciation Amortization Depletion Income Statement": 40000.0,
        "Depreciation And Amortization In Income Statement": 40000.0,
        "Amortization": 40000.0,
        "Amortization Of Intangibles Income Statement": 40000.0,
        "Selling General And Administration": 7099000.0,
        "Selling And Marketing Expense": 370000.0,
        "General And Administrative Expense": 6729000.0,
        "Other Gand A": NaN,
        "Insurance And Claims": 221000.0,
        "Salaries And Wages": 6508000.0,
        "Total Revenue": 15067000.0,
        "Operating Revenue": 15067000.0
    },
    "2023-03-31": {
        "Tax Effect Of Unusual Items": 0.0,
        "Tax Rate For Calcs": 0.217578,
        "Total Unusual Items": 0.0,
        "Total Unusual Items Excluding Goodwill": 0.0,
        "Net Income From Continuing Operation Net Minority Interest": 3463000.0,
        "Reconciled Depreciation": 39000.0,
        "Net Interest Income": 12357000.0,
        "Interest Expense": 3533000.0,
        "Interest Income": 15890000.0,
        "Normalized Income": 3463000.0,
        "Net Income From Continuing And Discontinued Operation": 3463000.0,
        "Diluted Average Shares": 7644000.0,
        "Basic Average Shares": 7555000.0,
        "Diluted EPS": 0.45,
        "Basic EPS": 0.46,
        "Diluted NI Availto Com Stockholders": 3463000.0,
        "Net Income Common Stockholders": 3463000.0,
        "Net Income": 3463000.0,
        "Net Income Including Noncontrolling Interests": 3463000.0,
        "Net Income Continuous Operations": 3463000.0,
        "Tax Provision": 963000.0,
        "Pretax Income": 4426000.0,
        "Special Income Charges": 0.0,
        "Other Special Charges": NaN,
        "Depreciation Amortization Depletion Income Statement": 39000.0,
        "Depreciation And Amortization In Income Statement": 39000.0,
        "Amortization": 39000.0,
        "Amortization Of Intangibles Income Statement": 39000.0,
        "Selling General And Administration": 6859000.0,
        "Selling And Marketing Expense": 346000.0,
        "General And Administrative Expense": 6513000.0,
        "Other Gand A": NaN,
        "Insurance And Claims": 182000.0,
        "Salaries And Wages": 6331000.0,
        "Total Revenue": 14932000.0,
        "Operating Revenue": 14932000.0
    },
    "2022-12-31": {
        "Tax Effect Of Unusual Items": -16440.395425,
        "Tax Rate For Calcs": 0.216321,
        "Total Unusual Items": -76000.0,
        "Total Unusual Items Excluding Goodwill": -76000.0,
        "Net Income From Continuing Operation Net Minority Interest": 4043000.0,
        "Reconciled Depreciation": 40000.0,
        "Net Interest Income": 13365000.0,
        "Interest Expense": 1692000.0,
        "Interest Income": 15057000.0,
        "Normalized Income": 4102559.604575,
        "Net Income From Continuing And Discontinued Operation": 4043000.0,
        "Diluted Average Shares": 7614000.0,
        "Basic Average Shares": 7544000.0,
        "Diluted EPS": 0.53,
        "Basic EPS": 0.54,
        "Diluted NI Availto Com Stockholders": 4043000.0,
        "Net Income Common Stockholders": 4043000.0,
        "Net Income": 4043000.0,
        "Net Income Including Noncontrolling Interests": 4043000.0,
        "Net Income Continuous Operations": 4043000.0,
        "Tax Provision": 1116000.0,
        "Pretax Income": 5159000.0,
        "Special Income Charges": -2000.0,
        "Other Special Charges": 2000.0,
        "Depreciation Amortization Depletion Income Statement": 40000.0,
        "Depreciation And Amortization In Income Statement": 40000.0,
        "Amortization": 40000.0,
        "Amortization Of Intangibles Income Statement": 40000.0,
        "Selling General And Administration": 7091000.0,
        "Selling And Marketing Expense": 289000.0,
        "General And Administrative Expense": 6802000.0,
        "Other Gand A": -1906000.0,
        "Insurance And Claims": 112000.0,
        "Salaries And Wages": 6690000.0,
        "Total Revenue": 15880000.0,
        "Operating Revenue": 15880000.0
    },
    "2022-09-30": {
        "Tax Effect Of Unusual Items": 0.0,
        "Tax Rate For Calcs": 0.214825,
        "Total Unusual Items": 0.0,
        "Total Unusual Items Excluding Goodwill": 0.0,
        "Net Income From Continuing Operation Net Minority Interest": 3951000.0,
        "Reconciled Depreciation": 39000.0,
        "Net Interest Income": 12794000.0,
        "Interest Expense": 558000.0,
        "Interest Income": 13352000.0,
        "Normalized Income": 3951000.0,
        "Net Income From Continuing And Discontinued Operation": 3951000.0,
        "Diluted Average Shares": 7608000.0,
        "Basic Average Shares": 7531000.0,
        "Diluted EPS": 0.52,
        "Basic EPS": 0.52,
        "Diluted NI Availto Com Stockholders": 3951000.0,
        "Net Income Common Stockholders": 3951000.0,
        "Net Income": 3951000.0,
        "Net Income Including Noncontrolling Interests": 3951000.0,
        "Net Income Continuous Operations": 3951000.0,
        "Tax Provision": 1081000.0,
        "Pretax Income": 5032000.0,
        "Special Income Charges": 0.0,
        "Other Special Charges": NaN,
        "Depreciation Amortization Depletion Income Statement": 39000.0,
        "Depreciation And Amortization In Income Statement": 39000.0,
        "Amortization": 39000.0,
        "Amortization Of Intangibles Income Statement": 39000.0,
        "Selling General And Administration": 6657000.0,
        "Selling And Marketing Expense": 163000.0,
        "General And Administrative Expense": 6494000.0,
        "Other Gand A": 1352000.0,
        "Insurance And Claims": 121000.0,
        "Salaries And Wages": 6373000.0,
        "Total Revenue": 15467000.0,
        "Operating Revenue": 15467000.0
    },
    "2022-06-30": {
        "Tax Effect Of Unusual Items": -8239.472349,
        "Tax Rate For Calcs": 0.205987,
        "Total Unusual Items": -40000.0,
        "Total Unusual Items Excluding Goodwill": -40000.0,
        "Net Income From Continuing Operation Net Minority Interest": 3130000.0,
        "Reconciled Depreciation": 40000.0,
        "Net Interest Income": 11051000.0,
        "Interest Expense": 462000.0,
        "Interest Income": 11513000.0,
        "Normalized Income": 3161760.527651,
        "Net Income From Continuing And Discontinued Operation": 3130000.0,
        "Diluted Average Shares": 7605000.0,
        "Basic Average Shares": 7522000.0,
        "Diluted EPS": 0.41,
        "Basic EPS": 0.42,
        "Diluted NI Availto Com Stockholders": 3130000.0,
        "Net Income Common Stockholders": 3130000.0,
        "Net Income": 3130000.0,
        "Net Income Including Noncontrolling Interests": 3130000.0,
        "Net Income Continuous Operations": 3130000.0,
        "Tax Provision": 812000.0,
        "Pretax Income": 3942000.0,
        "Special Income Charges": 5000.0,
        "Other Special Charges": -5000.0,
        "Depreciation Amortization Depletion Income Statement": 40000.0,
        "Depreciation And Amortization In Income Statement": 40000.0,
        "Amortization": 40000.0,
        "Amortization Of Intangibles Income Statement": 40000.0,
        "Selling General And Administration": 6726000.0,
        "Selling And Marketing Expense": 446000.0,
        "General And Administrative Expense": 6280000.0,
        "Other Gand A": 1285000.0,
        "Insurance And Claims": 105000.0,
        "Salaries And Wages": 6175000.0,
        "Total Revenue": 14055000.0,
        "Operating Revenue": 14055000.0
    },
    "2022-03-31": {
        "Diluted EPS": 0.46,
        "Total Revenue": 15,
        "Gross Profit": 14,
        "Operating Income": 4,
        "EBIT": NaN,
        "Net Income": 3
    },
    "2021-12-31": {
        "Diluted EPS": 0.52,
        "Total Revenue": 15,
        "Gross Profit": 15,
        "Operating Income": 5,
        "EBIT": NaN,
        "Net Income": 4
    },
    "2021-09-30": {
        "Diluted EPS": 0.63,
        "Total Revenue": 17,
        "Gross Profit": 16,
        "Operating Income": 6,
        "EBIT": NaN,
        "Net Income": 5
    },
    "2021-06-30": {
        "Diluted EPS": 0.47,
        "Total Revenue": 15,
        "Gross Profit": 15,
        "Operating Income": 4,
        "EBIT": NaN,
        "Net Income": 4
    },
    "2021-03-31": {
        "Diluted EPS": 0.43,
        "Total Revenue": 15,
        "Gross Profit": 14,
        "Operating Income": 4,
        "EBIT": NaN,
        "Net Income": 3
    },
    "2020-12-31": {
        "Diluted EPS": 0.46,
        "Total Revenue": 15,
        "Gross Profit": 14,
        "Operating Income": 4,
        "EBIT": NaN,
        "Net Income": 3
    },
    "2020-09-30": {
        "Diluted EPS": 0.35,
        "Total Revenue": 15,
        "Gross Profit": 14,
        "Operating Income": 3,
        "EBIT": NaN,
        "Net Income": 3
    },
    "2020-06-30": {
        "Diluted EPS": 0.3,
        "Total Revenue": 14,
        "Gross Profit": 13,
        "Operating Income": 3,
        "EBIT": NaN,
        "Net Income": 2
    },
    "2020-03-31": {
        "Diluted EPS": 0.24,
        "Total Revenue": 14,
        "Gross Profit": 12,
        "Operating Income": 2,
        "EBIT": NaN,
        "Net Income": 2
    },
    "2019-12-31": {
        "Diluted EPS": 0.37,
        "Total Revenue": 14,
        "Gross Profit": 12,
        "Operating Income": 3,
        "EBIT": NaN,
        "Net Income": 3
    },
    "2019-09-30": {
        "Diluted EPS": 0.39,
        "Total Revenue": 14,
        "Gross Profit": 12,
        "Operating Income": 4,
        "EBIT": NaN,
        "Net Income": 3
    },
    "2019-06-30": {
        "Diluted EPS": 0.37,
        "Total Revenue": 14,
        "Gross Profit": 12,
        "Operating Income": 4,
        "EBIT": NaN,
        "Net Income": 3
    },
    "2019-03-31": {
        "Diluted EPS": 0.32,
        "Total Revenue": 13,
        "Gross Profit": 12,
        "Operating Income": 3,
        "EBIT": NaN,
        "Net Income": 2
    },
    "2018-12-31": {
        "Diluted EPS": 0.34,
        "Total Revenue": 13,
        "Gross Profit": 12,
        "Operating Income": 3,
        "EBIT": NaN,
        "Net Income": 3
    },
    "2018-09-30": {
        "Diluted EPS": 0.37,
        "Total Revenue": 13,
        "Gross Profit": 12,
        "Operating Income": 4,
        "EBIT": NaN,
        "Net Income": 3
    },
    "2018-06-30": {
        "Diluted EPS": 0.39,
        "Total Revenue": 13,
        "Gross Profit": 12,
        "Operating Income": 4,
        "EBIT": NaN,
        "Net Income": 3
    },
    "2018-03-31": {
        "Diluted EPS": 0.35,
        "Total Revenue": 12,
        "Gross Profit": 11,
        "Operating Income": 3,
        "EBIT": NaN,
        "Net Income": 3
    },
    "2017-12-31": {
        "Diluted EPS": 0.05,
        "Total Revenue": 11,
        "Gross Profit": 11,
        "Operating Income": 3,
        "EBIT": NaN,
        "Net Income": 1
    },
    "2017-09-30": {
        "Diluted EPS": 0.28,
        "Total Revenue": 10,
        "Gross Profit": 10,
        "Operating Income": 3,
        "EBIT": NaN,
        "Net Income": 2
    },
    "2017-06-30": {
        "Diluted EPS": 0.24,
        "Total Revenue": 10,
        "Gross Profit": 10,
        "Operating Income": 2,
        "EBIT": NaN,
        "Net Income": 2
    },
    "2017-03-31": {
        "Diluted EPS": 0.26,
        "Total Revenue": 10,
        "Gross Profit": 9,
        "Operating Income": 2,
        "EBIT": NaN,
        "Net Income": 2
    },
    "2016-12-31": {
        "Diluted EPS": 0.25,
        "Total Revenue": 10,
        "Gross Profit": 9,
        "Operating Income": 2,
        "EBIT": NaN,
        "Net Income": 2
    },
    "2016-09-30": {
        "Diluted EPS": 0.25,
        "Total Revenue": 10,
        "Gross Profit": 9,
        "Operating Income": 2,
        "EBIT": NaN,
        "Net Income": 2
    },
    "2016-06-30": {
        "Diluted EPS": 0.26,
        "Total Revenue": 10,
        "Gross Profit": 9,
        "Operating Income": 2,
        "EBIT": NaN,
        "Net Income": 2
    },
    "2016-03-31": {
        "Diluted EPS": 0.22,
        "Total Revenue": 9,
        "Gross Profit": 8,
        "Operating Income": 2,
        "EBIT": NaN,
        "Net Income": 1
    },
    "2015-12-31": {
        "Diluted EPS": 0.23,
        "Total Revenue": 9,
        "Gross Profit": 8,
        "Operating Income": 2,
        "EBIT": NaN,
        "Net Income": 2
    },
    "2015-09-30": {
        "Diluted EPS": 0.25,
        "Total Revenue": 9,
        "Gross Profit": 9,
        "Operating Income": 2,
        "EBIT": NaN,
        "Net Income": 2
    },
    "2015-06-30": {
        "Diluted EPS": 0.22,
        "Total Revenue": 10,
        "Gross Profit": 9,
        "Operating Income": 2,
        "EBIT": NaN,
        "Net Income": 1
    },
    "2015-03-31": {
        "Diluted EPS": 0.21,
        "Total Revenue": 9,
        "Gross Profit": 8,
        "Operating Income": 2,
        "EBIT": NaN,
        "Net Income": 1
    },
    "2014-12-31": {
        "Diluted EPS": 0.23,
        "Total Revenue": 9,
        "Gross Profit": 8,
        "Operating Income": 2,
        "EBIT": NaN,
        "Net Income": 2
    },
    "2014-09-30": {
        "Diluted EPS": 0.23,
        "Total Revenue": 9,
        "Gross Profit": 8,
        "Operating Income": 2,
        "EBIT": NaN,
        "Net Income": 2
    },
    "2014-06-30": {
        "Diluted EPS": 0.18,
        "Total Revenue": 9,
        "Gross Profit": 8,
        "Operating Income": 2,
        "EBIT": NaN,
        "Net Income": 1
    },
    "2014-03-31": {
        "Diluted EPS": 0.14,
        "Total Revenue": 8,
        "Gross Profit": 7,
        "Operating Income": 2,
        "EBIT": NaN,
        "Net Income": 1
    },
    "2013-12-31": {
        "Diluted EPS": 0.15,
        "Total Revenue": 8,
        "Gross Profit": 7,
        "Operating Income": 1,
        "EBIT": NaN,
        "Net Income": 1
    },
    "2013-09-30": {
        "Diluted EPS": 0.2,
        "Total Revenue": 7,
        "Gross Profit": 7,
        "Operating Income": 1,
        "EBIT": NaN,
        "Net Income": 1
    },
    "2013-06-30": {
        "Diluted EPS": 0.23,
        "Total Revenue": 8,
        "Gross Profit": 7,
        "Operating Income": 2,
        "EBIT": NaN,
        "Net Income": 1
    },
    "2013-03-31": {
        "Diluted EPS": 0.2,
        "Total Revenue": 7,
        "Gross Profit": 6,
        "Operating Income": 1,
        "EBIT": NaN,
        "Net Income": 1
    },
    "2012-12-31": {
        "Diluted EPS": 0.18,
        "Total Revenue": 8,
        "Gross Profit": 7,
        "Operating Income": 1,
        "EBIT": NaN,
        "Net Income": 1
    },
    "2012-09-30": {
        "Diluted EPS": 0.19,
        "Total Revenue": 8,
        "Gross Profit": 7,
        "Operating Income": 2,
        "EBIT": NaN,
        "Net Income": 1
    },
    "2012-06-30": {
        "Diluted EPS": 0.23,
        "Total Revenue": 8,
        "Gross Profit": 6,
        "Operating Income": 1,
        "EBIT": NaN,
        "Net Income": 1
    },
    "2012-03-31": {
        "Diluted EPS": 0.19,
        "Total Revenue": 8,
        "Gross Profit": 6,
        "Operating Income": 1,
        "EBIT": NaN,
        "Net Income": 1
    },
    "2011-12-31": {
        "Diluted EPS": 0.28,
        "Total Revenue": 8,
        "Gross Profit": 7,
        "Operating Income": 2,
        "EBIT": NaN,
        "Net Income": 1
    },
    "2011-09-30": {
        "Diluted EPS": 0.24,
        "Total Revenue": 8,
        "Gross Profit": 6,
        "Operating Income": 1,
        "EBIT": NaN,
        "Net Income": 1
    },
    "2011-06-30": {
        "Diluted EPS": 0.17,
        "Total Revenue": 8,
        "Gross Profit": 6,
        "Operating Income": 1,
        "EBIT": NaN,
        "Net Income": 1
    },
    "2011-03-31": {
        "Diluted EPS": 0.12,
        "Total Revenue": 8,
        "Gross Profit": 6,
        "Operating Income": 1,
        "EBIT": NaN,
        "Net Income": 0
    },
    "2010-12-31": {
        "Diluted EPS": 0.06,
        "Total Revenue": 8,
        "Gross Profit": 6,
        "Operating Income": 0,
        "EBIT": NaN,
        "Net Income": 0
    },
    "2010-09-30": {
        "Diluted EPS": 0.07,
        "Total Revenue": 8,
        "Gross Profit": 5,
        "Operating Income": 1,
        "EBIT": NaN,
        "Net Income": 0
    },
    "2010-06-30": {
        "Diluted EPS": 0.1,
        "Total Revenue": 8,
        "Gross Profit": 5,
        "Operating Income": 1,
        "EBIT": NaN,
        "Net Income": 0
    },
    "2010-03-31": {
        "Diluted EPS": 0.13,
        "Total Revenue": 8,
        "Gross Profit": 6,
        "Operating Income": 1,
        "EBIT": NaN,
        "Net Income": 0
    },
    "2009-12-31": {
        "Diluted EPS": 0.19,
        "Total Revenue": 9,
        "Gross Profit": 6,
        "Operating Income": 1,
        "EBIT": NaN,
        "Net Income": 1
    },
    "2009-09-30": {
        "Diluted EPS": -8.35,
        "Total Revenue": 9,
        "Gross Profit": 6,
        "Operating Income": -27,
        "EBIT": NaN,
        "Net Income": -27
    },
    "2009-06-30": {
        "Diluted EPS": 0.08,
        "Total Revenue": 9,
        "Gross Profit": 6,
        "Operating Income": 0,
        "EBIT": NaN,
        "Net Income": 0
    },
    "2009-03-31": {
        "Diluted EPS": 0.13,
        "Total Revenue": 9,
        "Gross Profit": 5,
        "Operating Income": 1,
        "EBIT": NaN,
        "Net Income": 0
    }
}