{
    "2023-04-30": {
        "Tax Effect Of Unusual Items": 0.0,
        "Tax Rate For Calcs": 0.21,
        "Normalized EBITDA": -25775000.0,
        "Total Unusual Items": NaN,
        "Total Unusual Items Excluding Goodwill": NaN,
        "Net Income From Continuing Operation Net Minority Interest": -34303000.0,
        "Reconciled Depreciation": 6631000.0,
        "Reconciled Cost Of Revenue": 44442000.0,
        "EBITDA": -25775000.0,
        "EBIT": -32406000.0,
        "Net Interest Income": 2186000.0,
        "Interest Expense": 1502000.0,
        "Interest Income": 3688000.0,
        "Normalized Income": -34303000.0,
        "Net Income From Continuing And Discontinued Operation": -34303000.0,
        "Total Expenses": 74207000.0,
        "Total Operating Income As Reported": -35858000.0,
        "Diluted Average Shares": 406316070.0,
        "Basic Average Shares": 406316070.0,
        "Diluted EPS": -0.09,
        "Basic EPS": -0.09,
        "Diluted NI Availto Com Stockholders": -35103000.0,
        "Net Income Common Stockholders": -35103000.0,
        "Preferred Stock Dividends": 800000.0,
        "Net Income": -34303000.0,
        "Minority Interests": -392000.0,
        "Net Income Including Noncontrolling Interests": -33911000.0,
        "Net Income Continuous Operations": -33911000.0,
        "Tax Provision": 3000.0,
        "Pretax Income": -33908000.0,
        "Other Income Expense": -236000.0,
        "Other Non Operating Income Expenses": -236000.0,
        "Special Income Charges": NaN,
        "Other Special Charges": NaN,
        "Net Non Operating Interest Income Expense": 2186000.0,
        "Interest Expense Non Operating": 1502000.0,
        "Interest Income Non Operating": 3688000.0,
        "Operating Income": -35858000.0,
        "Operating Expense": 29765000.0,
        "Research And Development": 14697000.0,
        "Selling General And Administration": 15068000.0,
        "Gross Profit": -6093000.0,
        "Cost Of Revenue": 44442000.0,
        "Total Revenue": 38349000.0,
        "Operating Revenue": 38349000.0
    },
    "2023-01-31": {
        "Tax Effect Of Unusual Items": 0.0,
        "Tax Rate For Calcs": 0.21,
        "Normalized EBITDA": -13591000.0,
        "Total Unusual Items": NaN,
        "Total Unusual Items Excluding Goodwill": NaN,
        "Net Income From Continuing Operation Net Minority Interest": -18622000.0,
        "Reconciled Depreciation": 5405000.0,
        "Reconciled Cost Of Revenue": 31836000.0,
        "EBITDA": -13591000.0,
        "EBIT": -18996000.0,
        "Net Interest Income": 1898000.0,
        "Interest Expense": 1512000.0,
        "Interest Income": 3410000.0,
        "Normalized Income": -18622000.0,
        "Net Income From Continuing And Discontinued Operation": -18622000.0,
        "Total Expenses": 59528000.0,
        "Total Operating Income As Reported": -22455000.0,
        "Diluted Average Shares": 405803753.0,
        "Basic Average Shares": 405803753.0,
        "Diluted EPS": -0.05,
        "Basic EPS": -0.05,
        "Diluted NI Availto Com Stockholders": -19422000.0,
        "Net Income Common Stockholders": -19422000.0,
        "Preferred Stock Dividends": 800000.0,
        "Net Income": -18622000.0,
        "Minority Interests": 2464000.0,
        "Net Income Including Noncontrolling Interests": -21086000.0,
        "Net Income Continuous Operations": -21086000.0,
        "Tax Provision": 578000.0,
        "Pretax Income": -20508000.0,
        "Other Income Expense": 49000.0,
        "Other Non Operating Income Expenses": 49000.0,
        "Special Income Charges": NaN,
        "Other Special Charges": NaN,
        "Net Non Operating Interest Income Expense": 1898000.0,
        "Interest Expense Non Operating": 1512000.0,
        "Interest Income Non Operating": 3410000.0,
        "Operating Income": -22455000.0,
        "Operating Expense": 27692000.0,
        "Research And Development": 12683000.0,
        "Selling General And Administration": 15009000.0,
        "Gross Profit": 5237000.0,
        "Cost Of Revenue": 31836000.0,
        "Total Revenue": 37073000.0,
        "Operating Revenue": 37073000.0
    },
    "2022-10-31": {
        "Tax Effect Of Unusual Items": 0.0,
        "Tax Rate For Calcs": 0.21,
        "Normalized EBITDA": -35142000.0,
        "Total Unusual Items": 0.0,
        "Total Unusual Items Excluding Goodwill": 0.0,
        "Net Income From Continuing Operation Net Minority Interest": -42467000.0,
        "Reconciled Depreciation": 4905000.0,
        "Reconciled Cost Of Revenue": 54391000.0,
        "EBITDA": -35142000.0,
        "EBIT": -40047000.0,
        "Net Interest Income": -1637000.0,
        "Interest Expense": 1637000.0,
        "Interest Income": NaN,
        "Normalized Income": -42467000.0,
        "Net Income From Continuing And Discontinued Operation": -42467000.0,
        "Total Expenses": 81867000.0,
        "Total Operating Income As Reported": -42666000.0,
        "Diluted Average Shares": 405397087.0,
        "Basic Average Shares": 405397087.0,
        "Diluted EPS": -0.11,
        "Basic EPS": -0.11,
        "Diluted NI Availto Com Stockholders": -43267000.0,
        "Net Income Common Stockholders": -43267000.0,
        "Preferred Stock Dividends": 800000.0,
        "Net Income": -42467000.0,
        "Minority Interests": -458000.0,
        "Net Income Including Noncontrolling Interests": -42009000.0,
        "Net Income Continuous Operations": -42009000.0,
        "Tax Provision": 325000.0,
        "Pretax Income": -41684000.0,
        "Other Income Expense": 2619000.0,
        "Other Non Operating Income Expenses": 2619000.0,
        "Special Income Charges": 0.0,
        "Other Special Charges": NaN,
        "Net Non Operating Interest Income Expense": -1637000.0,
        "Interest Expense Non Operating": 1637000.0,
        "Interest Income Non Operating": NaN,
        "Operating Income": -42666000.0,
        "Operating Expense": 27476000.0,
        "Research And Development": 12213000.0,
        "Selling General And Administration": 15263000.0,
        "Gross Profit": -15190000.0,
        "Cost Of Revenue": 54391000.0,
        "Total Revenue": 39201000.0,
        "Operating Revenue": 39201000.0
    },
    "2022-07-31": {
        "Tax Effect Of Unusual Items": 0.0,
        "Tax Rate For Calcs": 0.4,
        "Normalized EBITDA": -26861000.0,
        "Total Unusual Items": NaN,
        "Total Unusual Items Excluding Goodwill": NaN,
        "Net Income From Continuing Operation Net Minority Interest": -29414000.0,
        "Reconciled Depreciation": 5266000.0,
        "Reconciled Cost Of Revenue": 47284000.0,
        "EBITDA": -26861000.0,
        "EBIT": -26861000.0,
        "Net Interest Income": -1622000.0,
        "Interest Expense": 1622000.0,
        "Interest Income": NaN,
        "Normalized Income": -29414000.0,
        "Net Income From Continuing And Discontinued Operation": -29414000.0,
        "Total Expenses": 71101000.0,
        "Total Operating Income As Reported": -27997000.0,
        "Diluted Average Shares": 387465758.0,
        "Basic Average Shares": 387465758.0,
        "Diluted EPS": -0.08,
        "Basic EPS": -0.08,
        "Diluted NI Availto Com Stockholders": -30214000.0,
        "Net Income Common Stockholders": -30214000.0,
        "Preferred Stock Dividends": 800000.0,
        "Net Income": -29414000.0,
        "Minority Interests": -437000.0,
        "Net Income Including Noncontrolling Interests": -28977000.0,
        "Net Income Continuous Operations": -28977000.0,
        "Tax Provision": 494000.0,
        "Pretax Income": -28483000.0,
        "Other Income Expense": 1136000.0,
        "Other Non Operating Income Expenses": 1136000.0,
        "Special Income Charges": NaN,
        "Other Special Charges": NaN,
        "Net Non Operating Interest Income Expense": -1622000.0,
        "Interest Expense Non Operating": 1622000.0,
        "Interest Income Non Operating": NaN,
        "Operating Income": -27997000.0,
        "Operating Expense": 23817000.0,
        "Research And Development": 9659000.0,
        "Selling General And Administration": 14158000.0,
        "Gross Profit": -4180000.0,
        "Cost Of Revenue": 47284000.0,
        "Total Revenue": 43104000.0,
        "Operating Revenue": 43104000.0
    },
    "2022-04-30": {
        "Diluted EPS": -0.08,
        "Total Revenue": 16,
        "Gross Profit": -7,
        "Operating Income": -28,
        "EBIT": -23,
        "Net Income": -31
    },
    "2022-01-31": {
        "Diluted EPS": -0.11,
        "Total Revenue": 32,
        "Gross Profit": -3,
        "Operating Income": -45,
        "EBIT": -39,
        "Net Income": -41
    },
    "2021-10-31": {
        "Diluted EPS": -0.06,
        "Total Revenue": 14,
        "Gross Profit": -8,
        "Operating Income": -23,
        "EBIT": -18,
        "Net Income": -25
    },
    "2021-07-31": {
        "Diluted EPS": -0.04,
        "Total Revenue": 27,
        "Gross Profit": 1,
        "Operating Income": -11,
        "EBIT": -6,
        "Net Income": -13
    },
    "2021-04-30": {
        "Diluted EPS": -0.06,
        "Total Revenue": 14,
        "Gross Profit": -5,
        "Operating Income": -17,
        "EBIT": -13,
        "Net Income": -20
    },
    "2021-01-31": {
        "Diluted EPS": -0.15,
        "Total Revenue": 15,
        "Gross Profit": -4,
        "Operating Income": -14,
        "EBIT": -9,
        "Net Income": -47
    },
    "2020-10-31": {
        "Diluted EPS": -0.08,
        "Total Revenue": 17,
        "Gross Profit": -8,
        "Operating Income": -17,
        "EBIT": -12,
        "Net Income": -20
    },
    "2020-07-31": {
        "Diluted EPS": -0.07,
        "Total Revenue": 19,
        "Gross Profit": -3,
        "Operating Income": -11,
        "EBIT": -6,
        "Net Income": -16
    },
    "2020-04-30": {
        "Diluted EPS": -0.07,
        "Total Revenue": 19,
        "Gross Profit": 0,
        "Operating Income": -8,
        "EBIT": -4,
        "Net Income": -16
    },
    "2020-01-31": {
        "Diluted EPS": -0.2,
        "Total Revenue": 16,
        "Gross Profit": 3,
        "Operating Income": -3,
        "EBIT": 1,
        "Net Income": -41
    },
    "2019-10-31": {
        "Diluted EPS": 4.39,
        "Total Revenue": 11,
        "Gross Profit": -23,
        "Operating Income": -33,
        "EBIT": -29,
        "Net Income": -36
    },
    "2019-07-31": {
        "Diluted EPS": -0.18,
        "Total Revenue": 23,
        "Gross Profit": 8,
        "Operating Income": -1,
        "EBIT": 3,
        "Net Income": -8
    },
    "2019-04-30": {
        "Diluted EPS": -2.06,
        "Total Revenue": 9,
        "Gross Profit": -4,
        "Operating Income": -18,
        "EBIT": -15,
        "Net Income": -23
    },
    "2019-01-31": {
        "Diluted EPS": -3.97,
        "Total Revenue": 18,
        "Gross Profit": -2,
        "Operating Income": -15,
        "EBIT": -13,
        "Net Income": -33
    },
    "2018-10-31": {
        "Diluted EPS": -2.38,
        "Total Revenue": 18,
        "Gross Profit": 1,
        "Operating Income": -12,
        "EBIT": -10,
        "Net Income": -18
    },
    "2018-07-31": {
        "Diluted EPS": -2.45,
        "Total Revenue": 12,
        "Gross Profit": -2,
        "Operating Income": -14,
        "EBIT": -12,
        "Net Income": -18
    },
    "2018-04-30": {
        "Diluted EPS": -2.74,
        "Total Revenue": 21,
        "Gross Profit": -1,
        "Operating Income": -13,
        "EBIT": -11,
        "Net Income": -18
    },
    "2018-01-31": {
        "Diluted EPS": -1.44,
        "Total Revenue": 39,
        "Gross Profit": 5,
        "Operating Income": -6,
        "EBIT": -3,
        "Net Income": -8
    },
    "2017-10-31": {
        "Diluted EPS": -1.37,
        "Total Revenue": 48,
        "Gross Profit": 3,
        "Operating Income": -8,
        "EBIT": -6,
        "Net Income": -11
    },
    "2017-07-31": {
        "Diluted EPS": -3.72,
        "Total Revenue": 10,
        "Gross Profit": -3,
        "Operating Income": -14,
        "EBIT": -12,
        "Net Income": -18
    },
    "2017-04-30": {
        "Diluted EPS": -3.96,
        "Total Revenue": 20,
        "Gross Profit": 0,
        "Operating Income": -11,
        "EBIT": -9,
        "Net Income": -14
    },
    "2017-01-31": {
        "Diluted EPS": -4.68,
        "Total Revenue": 17,
        "Gross Profit": 2,
        "Operating Income": -11,
        "EBIT": -9,
        "Net Income": -14
    },
    "2016-10-31": {
        "Diluted EPS": -4.8,
        "Total Revenue": 24,
        "Gross Profit": 0,
        "Operating Income": -12,
        "EBIT": -7,
        "Net Income": -14
    },
    "2016-07-31": {
        "Diluted EPS": -4.56,
        "Total Revenue": 22,
        "Gross Profit": 0,
        "Operating Income": -10,
        "EBIT": -9,
        "Net Income": -12
    },
    "2016-04-30": {
        "Diluted EPS": -6.72,
        "Total Revenue": 29,
        "Gross Profit": 0,
        "Operating Income": -13,
        "EBIT": -12,
        "Net Income": -16
    },
    "2016-01-31": {
        "Diluted EPS": -5.76,
        "Total Revenue": 33,
        "Gross Profit": 0,
        "Operating Income": -12,
        "EBIT": -10,
        "Net Income": -13
    },
    "2015-10-31": {
        "Diluted EPS": -4.8,
        "Total Revenue": 51,
        "Gross Profit": 3,
        "Operating Income": -8,
        "EBIT": -5,
        "Net Income": -10
    },
    "2015-07-31": {
        "Diluted EPS": -3.48,
        "Total Revenue": 41,
        "Gross Profit": 4,
        "Operating Income": -7,
        "EBIT": -6,
        "Net Income": -7
    },
    "2015-04-30": {
        "Diluted EPS": -5.28,
        "Total Revenue": 29,
        "Gross Profit": 2,
        "Operating Income": -9,
        "EBIT": -8,
        "Net Income": -11
    },
    "2015-01-31": {
        "Diluted EPS": -2.4,
        "Total Revenue": 42,
        "Gross Profit": 4,
        "Operating Income": -5,
        "EBIT": -4,
        "Net Income": -5
    },
    "2014-10-31": {
        "Diluted EPS": -1.19,
        "Total Revenue": 54,
        "Gross Profit": 6,
        "Operating Income": -5,
        "EBIT": -2,
        "Net Income": -6
    },
    "2014-07-31": {
        "Diluted EPS": -4.32,
        "Total Revenue": 43,
        "Gross Profit": 4,
        "Operating Income": -6,
        "EBIT": -5,
        "Net Income": -8
    },
    "2014-04-30": {
        "Diluted EPS": -10.09,
        "Total Revenue": 38,
        "Gross Profit": 2,
        "Operating Income": -9,
        "EBIT": -8,
        "Net Income": -17
    },
    "2014-01-31": {
        "Diluted EPS": -8.65,
        "Total Revenue": 44,
        "Gross Profit": 2,
        "Operating Income": -8,
        "EBIT": -7,
        "Net Income": -11
    },
    "2013-10-31": {
        "Diluted EPS": -8.88,
        "Total Revenue": 55,
        "Gross Profit": 3,
        "Operating Income": -7,
        "EBIT": -3,
        "Net Income": -11
    },
    "2013-07-31": {
        "Diluted EPS": -4.32,
        "Total Revenue": 54,
        "Gross Profit": 5,
        "Operating Income": -5,
        "EBIT": -4,
        "Net Income": -6
    },
    "2013-04-30": {
        "Diluted EPS": -5.77,
        "Total Revenue": 42,
        "Gross Profit": 2,
        "Operating Income": -7,
        "EBIT": -6,
        "Net Income": -8
    },
    "2013-01-31": {
        "Diluted EPS": -10.09,
        "Total Revenue": 36,
        "Gross Profit": -2,
        "Operating Income": -11,
        "EBIT": -10,
        "Net Income": -12
    },
    "2012-10-31": {
        "Diluted EPS": -8.65,
        "Total Revenue": 35,
        "Gross Profit": 1,
        "Operating Income": -8,
        "EBIT": -5,
        "Net Income": -12
    },
    "2012-07-31": {
        "Diluted EPS": -8.65,
        "Total Revenue": 30,
        "Gross Profit": -3,
        "Operating Income": -11,
        "EBIT": -10,
        "Net Income": -11
    },
    "2012-04-30": {
        "Diluted EPS": -8.65,
        "Total Revenue": 24,
        "Gross Profit": 0,
        "Operating Income": -8,
        "EBIT": -6,
        "Net Income": -9
    },
    "2012-01-31": {
        "Diluted EPS": -7.21,
        "Total Revenue": 31,
        "Gross Profit": 2,
        "Operating Income": -5,
        "EBIT": -3,
        "Net Income": -7
    },
    "2011-10-31": {
        "Diluted EPS": -8.65,
        "Total Revenue": 35,
        "Gross Profit": 0,
        "Operating Income": -8,
        "EBIT": -6,
        "Net Income": -8
    },
    "2011-07-31": {
        "Diluted EPS": -10.09,
        "Total Revenue": 31,
        "Gross Profit": 0,
        "Operating Income": -7,
        "EBIT": -4,
        "Net Income": -9
    },
    "2011-04-30": {
        "Diluted EPS": -34.59,
        "Total Revenue": 29,
        "Gross Profit": -11,
        "Operating Income": -20,
        "EBIT": -18,
        "Net Income": -30
    },
    "2011-01-31": {
        "Diluted EPS": -14.41,
        "Total Revenue": 28,
        "Gross Profit": -2,
        "Operating Income": -11,
        "EBIT": -9,
        "Net Income": -12
    },
    "2010-10-31": {
        "Diluted EPS": -14.41,
        "Total Revenue": 20,
        "Gross Profit": -4,
        "Operating Income": -12,
        "EBIT": -10,
        "Net Income": -13
    },
    "2010-07-31": {
        "Diluted EPS": -21.62,
        "Total Revenue": 19,
        "Gross Profit": -4,
        "Operating Income": -13,
        "EBIT": -11,
        "Net Income": -14
    },
    "2010-04-30": {
        "Diluted EPS": -28.82,
        "Total Revenue": 17,
        "Gross Profit": -6,
        "Operating Income": -15,
        "EBIT": -14,
        "Net Income": -17
    },
    "2010-01-31": {
        "Diluted EPS": -25.94,
        "Total Revenue": 15,
        "Gross Profit": -5,
        "Operating Income": -14,
        "EBIT": -12,
        "Net Income": -15
    },
    "2009-10-31": {
        "Diluted EPS": -27.38,
        "Total Revenue": 20,
        "Gross Profit": -6,
        "Operating Income": -14,
        "EBIT": -12,
        "Net Income": -16
    },
    "2009-07-31": {
        "Diluted EPS": -30.26,
        "Total Revenue": 23,
        "Gross Profit": -6,
        "Operating Income": -14,
        "EBIT": -12,
        "Net Income": -16
    },
    "2009-04-30": {
        "Diluted EPS": -41.79,
        "Total Revenue": 23,
        "Gross Profit": -9,
        "Operating Income": -18,
        "EBIT": -16,
        "Net Income": -20
    },
    "2009-01-31": {
        "Diluted EPS": -43.24,
        "Total Revenue": 22,
        "Gross Profit": -9,
        "Operating Income": -19,
        "EBIT": -17,
        "Net Income": -21
    },
    "2023-07-31": {
        "Tax Effect Of Unusual Items": 0.0,
        "Tax Rate For Calcs": 0.0,
        "Normalized EBITDA": -30403000.0,
        "Total Unusual Items": 15337000.0,
        "Total Unusual Items Excluding Goodwill": 15337000.0,
        "Net Income From Continuing Operation Net Minority Interest": -24279000.0,
        "Reconciled Depreciation": 6623000.0,
        "Reconciled Cost Of Revenue": 33725000.0,
        "EBITDA": -15066000.0,
        "EBIT": -21689000.0,
        "Net Interest Income": 2054000.0,
        "Interest Expense": 1912000.0,
        "Interest Income": 3966000.0,
        "Normalized Income": -39616000.0,
        "Net Income From Continuing And Discontinued Operation": -24279000.0,
        "Total Expenses": 66905000.0,
        "Total Operating Income As Reported": -41395000.0,
        "Diluted Average Shares": 415867594.0,
        "Basic Average Shares": 415867594.0,
        "Diluted EPS": -0.06,
        "Basic EPS": -0.06,
        "Diluted NI Availto Com Stockholders": -25079000.0,
        "Net Income Common Stockholders": -25079000.0,
        "Preferred Stock Dividends": 800000.0,
        "Net Income": -24279000.0,
        "Minority Interests": -678000.0,
        "Net Income Including Noncontrolling Interests": -23601000.0,
        "Net Income Continuous Operations": -23601000.0,
        "Tax Provision": 0.0,
        "Pretax Income": -23601000.0,
        "Other Income Expense": 15740000.0,
        "Other Non Operating Income Expenses": 403000.0,
        "Special Income Charges": 15337000.0,
        "Other Special Charges": -15337000.0,
        "Net Non Operating Interest Income Expense": 2054000.0,
        "Interest Expense Non Operating": 1912000.0,
        "Interest Income Non Operating": 3966000.0,
        "Operating Income": -41395000.0,
        "Operating Expense": 33180000.0,
        "Research And Development": 15620000.0,
        "Selling General And Administration": 17560000.0,
        "Gross Profit": -8215000.0,
        "Cost Of Revenue": 33725000.0,
        "Total Revenue": 25510000.0,
        "Operating Revenue": 25510000.0
    },
    "2023-10-31": {
        "Tax Effect Of Unusual Items": 0.0,
        "Tax Rate For Calcs": 0.0,
        "Normalized EBITDA": -20421000.0,
        "Total Unusual Items": 0.0,
        "Total Unusual Items Excluding Goodwill": 0.0,
        "Net Income From Continuing Operation Net Minority Interest": -30364000.0,
        "Reconciled Depreciation": 6716000.0,
        "Reconciled Cost Of Revenue": 23926000.0,
        "EBITDA": -20421000.0,
        "EBIT": -27137000.0,
        "Net Interest Income": 2410000.0,
        "Interest Expense": 2321000.0,
        "Interest Income": 4731000.0,
        "Normalized Income": -30364000.0,
        "Net Income From Continuing And Discontinued Operation": -30364000.0,
        "Total Expenses": 58838000.0,
        "Total Operating Income As Reported": -36376000.0,
        "Diluted Average Shares": 450567031.0,
        "Basic Average Shares": 450567031.0,
        "Diluted EPS": -0.07,
        "Basic EPS": -0.07,
        "Diluted NI Availto Com Stockholders": -31164000.0,
        "Net Income Common Stockholders": -31164000.0,
        "Preferred Stock Dividends": 800000.0,
        "Net Income": -30364000.0,
        "Minority Interests": -906000.0,
        "Net Income Including Noncontrolling Interests": -29458000.0,
        "Net Income Continuous Operations": -29458000.0,
        "Tax Provision": 0.0,
        "Pretax Income": -29458000.0,
        "Other Income Expense": 4508000.0,
        "Other Non Operating Income Expenses": 4508000.0,
        "Special Income Charges": 0.0,
        "Other Special Charges": 0.0,
        "Net Non Operating Interest Income Expense": 2410000.0,
        "Interest Expense Non Operating": 2321000.0,
        "Interest Income Non Operating": 4731000.0,
        "Operating Income": -36376000.0,
        "Operating Expense": 34912000.0,
        "Research And Development": 18021000.0,
        "Selling General And Administration": 16891000.0,
        "Gross Profit": -1464000.0,
        "Cost Of Revenue": 23926000.0,
        "Total Revenue": 22462000.0,
        "Operating Revenue": 22462000.0
    },
    "2024-01-31": {
        "Tax Effect Of Unusual Items": 0.0,
        "Tax Rate For Calcs": 0.0,
        "Normalized EBITDA": -33462000.0,
        "Total Unusual Items": NaN,
        "Total Unusual Items Excluding Goodwill": NaN,
        "Net Income From Continuing Operation Net Minority Interest": -19793000.0,
        "Reconciled Depreciation": 8599000.0,
        "Reconciled Cost Of Revenue": 28416000.0,
        "EBITDA": -33462000.0,
        "EBIT": -42061000.0,
        "Net Interest Income": 1729000.0,
        "Interest Expense": 2338000.0,
        "Interest Income": 4067000.0,
        "Normalized Income": -19793000.0,
        "Net Income From Continuing And Discontinued Operation": -19793000.0,
        "Total Expenses": 59169000.0,
        "Total Operating Income As Reported": -42478000.0,
        "Diluted Average Shares": 451637041.0,
        "Basic Average Shares": 451637041.0,
        "Diluted EPS": -0.05,
        "Basic EPS": -0.05,
        "Diluted NI Availto Com Stockholders": -20593000.0,
        "Net Income Common Stockholders": -20593000.0,
        "Preferred Stock Dividends": 800000.0,
        "Net Income": -19793000.0,
        "Minority Interests": 24606000.0,
        "Net Income Including Noncontrolling Interests": -44399000.0,
        "Net Income Continuous Operations": -44399000.0,
        "Tax Provision": 0.0,
        "Pretax Income": -44399000.0,
        "Other Income Expense": -3650000.0,
        "Other Non Operating Income Expenses": -3650000.0,
        "Special Income Charges": NaN,
        "Other Special Charges": NaN,
        "Net Non Operating Interest Income Expense": 1729000.0,
        "Interest Expense Non Operating": 2338000.0,
        "Interest Income Non Operating": 4067000.0,
        "Operating Income": -42478000.0,
        "Operating Expense": 30753000.0,
        "Research And Development": 14353000.0,
        "Selling General And Administration": 16400000.0,
        "Gross Profit": -11725000.0,
        "Cost Of Revenue": 28416000.0,
        "Total Revenue": 16691000.0,
        "Operating Revenue": 16691000.0
    }
}