{
    "2023-06-30": {
        "Tax Effect Of Unusual Items": 0.0,
        "Tax Rate For Calcs": 0.267,
        "Normalized EBITDA": 100230000.0,
        "Net Income From Continuing Operation Net Minority Interest": 62395000.0,
        "Reconciled Depreciation": 11521000.0,
        "Reconciled Cost Of Revenue": 577990000.0,
        "EBITDA": 100230000.0,
        "EBIT": 88709000.0,
        "Net Interest Income": -3606000.0,
        "Interest Expense": 3606000.0,
        "Interest Income": NaN,
        "Normalized Income": 62395000.0,
        "Net Income From Continuing And Discontinued Operation": 62395000.0,
        "Total Expenses": 775882000.0,
        "Total Operating Income As Reported": 88709000.0,
        "Diluted Average Shares": 35650000.0,
        "Basic Average Shares": 33359000.0,
        "Diluted EPS": 1.75,
        "Basic EPS": 1.87,
        "Diluted NI Availto Com Stockholders": 62395000.0,
        "Net Income Common Stockholders": 62395000.0,
        "Net Income": 62395000.0,
        "Net Income Including Noncontrolling Interests": 62395000.0,
        "Net Income Continuous Operations": 62395000.0,
        "Tax Provision": 22708000.0,
        "Pretax Income": 85103000.0,
        "Net Non Operating Interest Income Expense": -3606000.0,
        "Interest Expense Non Operating": 3606000.0,
        "Interest Income Non Operating": NaN,
        "Operating Income": 88709000.0,
        "Operating Expense": 187788000.0,
        "Depreciation Amortization Depletion Income Statement": 1417000.0,
        "Depreciation And Amortization In Income Statement": 1417000.0,
        "Amortization": 1417000.0,
        "Amortization Of Intangibles Income Statement": 1417000.0,
        "Selling General And Administration": 186371000.0,
        "Gross Profit": 276497000.0,
        "Cost Of Revenue": 588094000.0,
        "Total Revenue": 864591000.0,
        "Operating Revenue": 864591000.0
    },
    "2023-03-31": {
        "Tax Effect Of Unusual Items": 0.0,
        "Tax Rate For Calcs": 0.24,
        "Normalized EBITDA": 78427000.0,
        "Net Income From Continuing Operation Net Minority Interest": 47547000.0,
        "Reconciled Depreciation": 11625000.0,
        "Reconciled Cost Of Revenue": 544066000.0,
        "EBITDA": 78427000.0,
        "EBIT": 66802000.0,
        "Net Interest Income": -4281000.0,
        "Interest Expense": 4281000.0,
        "Interest Income": NaN,
        "Normalized Income": 47547000.0,
        "Net Income From Continuing And Discontinued Operation": 47547000.0,
        "Total Expenses": 739904000.0,
        "Total Operating Income As Reported": 66802000.0,
        "Diluted Average Shares": 35482000.0,
        "Basic Average Shares": 33301000.0,
        "Diluted EPS": 1.34,
        "Basic EPS": 1.43,
        "Diluted NI Availto Com Stockholders": 47547000.0,
        "Net Income Common Stockholders": 47547000.0,
        "Net Income": 47547000.0,
        "Net Income Including Noncontrolling Interests": 47547000.0,
        "Net Income Continuous Operations": 47547000.0,
        "Tax Provision": 14974000.0,
        "Pretax Income": 62521000.0,
        "Net Non Operating Interest Income Expense": -4281000.0,
        "Interest Expense Non Operating": 4281000.0,
        "Interest Income Non Operating": NaN,
        "Operating Income": 66802000.0,
        "Operating Expense": 186395000.0,
        "Depreciation Amortization Depletion Income Statement": 2182000.0,
        "Depreciation And Amortization In Income Statement": 2182000.0,
        "Amortization": 2182000.0,
        "Amortization Of Intangibles Income Statement": 2182000.0,
        "Selling General And Administration": 184213000.0,
        "Gross Profit": 253197000.0,
        "Cost Of Revenue": 553509000.0,
        "Total Revenue": 806706000.0,
        "Operating Revenue": 806706000.0
    },
    "2022-12-31": {
        "Tax Effect Of Unusual Items": 0.0,
        "Tax Rate For Calcs": 0.252906,
        "Normalized EBITDA": 77332000.0,
        "Net Income From Continuing Operation Net Minority Interest": 47498000.0,
        "Reconciled Depreciation": 11176000.0,
        "Reconciled Cost Of Revenue": 517286000.0,
        "EBITDA": 77332000.0,
        "EBIT": 66156000.0,
        "Net Interest Income": -8378000.0,
        "Interest Expense": 2579000.0,
        "Interest Income": -5799000.0,
        "Normalized Income": 47498000.0,
        "Net Income From Continuing And Discontinued Operation": 47498000.0,
        "Total Expenses": 694717000.0,
        "Total Operating Income As Reported": 72656000.0,
        "Diluted Average Shares": 35658000.0,
        "Basic Average Shares": 33552000.0,
        "Diluted EPS": 1.33,
        "Basic EPS": 1.42,
        "Diluted NI Availto Com Stockholders": 47498000.0,
        "Net Income Common Stockholders": 47498000.0,
        "Net Income": 47498000.0,
        "Net Income Including Noncontrolling Interests": 47498000.0,
        "Net Income Continuous Operations": 47498000.0,
        "Tax Provision": 16079000.0,
        "Pretax Income": 63577000.0,
        "Net Non Operating Interest Income Expense": -8378000.0,
        "Interest Expense Non Operating": 2579000.0,
        "Interest Income Non Operating": -5799000.0,
        "Operating Income": 79714000.0,
        "Operating Expense": 168578000.0,
        "Depreciation Amortization Depletion Income Statement": 2323000.0,
        "Depreciation And Amortization In Income Statement": 2323000.0,
        "Amortization": 2323000.0,
        "Amortization Of Intangibles Income Statement": 2323000.0,
        "Selling General And Administration": 164973000.0,
        "Gross Profit": 248292000.0,
        "Cost Of Revenue": 526139000.0,
        "Total Revenue": 774431000.0,
        "Operating Revenue": 774431000.0
    },
    "2022-09-30": {
        "Tax Effect Of Unusual Items": 0.0,
        "Tax Rate For Calcs": 0.17,
        "Normalized EBITDA": 106746000.0,
        "Total Unusual Items": NaN,
        "Total Unusual Items Excluding Goodwill": NaN,
        "Net Income From Continuing Operation Net Minority Interest": 77267000.0,
        "Reconciled Depreciation": 11265000.0,
        "Reconciled Cost Of Revenue": 517704000.0,
        "EBITDA": 106746000.0,
        "EBIT": 95481000.0,
        "Net Interest Income": 5393000.0,
        "Interest Expense": 2378000.0,
        "Interest Income": 7771000.0,
        "Normalized Income": 77267000.0,
        "Net Income From Continuing And Discontinued Operation": 77267000.0,
        "Total Expenses": 688155000.0,
        "Total Operating Income As Reported": 87710000.0,
        "Diluted Average Shares": 35918000.0,
        "Basic Average Shares": 33812000.0,
        "Diluted EPS": 2.15,
        "Basic EPS": 2.29,
        "Diluted NI Availto Com Stockholders": 77267000.0,
        "Net Income Common Stockholders": 77267000.0,
        "Net Income": 77267000.0,
        "Net Income Including Noncontrolling Interests": 77267000.0,
        "Net Income Continuous Operations": 77267000.0,
        "Tax Provision": 15836000.0,
        "Pretax Income": 93103000.0,
        "Other Income Expense": NaN,
        "Special Income Charges": NaN,
        "Other Special Charges": NaN,
        "Net Non Operating Interest Income Expense": 5393000.0,
        "Interest Expense Non Operating": 2378000.0,
        "Interest Income Non Operating": 7771000.0,
        "Operating Income": 87710000.0,
        "Operating Expense": 161501000.0,
        "Depreciation Amortization Depletion Income Statement": 2315000.0,
        "Depreciation And Amortization In Income Statement": 2315000.0,
        "Amortization": 2315000.0,
        "Amortization Of Intangibles Income Statement": 2315000.0,
        "Selling General And Administration": 159186000.0,
        "General And Administrative Expense": NaN,
        "Other Gand A": NaN,
        "Gross Profit": 249211000.0,
        "Cost Of Revenue": 526654000.0,
        "Total Revenue": 775865000.0,
        "Operating Revenue": 775865000.0
    },
    "2022-06-30": {
        "Tax Effect Of Unusual Items": 0.0,
        "Tax Rate For Calcs": 0.206125,
        "Normalized EBITDA": 69966000.0,
        "Total Unusual Items": NaN,
        "Total Unusual Items Excluding Goodwill": NaN,
        "Net Income From Continuing Operation Net Minority Interest": 51428000.0,
        "Reconciled Depreciation": 2737000.0,
        "Reconciled Cost Of Revenue": 520080000.0,
        "EBITDA": 69966000.0,
        "EBIT": 67229000.0,
        "Net Interest Income": 546000.0,
        "Interest Expense": 2448000.0,
        "Interest Income": 2994000.0,
        "Normalized Income": 51428000.0,
        "Net Income From Continuing And Discontinued Operation": 51428000.0,
        "Total Expenses": 690757000.0,
        "Total Operating Income As Reported": 64235000.0,
        "Diluted Average Shares": 35909000.0,
        "Basic Average Shares": 33790000.0,
        "Diluted EPS": 1.43,
        "Basic EPS": 1.52,
        "Diluted NI Availto Com Stockholders": 51428000.0,
        "Net Income Common Stockholders": 51428000.0,
        "Net Income": 51428000.0,
        "Net Income Including Noncontrolling Interests": 51428000.0,
        "Net Income Continuous Operations": 51428000.0,
        "Tax Provision": 13353000.0,
        "Pretax Income": 64781000.0,
        "Other Income Expense": NaN,
        "Special Income Charges": NaN,
        "Other Special Charges": NaN,
        "Net Non Operating Interest Income Expense": 546000.0,
        "Interest Expense Non Operating": 2448000.0,
        "Interest Income Non Operating": 2994000.0,
        "Operating Income": 64235000.0,
        "Operating Expense": 170677000.0,
        "Depreciation Amortization Depletion Income Statement": 2737000.0,
        "Depreciation And Amortization In Income Statement": 2737000.0,
        "Amortization": 2737000.0,
        "Amortization Of Intangibles Income Statement": 2737000.0,
        "Selling General And Administration": 167940000.0,
        "General And Administrative Expense": NaN,
        "Other Gand A": NaN,
        "Gross Profit": 234912000.0,
        "Cost Of Revenue": 520080000.0,
        "Total Revenue": 754992000.0,
        "Operating Revenue": 754992000.0
    },
    "2022-03-31": {
        "Diluted EPS": 1.66,
        "Total Revenue": 724,
        "Gross Profit": 231,
        "Operating Income": 79,
        "EBIT": 91,
        "Net Income": 59
    },
    "2021-12-31": {
        "Diluted EPS": 1.08,
        "Total Revenue": 676,
        "Gross Profit": 192,
        "Operating Income": 51,
        "EBIT": 65,
        "Net Income": 38
    },
    "2021-09-30": {
        "Diluted EPS": 1.96,
        "Total Revenue": 702,
        "Gross Profit": 230,
        "Operating Income": 89,
        "EBIT": 103,
        "Net Income": 69
    },
    "2021-06-30": {
        "Diluted EPS": 1.77,
        "Total Revenue": 711,
        "Gross Profit": 221,
        "Operating Income": 84,
        "EBIT": 101,
        "Net Income": 63
    },
    "2021-03-31": {
        "Diluted EPS": 1.84,
        "Total Revenue": 686,
        "Gross Profit": 218,
        "Operating Income": 89,
        "EBIT": 99,
        "Net Income": 64
    },
    "2020-12-31": {
        "Diluted EPS": 1.56,
        "Total Revenue": 627,
        "Gross Profit": 186,
        "Operating Income": 71,
        "EBIT": 85,
        "Net Income": 56
    },
    "2020-09-30": {
        "Diluted EPS": 1.35,
        "Total Revenue": 622,
        "Gross Profit": 205,
        "Operating Income": 73,
        "EBIT": 87,
        "Net Income": 50
    },
    "2020-06-30": {
        "Diluted EPS": 1.27,
        "Total Revenue": 608,
        "Gross Profit": 195,
        "Operating Income": 66,
        "EBIT": 79,
        "Net Income": 48
    },
    "2020-03-31": {
        "Diluted EPS": 1.49,
        "Total Revenue": 605,
        "Gross Profit": 202,
        "Operating Income": 73,
        "EBIT": 86,
        "Net Income": 57
    },
    "2019-12-31": {
        "Diluted EPS": 0.77,
        "Total Revenue": 602,
        "Gross Profit": 184,
        "Operating Income": 48,
        "EBIT": 62,
        "Net Income": 29
    },
    "2019-09-30": {
        "Diluted EPS": 1.59,
        "Total Revenue": 593,
        "Gross Profit": 212,
        "Operating Income": 82,
        "EBIT": 95,
        "Net Income": 60
    },
    "2019-06-30": {
        "Diluted EPS": 1.69,
        "Total Revenue": 606,
        "Gross Profit": 220,
        "Operating Income": 88,
        "EBIT": 102,
        "Net Income": 65
    },
    "2019-03-31": {
        "Diluted EPS": 1.64,
        "Total Revenue": 551,
        "Gross Profit": 202,
        "Operating Income": 87,
        "EBIT": 97,
        "Net Income": 63
    },
    "2018-12-31": {
        "Diluted EPS": 0.61,
        "Total Revenue": 505,
        "Gross Profit": 165,
        "Operating Income": 45,
        "EBIT": 57,
        "Net Income": 24
    },
    "2018-09-30": {
        "Diluted EPS": 1.14,
        "Total Revenue": 513,
        "Gross Profit": 177,
        "Operating Income": 57,
        "EBIT": 69,
        "Net Income": 44
    },
    "2018-06-30": {
        "Diluted EPS": 1.14,
        "Total Revenue": 512,
        "Gross Profit": 182,
        "Operating Income": 62,
        "EBIT": 75,
        "Net Income": 44
    },
    "2018-03-31": {
        "Diluted EPS": 1.04,
        "Total Revenue": 498,
        "Gross Profit": 177,
        "Operating Income": 62,
        "EBIT": 71,
        "Net Income": 39
    },
    "2017-12-31": {
        "Diluted EPS": 1.69,
        "Total Revenue": 468,
        "Gross Profit": 160,
        "Operating Income": 35,
        "EBIT": 45,
        "Net Income": 67
    },
    "2017-09-30": {
        "Diluted EPS": 0.85,
        "Total Revenue": 449,
        "Gross Profit": 154,
        "Operating Income": 47,
        "EBIT": 59,
        "Net Income": 32
    },
    "2017-06-30": {
        "Diluted EPS": -0.13,
        "Total Revenue": 445,
        "Gross Profit": 141,
        "Operating Income": 0,
        "EBIT": 10,
        "Net Income": -5
    },
    "2017-03-31": {
        "Diluted EPS": 0.34,
        "Total Revenue": 446,
        "Gross Profit": 137,
        "Operating Income": 27,
        "EBIT": 38,
        "Net Income": 14
    },
    "2016-12-31": {
        "Diluted EPS": 0.16,
        "Total Revenue": 442,
        "Gross Profit": 134,
        "Operating Income": 11,
        "EBIT": 28,
        "Net Income": 7
    },
    "2016-09-30": {
        "Diluted EPS": 0.52,
        "Total Revenue": 438,
        "Gross Profit": 144,
        "Operating Income": 35,
        "EBIT": 47,
        "Net Income": 22
    },
    "2016-06-30": {
        "Diluted EPS": 0.64,
        "Total Revenue": 460,
        "Gross Profit": 157,
        "Operating Income": 44,
        "EBIT": 55,
        "Net Income": 27
    },
    "2016-03-31": {
        "Diluted EPS": 0.73,
        "Total Revenue": 470,
        "Gross Profit": 165,
        "Operating Income": 52,
        "EBIT": 63,
        "Net Income": 30
    },
    "2015-12-31": {
        "Diluted EPS": 0.24,
        "Total Revenue": 442,
        "Gross Profit": 143,
        "Operating Income": 24,
        "EBIT": 34,
        "Net Income": 10
    },
    "2015-09-30": {
        "Diluted EPS": 0.25,
        "Total Revenue": 455,
        "Gross Profit": 154,
        "Operating Income": 46,
        "EBIT": 56,
        "Net Income": 10
    },
    "2015-06-30": {
        "Diluted EPS": 0.52,
        "Total Revenue": 449,
        "Gross Profit": 158,
        "Operating Income": 47,
        "EBIT": 57,
        "Net Income": 22
    },
    "2015-03-31": {
        "Diluted EPS": 0.57,
        "Total Revenue": 432,
        "Gross Profit": 153,
        "Operating Income": 48,
        "EBIT": 59,
        "Net Income": 24
    },
    "2014-12-31": {
        "Diluted EPS": 0.02,
        "Total Revenue": 425,
        "Gross Profit": 143,
        "Operating Income": 22,
        "EBIT": 35,
        "Net Income": 1
    },
    "2014-09-30": {
        "Diluted EPS": 0.55,
        "Total Revenue": 451,
        "Gross Profit": 158,
        "Operating Income": 46,
        "EBIT": 58,
        "Net Income": 23
    },
    "2014-06-30": {
        "Diluted EPS": 0.42,
        "Total Revenue": 454,
        "Gross Profit": 159,
        "Operating Income": 39,
        "EBIT": 52,
        "Net Income": 17
    },
    "2014-03-31": {
        "Diluted EPS": 0.45,
        "Total Revenue": 426,
        "Gross Profit": 151,
        "Operating Income": 40,
        "EBIT": 53,
        "Net Income": 18
    },
    "2013-12-31": {
        "Diluted EPS": -0.14,
        "Total Revenue": 416,
        "Gross Profit": 147,
        "Operating Income": 11,
        "EBIT": 26,
        "Net Income": -7
    },
    "2013-09-30": {
        "Diluted EPS": -1.29,
        "Total Revenue": 415,
        "Gross Profit": 159,
        "Operating Income": -36,
        "EBIT": 62,
        "Net Income": -51
    },
    "2013-06-30": {
        "Diluted EPS": 0.58,
        "Total Revenue": 415,
        "Gross Profit": 155,
        "Operating Income": 60,
        "EBIT": 74,
        "Net Income": 23
    },
    "2013-03-31": {
        "Diluted EPS": 0.58,
        "Total Revenue": 407,
        "Gross Profit": 149,
        "Operating Income": 45,
        "EBIT": 59,
        "Net Income": 24
    },
    "2012-12-31": {
        "Diluted EPS": -2.08,
        "Total Revenue": 399,
        "Gross Profit": 154,
        "Operating Income": -55,
        "EBIT": 68,
        "Net Income": -86
    },
    "2012-09-30": {
        "Diluted EPS": 0.55,
        "Total Revenue": 386,
        "Gross Profit": 144,
        "Operating Income": 47,
        "EBIT": 60,
        "Net Income": 23
    },
    "2012-06-30": {
        "Diluted EPS": 0.18,
        "Total Revenue": 396,
        "Gross Profit": 148,
        "Operating Income": 27,
        "EBIT": 43,
        "Net Income": 8
    },
    "2012-03-31": {
        "Diluted EPS": 0.43,
        "Total Revenue": 395,
        "Gross Profit": 150,
        "Operating Income": 41,
        "EBIT": 54,
        "Net Income": 18
    },
    "2011-12-31": {
        "Diluted EPS": 0.91,
        "Total Revenue": 391,
        "Gross Profit": 158,
        "Operating Income": 68,
        "EBIT": 81,
        "Net Income": 40
    },
    "2011-09-30": {
        "Diluted EPS": 0.7,
        "Total Revenue": 414,
        "Gross Profit": 164,
        "Operating Income": 59,
        "EBIT": 73,
        "Net Income": 29
    },
    "2011-06-30": {
        "Diluted EPS": 0.36,
        "Total Revenue": 400,
        "Gross Profit": 150,
        "Operating Income": 34,
        "EBIT": 46,
        "Net Income": 15
    },
    "2011-03-31": {
        "Diluted EPS": 0.42,
        "Total Revenue": 362,
        "Gross Profit": 139,
        "Operating Income": 44,
        "EBIT": 57,
        "Net Income": 19
    },
    "2010-12-31": {
        "Diluted EPS": 0.14,
        "Total Revenue": 356,
        "Gross Profit": 144,
        "Operating Income": 28,
        "EBIT": 64,
        "Net Income": 7
    },
    "2010-09-30": {
        "Diluted EPS": 0.43,
        "Total Revenue": 346,
        "Gross Profit": 139,
        "Operating Income": 47,
        "EBIT": 62,
        "Net Income": 20
    },
    "2010-06-30": {
        "Diluted EPS": 0.52,
        "Total Revenue": 349,
        "Gross Profit": 140,
        "Operating Income": 52,
        "EBIT": 65,
        "Net Income": 25
    },
    "2010-03-31": {
        "Diluted EPS": 0.29,
        "Total Revenue": 350,
        "Gross Profit": 153,
        "Operating Income": 32,
        "EBIT": 46,
        "Net Income": 14
    },
    "2009-12-31": {
        "Diluted EPS": 0.64,
        "Total Revenue": 343,
        "Gross Profit": 151,
        "Operating Income": 62,
        "EBIT": 75,
        "Net Income": 33
    },
    "2009-09-30": {
        "Diluted EPS": 0.7,
        "Total Revenue": 349,
        "Gross Profit": 155,
        "Operating Income": 64,
        "EBIT": 78,
        "Net Income": 38
    },
    "2009-06-30": {
        "Diluted EPS": 0.69,
        "Total Revenue": 361,
        "Gross Profit": 166,
        "Operating Income": 71,
        "EBIT": 85,
        "Net Income": 37
    },
    "2009-03-31": {
        "Diluted EPS": 0.6,
        "Total Revenue": 348,
        "Gross Profit": 155,
        "Operating Income": 61,
        "EBIT": 74,
        "Net Income": 32
    },
    "2023-09-30": {
        "Tax Effect Of Unusual Items": 0.0,
        "Tax Rate For Calcs": 0.226,
        "Normalized EBITDA": 123895000.0,
        "Net Income From Continuing Operation Net Minority Interest": 83317000.0,
        "Reconciled Depreciation": 11719000.0,
        "Reconciled Cost Of Revenue": 588425000.0,
        "EBITDA": 123895000.0,
        "EBIT": 112176000.0,
        "Net Interest Income": 673000.0,
        "Interest Expense": 4474000.0,
        "Interest Income": 5147000.0,
        "Normalized Income": 83317000.0,
        "Net Income From Continuing And Discontinued Operation": 83317000.0,
        "Total Expenses": 786232000.0,
        "Total Operating Income As Reported": 107029000.0,
        "Diluted Average Shares": 35656000.0,
        "Basic Average Shares": 34128000.0,
        "Diluted EPS": 2.34,
        "Basic EPS": 2.44,
        "Diluted NI Availto Com Stockholders": 83317000.0,
        "Net Income Common Stockholders": 83317000.0,
        "Net Income": 83317000.0,
        "Net Income Including Noncontrolling Interests": 83317000.0,
        "Net Income Continuous Operations": 83317000.0,
        "Tax Provision": 24385000.0,
        "Pretax Income": 107702000.0,
        "Net Non Operating Interest Income Expense": 673000.0,
        "Interest Expense Non Operating": 4474000.0,
        "Interest Income Non Operating": 5147000.0,
        "Operating Income": 107029000.0,
        "Operating Expense": 187428000.0,
        "Depreciation Amortization Depletion Income Statement": 1340000.0,
        "Depreciation And Amortization In Income Statement": 1340000.0,
        "Amortization": 1340000.0,
        "Amortization Of Intangibles Income Statement": 1340000.0,
        "Selling General And Administration": 186088000.0,
        "Gross Profit": 294457000.0,
        "Cost Of Revenue": 598804000.0,
        "Total Revenue": 893261000.0,
        "Operating Revenue": 893261000.0
    },
    "2023-12-31": {
        "Tax Effect Of Unusual Items": 0.0,
        "Tax Rate For Calcs": 0.207731,
        "Normalized EBITDA": 119306000.0,
        "Net Income From Continuing Operation Net Minority Interest": 81633000.0,
        "Reconciled Depreciation": 12373000.0,
        "Reconciled Cost Of Revenue": 602656000.0,
        "EBITDA": 119306000.0,
        "EBIT": 106933000.0,
        "Net Interest Income": -1907000.0,
        "Interest Expense": 3896000.0,
        "Interest Income": 1989000.0,
        "Normalized Income": 81633000.0,
        "Net Income From Continuing And Discontinued Operation": 81633000.0,
        "Total Expenses": 809663000.0,
        "Total Operating Income As Reported": 115021000.0,
        "Diluted Average Shares": NaN,
        "Basic Average Shares": NaN,
        "Diluted EPS": NaN,
        "Basic EPS": NaN,
        "Diluted NI Availto Com Stockholders": 81633000.0,
        "Net Income Common Stockholders": 81633000.0,
        "Net Income": 81633000.0,
        "Net Income Including Noncontrolling Interests": 81633000.0,
        "Net Income Continuous Operations": 81633000.0,
        "Tax Provision": 21404000.0,
        "Pretax Income": 103037000.0,
        "Net Non Operating Interest Income Expense": -1907000.0,
        "Interest Expense Non Operating": 3896000.0,
        "Interest Income Non Operating": 1989000.0,
        "Operating Income": 115021000.0,
        "Operating Expense": 195854000.0,
        "Depreciation Amortization Depletion Income Statement": 1220000.0,
        "Depreciation And Amortization In Income Statement": 1220000.0,
        "Amortization": 1220000.0,
        "Amortization Of Intangibles Income Statement": 1220000.0,
        "Selling General And Administration": 194634000.0,
        "Gross Profit": 310875000.0,
        "Cost Of Revenue": 613809000.0,
        "Total Revenue": 924684000.0,
        "Operating Revenue": 924684000.0
    },
    "2024-03-31": {
        "Tax Effect Of Unusual Items": 0.0,
        "Tax Rate For Calcs": 0.196,
        "Normalized EBITDA": 112654000.0,
        "Net Income From Continuing Operation Net Minority Interest": 79965000.0,
        "Reconciled Depreciation": 11440000.0,
        "Reconciled Cost Of Revenue": 615610000.0,
        "EBITDA": 112654000.0,
        "EBIT": 101214000.0,
        "Net Interest Income": -138000.0,
        "Interest Expense": 1719000.0,
        "Interest Income": 1581000.0,
        "Normalized Income": 79965000.0,
        "Net Income From Continuing And Discontinued Operation": 79965000.0,
        "Total Expenses": 828920000.0,
        "Total Operating Income As Reported": 99633000.0,
        "Diluted Average Shares": 35787000.0,
        "Basic Average Shares": 34977000.0,
        "Diluted EPS": 2.23,
        "Basic EPS": 2.29,
        "Diluted NI Availto Com Stockholders": 79965000.0,
        "Net Income Common Stockholders": 79965000.0,
        "Net Income": 79965000.0,
        "Net Income Including Noncontrolling Interests": 79965000.0,
        "Net Income Continuous Operations": 79965000.0,
        "Tax Provision": 19530000.0,
        "Pretax Income": 99495000.0,
        "Net Non Operating Interest Income Expense": -138000.0,
        "Interest Expense Non Operating": 1719000.0,
        "Interest Income Non Operating": 1581000.0,
        "Operating Income": 99633000.0,
        "Operating Expense": 202886000.0,
        "Depreciation Amortization Depletion Income Statement": 1016000.0,
        "Depreciation And Amortization In Income Statement": 1016000.0,
        "Amortization": 1016000.0,
        "Amortization Of Intangibles Income Statement": 1016000.0,
        "Selling General And Administration": 201870000.0,
        "Gross Profit": 302519000.0,
        "Cost Of Revenue": 626034000.0,
        "Total Revenue": 928553000.0,
        "Operating Revenue": 928553000.0
    }
}