{
    "2023-03-31": {
        "Tax Effect Of Unusual Items": NaN,
        "Tax Rate For Calcs": NaN,
        "Normalized EBITDA": NaN,
        "Net Income From Continuing Operation Net Minority Interest": NaN,
        "Reconciled Depreciation": NaN,
        "EBITDA": NaN,
        "EBIT": NaN,
        "Net Interest Income": NaN,
        "Interest Income": NaN,
        "Normalized Income": NaN,
        "Net Income From Continuing And Discontinued Operation": NaN,
        "Total Expenses": NaN,
        "Total Operating Income As Reported": NaN,
        "Diluted Average Shares": 32723530.0,
        "Basic Average Shares": 32723530.0,
        "Diluted EPS": -0.88,
        "Basic EPS": -0.88,
        "Diluted NI Availto Com Stockholders": NaN,
        "Net Income Common Stockholders": NaN,
        "Net Income": NaN,
        "Net Income Including Noncontrolling Interests": NaN,
        "Net Income Continuous Operations": NaN,
        "Pretax Income": NaN,
        "Other Income Expense": NaN,
        "Other Non Operating Income Expenses": NaN,
        "Net Non Operating Interest Income Expense": NaN,
        "Interest Income Non Operating": NaN,
        "Operating Income": NaN,
        "Operating Expense": NaN,
        "Research And Development": NaN,
        "Selling General And Administration": NaN,
        "General And Administrative Expense": NaN,
        "Other Gand A": NaN,
        "Total Revenue": NaN,
        "Operating Revenue": NaN
    },
    "2022-12-31": {
        "Tax Effect Of Unusual Items": 0.0,
        "Tax Rate For Calcs": 0.0,
        "Normalized EBITDA": -27332000.0,
        "Net Income From Continuing Operation Net Minority Interest": -27379000.0,
        "Reconciled Depreciation": 1388000.0,
        "EBITDA": -27332000.0,
        "EBIT": -28720000.0,
        "Net Interest Income": 1338000.0,
        "Interest Income": 1338000.0,
        "Normalized Income": -27379000.0,
        "Net Income From Continuing And Discontinued Operation": -27379000.0,
        "Total Expenses": 29967000.0,
        "Total Operating Income As Reported": -28720000.0,
        "Diluted Average Shares": NaN,
        "Basic Average Shares": NaN,
        "Diluted EPS": NaN,
        "Basic EPS": NaN,
        "Diluted NI Availto Com Stockholders": -27379000.0,
        "Net Income Common Stockholders": -27379000.0,
        "Net Income": -27379000.0,
        "Net Income Including Noncontrolling Interests": -27379000.0,
        "Net Income Continuous Operations": -27379000.0,
        "Pretax Income": -27379000.0,
        "Other Income Expense": 3000.0,
        "Other Non Operating Income Expenses": 3000.0,
        "Net Non Operating Interest Income Expense": 1338000.0,
        "Interest Income Non Operating": 1338000.0,
        "Operating Income": -28720000.0,
        "Operating Expense": 29967000.0,
        "Research And Development": 21500000.0,
        "Selling General And Administration": 8467000.0,
        "General And Administrative Expense": 8467000.0,
        "Other Gand A": 8467000.0,
        "Total Revenue": 1247000.0,
        "Operating Revenue": 1247000.0
    },
    "2022-09-30": {
        "Tax Effect Of Unusual Items": NaN,
        "Tax Rate For Calcs": NaN,
        "Normalized EBITDA": NaN,
        "Net Income From Continuing Operation Net Minority Interest": NaN,
        "Reconciled Depreciation": NaN,
        "EBITDA": NaN,
        "EBIT": NaN,
        "Net Interest Income": NaN,
        "Interest Income": NaN,
        "Normalized Income": NaN,
        "Net Income From Continuing And Discontinued Operation": NaN,
        "Total Expenses": NaN,
        "Total Operating Income As Reported": NaN,
        "Diluted Average Shares": 32385791.0,
        "Basic Average Shares": 32385791.0,
        "Diluted EPS": -0.79,
        "Basic EPS": -0.79,
        "Diluted NI Availto Com Stockholders": NaN,
        "Net Income Common Stockholders": NaN,
        "Net Income": NaN,
        "Net Income Including Noncontrolling Interests": NaN,
        "Net Income Continuous Operations": NaN,
        "Pretax Income": NaN,
        "Other Income Expense": NaN,
        "Other Non Operating Income Expenses": NaN,
        "Net Non Operating Interest Income Expense": NaN,
        "Interest Income Non Operating": NaN,
        "Operating Income": NaN,
        "Operating Expense": NaN,
        "Research And Development": NaN,
        "Selling General And Administration": NaN,
        "General And Administrative Expense": NaN,
        "Other Gand A": NaN,
        "Total Revenue": NaN,
        "Operating Revenue": NaN
    },
    "2022-06-30": {
        "Tax Effect Of Unusual Items": 0.0,
        "Tax Rate For Calcs": 0.0,
        "Normalized EBITDA": -27595000.0,
        "Net Income From Continuing Operation Net Minority Interest": -28086000.0,
        "Reconciled Depreciation": 831000.0,
        "EBITDA": -27595000.0,
        "EBIT": -28426000.0,
        "Net Interest Income": 340000.0,
        "Interest Income": 340000.0,
        "Normalized Income": -28086000.0,
        "Net Income From Continuing And Discontinued Operation": -28086000.0,
        "Total Expenses": 28588000.0,
        "Total Operating Income As Reported": -28426000.0,
        "Diluted Average Shares": 32324392.0,
        "Basic Average Shares": 32324392.0,
        "Diluted EPS": -0.87,
        "Basic EPS": -0.87,
        "Diluted NI Availto Com Stockholders": -28086000.0,
        "Net Income Common Stockholders": -28086000.0,
        "Net Income": -28086000.0,
        "Net Income Including Noncontrolling Interests": -28086000.0,
        "Net Income Continuous Operations": -28086000.0,
        "Pretax Income": -28086000.0,
        "Other Income Expense": NaN,
        "Other Non Operating Income Expenses": NaN,
        "Net Non Operating Interest Income Expense": 340000.0,
        "Interest Income Non Operating": 340000.0,
        "Operating Income": -28426000.0,
        "Operating Expense": 28588000.0,
        "Research And Development": 20422000.0,
        "Selling General And Administration": 8166000.0,
        "General And Administrative Expense": 8166000.0,
        "Other Gand A": 8166000.0,
        "Total Revenue": 162000.0,
        "Operating Revenue": 162000.0
    },
    "2022-03-31": {
        "Diluted EPS": -0.82,
        "Total Revenue": 1,
        "Gross Profit": 1,
        "Operating Income": -26,
        "EBIT": -25,
        "Net Income": -26
    },
    "2021-12-31": {
        "Diluted EPS": -0.86,
        "Total Revenue": 0,
        "Gross Profit": 0,
        "Operating Income": -25,
        "EBIT": -24,
        "Net Income": -25
    },
    "2021-09-30": {
        "Diluted EPS": -0.82,
        "Total Revenue": 1,
        "Gross Profit": 1,
        "Operating Income": -23,
        "EBIT": -22,
        "Net Income": -22
    },
    "2021-06-30": {
        "Diluted EPS": -0.28,
        "Total Revenue": 15,
        "Gross Profit": 15,
        "Operating Income": -8,
        "EBIT": -7,
        "Net Income": -8
    },
    "2021-03-31": {
        "Diluted EPS": -0.61,
        "Total Revenue": 2,
        "Gross Profit": 2,
        "Operating Income": -16,
        "EBIT": -16,
        "Net Income": -16
    },
    "2020-12-31": {
        "Diluted EPS": -1.85,
        "Total Revenue": -1,
        "Gross Profit": -1,
        "Operating Income": -20,
        "EBIT": -20,
        "Net Income": -21
    },
    "2020-09-30": {
        "Diluted EPS": -1.51,
        "Total Revenue": 7,
        "Gross Profit": 7,
        "Operating Income": -8,
        "EBIT": -7,
        "Net Income": -8
    },
    "2020-06-30": {
        "Diluted EPS": -2.92,
        "Total Revenue": 4,
        "Gross Profit": 4,
        "Operating Income": -15,
        "EBIT": -15,
        "Net Income": -15
    },
    "2020-03-31": {
        "Diluted EPS": -2.54,
        "Total Revenue": 4,
        "Gross Profit": 4,
        "Operating Income": -13,
        "EBIT": -13,
        "Net Income": -13
    },
    "2019-12-31": {
        "Diluted EPS": 0.0,
        "Total Revenue": NaN,
        "Gross Profit": NaN,
        "Operating Income": NaN,
        "EBIT": NaN,
        "Net Income": NaN
    },
    "2023-06-30": {
        "Tax Effect Of Unusual Items": 0.0,
        "Tax Rate For Calcs": 0.0,
        "Normalized EBITDA": -30708000.0,
        "Net Income From Continuing Operation Net Minority Interest": -29616000.0,
        "Reconciled Depreciation": 1428000.0,
        "EBITDA": -30708000.0,
        "EBIT": -32136000.0,
        "Net Interest Income": 2512000.0,
        "Interest Income": 2512000.0,
        "Normalized Income": -29616000.0,
        "Net Income From Continuing And Discontinued Operation": -29616000.0,
        "Total Expenses": 32375000.0,
        "Total Operating Income As Reported": -32136000.0,
        "Diluted Average Shares": 38335219.0,
        "Basic Average Shares": 38335219.0,
        "Diluted EPS": -0.77,
        "Basic EPS": -0.77,
        "Diluted NI Availto Com Stockholders": -29616000.0,
        "Net Income Common Stockholders": -29616000.0,
        "Net Income": -29616000.0,
        "Net Income Including Noncontrolling Interests": -29616000.0,
        "Net Income Continuous Operations": -29616000.0,
        "Pretax Income": -29616000.0,
        "Other Income Expense": 8000.0,
        "Other Non Operating Income Expenses": 8000.0,
        "Net Non Operating Interest Income Expense": 2512000.0,
        "Interest Income Non Operating": 2512000.0,
        "Operating Income": -32136000.0,
        "Operating Expense": 32375000.0,
        "Research And Development": 23584000.0,
        "Selling General And Administration": 8791000.0,
        "General And Administrative Expense": 8791000.0,
        "Other Gand A": 8791000.0,
        "Total Revenue": 239000.0,
        "Operating Revenue": 239000.0
    },
    "2023-09-30": {
        "Tax Effect Of Unusual Items": 0.0,
        "Tax Rate For Calcs": 0.0,
        "Normalized EBITDA": -12578000.0,
        "Net Income From Continuing Operation Net Minority Interest": -10256000.0,
        "Reconciled Depreciation": 1396000.0,
        "EBITDA": -12578000.0,
        "EBIT": -13974000.0,
        "Net Interest Income": 3876000.0,
        "Interest Income": 3876000.0,
        "Normalized Income": -10256000.0,
        "Net Income From Continuing And Discontinued Operation": -10256000.0,
        "Total Expenses": 34178000.0,
        "Total Operating Income As Reported": -13974000.0,
        "Diluted Average Shares": 42256629.0,
        "Basic Average Shares": 42256629.0,
        "Diluted EPS": -0.24,
        "Basic EPS": -0.24,
        "Diluted NI Availto Com Stockholders": -10256000.0,
        "Net Income Common Stockholders": -10256000.0,
        "Net Income": -10256000.0,
        "Net Income Including Noncontrolling Interests": -10256000.0,
        "Net Income Continuous Operations": -10256000.0,
        "Pretax Income": -10256000.0,
        "Other Income Expense": -158000.0,
        "Other Non Operating Income Expenses": -158000.0,
        "Net Non Operating Interest Income Expense": 3876000.0,
        "Interest Income Non Operating": 3876000.0,
        "Operating Income": -13974000.0,
        "Operating Expense": 34178000.0,
        "Research And Development": 25066000.0,
        "Selling General And Administration": 9112000.0,
        "General And Administrative Expense": 9112000.0,
        "Other Gand A": 9112000.0,
        "Total Revenue": 20204000.0,
        "Operating Revenue": 20204000.0
    },
    "2023-12-31": {
        "Tax Effect Of Unusual Items": 0.0,
        "Tax Rate For Calcs": 0.0,
        "Normalized EBITDA": -35139000.0,
        "Net Income From Continuing Operation Net Minority Interest": -32283000.0,
        "Reconciled Depreciation": 1513000.0,
        "EBITDA": -35139000.0,
        "EBIT": -36652000.0,
        "Net Interest Income": 4380000.0,
        "Interest Income": 4380000.0,
        "Normalized Income": -32283000.0,
        "Net Income From Continuing And Discontinued Operation": -32283000.0,
        "Total Expenses": 36633000.0,
        "Total Operating Income As Reported": -36652000.0,
        "Diluted Average Shares": NaN,
        "Basic Average Shares": NaN,
        "Diluted EPS": NaN,
        "Basic EPS": NaN,
        "Diluted NI Availto Com Stockholders": -32283000.0,
        "Net Income Common Stockholders": -32283000.0,
        "Net Income": -32283000.0,
        "Net Income Including Noncontrolling Interests": -32283000.0,
        "Net Income Continuous Operations": -32283000.0,
        "Pretax Income": -32283000.0,
        "Other Income Expense": -11000.0,
        "Other Non Operating Income Expenses": -11000.0,
        "Net Non Operating Interest Income Expense": 4380000.0,
        "Interest Income Non Operating": 4380000.0,
        "Operating Income": -36652000.0,
        "Operating Expense": 36633000.0,
        "Research And Development": 26028000.0,
        "Selling General And Administration": 10605000.0,
        "General And Administrative Expense": 10605000.0,
        "Other Gand A": 10605000.0,
        "Total Revenue": -19000.0,
        "Operating Revenue": -19000.0
    },
    "2024-03-31": {
        "Tax Effect Of Unusual Items": 0.0,
        "Tax Rate For Calcs": 0.0,
        "Normalized EBITDA": -36542000.0,
        "Net Income From Continuing Operation Net Minority Interest": -32401000.0,
        "Reconciled Depreciation": 1594000.0,
        "EBITDA": -36542000.0,
        "EBIT": -38136000.0,
        "Net Interest Income": 5745000.0,
        "Interest Income": 5745000.0,
        "Normalized Income": -32401000.0,
        "Net Income From Continuing And Discontinued Operation": -32401000.0,
        "Total Expenses": 38164000.0,
        "Total Operating Income As Reported": -38136000.0,
        "Diluted Average Shares": 49271984.0,
        "Basic Average Shares": 49271984.0,
        "Diluted EPS": -0.66,
        "Basic EPS": -0.66,
        "Diluted NI Availto Com Stockholders": -32401000.0,
        "Net Income Common Stockholders": -32401000.0,
        "Net Income": -32401000.0,
        "Net Income Including Noncontrolling Interests": -32401000.0,
        "Net Income Continuous Operations": -32401000.0,
        "Pretax Income": -32401000.0,
        "Other Income Expense": -10000.0,
        "Other Non Operating Income Expenses": -10000.0,
        "Net Non Operating Interest Income Expense": 5745000.0,
        "Interest Income Non Operating": 5745000.0,
        "Operating Income": -38136000.0,
        "Operating Expense": 38164000.0,
        "Research And Development": 27870000.0,
        "Selling General And Administration": 10294000.0,
        "General And Administrative Expense": 10294000.0,
        "Other Gand A": 10294000.0,
        "Total Revenue": 28000.0,
        "Operating Revenue": 28000.0
    },
    "2024-06-30": {
        "Tax Effect Of Unusual Items": 0.0,
        "Tax Rate For Calcs": 0.0,
        "Normalized EBITDA": -40832000.0,
        "Net Income From Continuing Operation Net Minority Interest": -34953000.0,
        "Reconciled Depreciation": 1624000.0,
        "EBITDA": -40832000.0,
        "EBIT": -42456000.0,
        "Net Interest Income": 7548000.0,
        "Interest Income": 7548000.0,
        "Normalized Income": -34953000.0,
        "Net Income From Continuing And Discontinued Operation": -34953000.0,
        "Total Expenses": 42461000.0,
        "Total Operating Income As Reported": -42456000.0,
        "Diluted Average Shares": 55282754.0,
        "Basic Average Shares": 55282754.0,
        "Diluted EPS": -0.63,
        "Basic EPS": -0.63,
        "Diluted NI Availto Com Stockholders": -34953000.0,
        "Net Income Common Stockholders": -34953000.0,
        "Net Income": -34953000.0,
        "Net Income Including Noncontrolling Interests": -34953000.0,
        "Net Income Continuous Operations": -34953000.0,
        "Pretax Income": -34953000.0,
        "Other Income Expense": -45000.0,
        "Other Non Operating Income Expenses": -45000.0,
        "Net Non Operating Interest Income Expense": 7548000.0,
        "Interest Income Non Operating": 7548000.0,
        "Operating Income": -42456000.0,
        "Operating Expense": 42461000.0,
        "Research And Development": 31860000.0,
        "Selling General And Administration": 10601000.0,
        "General And Administrative Expense": 10601000.0,
        "Other Gand A": 10601000.0,
        "Total Revenue": 5000.0,
        "Operating Revenue": 5000.0
    }
}