{
    "2023-05-31": {
        "Tax Effect Of Unusual Items": -74022.0,
        "Tax Rate For Calcs": 0.169,
        "Normalized EBITDA": 214912000.0,
        "Total Unusual Items": -438000.0,
        "Total Unusual Items Excluding Goodwill": -438000.0,
        "Net Income From Continuing Operation Net Minority Interest": 134663000.0,
        "Reconciled Depreciation": 36122000.0,
        "Reconciled Cost Of Revenue": 241689000.0,
        "EBITDA": 214474000.0,
        "EBIT": 178352000.0,
        "Net Interest Income": -13271000.0,
        "Interest Expense": 16354000.0,
        "Interest Income": 3083000.0,
        "Normalized Income": 135026978.0,
        "Net Income From Continuing And Discontinued Operation": 134663000.0,
        "Total Expenses": 357414000.0,
        "Total Operating Income As Reported": 171959000.0,
        "Diluted Average Shares": 38912000.0,
        "Basic Average Shares": 38278000.0,
        "Diluted EPS": 3.46,
        "Basic EPS": 3.52,
        "Diluted NI Availto Com Stockholders": 134663000.0,
        "Net Income Common Stockholders": 134663000.0,
        "Net Income": 134663000.0,
        "Net Income Including Noncontrolling Interests": 134663000.0,
        "Net Income Continuous Operations": 134663000.0,
        "Tax Provision": 27335000.0,
        "Pretax Income": 161998000.0,
        "Other Income Expense": 2872000.0,
        "Other Non Operating Income Expenses": 3310000.0,
        "Special Income Charges": -438000.0,
        "Impairment Of Capital Assets": 438000.0,
        "Net Non Operating Interest Income Expense": -13271000.0,
        "Interest Expense Non Operating": 16354000.0,
        "Interest Income Non Operating": 3083000.0,
        "Operating Income": 172397000.0,
        "Operating Expense": 115725000.0,
        "Selling General And Administration": 115725000.0,
        "Gross Profit": 288122000.0,
        "Cost Of Revenue": 241689000.0,
        "Total Revenue": 529811000.0,
        "Operating Revenue": 529811000.0
    },
    "2023-02-28": {
        "Tax Effect Of Unusual Items": -71967.0,
        "Tax Rate For Calcs": 0.161,
        "Normalized EBITDA": 210056000.0,
        "Total Unusual Items": -447000.0,
        "Total Unusual Items Excluding Goodwill": -447000.0,
        "Net Income From Continuing Operation Net Minority Interest": 131593000.0,
        "Reconciled Depreciation": 36110000.0,
        "Reconciled Cost Of Revenue": 240806000.0,
        "EBITDA": 209609000.0,
        "EBIT": 173499000.0,
        "Net Interest Income": -13834000.0,
        "Interest Expense": 16737000.0,
        "Interest Income": NaN,
        "Normalized Income": 131968033.0,
        "Net Income From Continuing And Discontinued Operation": 131593000.0,
        "Total Expenses": 345388000.0,
        "Total Operating Income As Reported": 169250000.0,
        "Diluted Average Shares": 38981000.0,
        "Basic Average Shares": 38281000.0,
        "Diluted EPS": 3.38,
        "Basic EPS": 3.44,
        "Diluted NI Availto Com Stockholders": 131593000.0,
        "Net Income Common Stockholders": 131593000.0,
        "Net Income": 131593000.0,
        "Net Income Including Noncontrolling Interests": 131593000.0,
        "Net Income Continuous Operations": 131593000.0,
        "Tax Provision": 25169000.0,
        "Pretax Income": 156762000.0,
        "Other Income Expense": 899000.0,
        "Other Non Operating Income Expenses": 1346000.0,
        "Special Income Charges": -447000.0,
        "Impairment Of Capital Assets": 447000.0,
        "Net Non Operating Interest Income Expense": -13834000.0,
        "Interest Expense Non Operating": 16737000.0,
        "Interest Income Non Operating": NaN,
        "Operating Income": 169697000.0,
        "Operating Expense": 104582000.0,
        "Selling General And Administration": 104582000.0,
        "Gross Profit": 274279000.0,
        "Cost Of Revenue": 240806000.0,
        "Total Revenue": 515085000.0,
        "Operating Revenue": 515085000.0
    },
    "2022-11-30": {
        "Tax Effect Of Unusual Items": -37788.0,
        "Tax Rate For Calcs": 0.134,
        "Normalized EBITDA": 210398000.0,
        "Total Unusual Items": -282000.0,
        "Total Unusual Items Excluding Goodwill": -282000.0,
        "Net Income From Continuing Operation Net Minority Interest": 136798000.0,
        "Reconciled Depreciation": 35694000.0,
        "Reconciled Cost Of Revenue": 227042000.0,
        "EBITDA": 210116000.0,
        "EBIT": 174422000.0,
        "Net Interest Income": -14332000.0,
        "Interest Expense": 16537000.0,
        "Interest Income": 2205000.0,
        "Normalized Income": 137042212.0,
        "Net Income From Continuing And Discontinued Operation": 136798000.0,
        "Total Expenses": 332638000.0,
        "Total Operating Income As Reported": 171895000.0,
        "Diluted Average Shares": 38914000.0,
        "Basic Average Shares": 38122000.0,
        "Diluted EPS": 3.52,
        "Basic EPS": 3.59,
        "Diluted NI Availto Com Stockholders": 136798000.0,
        "Net Income Common Stockholders": 136798000.0,
        "Net Income": 136798000.0,
        "Net Income Including Noncontrolling Interests": 136798000.0,
        "Net Income Continuous Operations": 136798000.0,
        "Tax Provision": 21087000.0,
        "Pretax Income": 157885000.0,
        "Other Income Expense": 40000.0,
        "Other Non Operating Income Expenses": 322000.0,
        "Special Income Charges": -282000.0,
        "Impairment Of Capital Assets": 282000.0,
        "Net Non Operating Interest Income Expense": -14332000.0,
        "Interest Expense Non Operating": 16537000.0,
        "Interest Income Non Operating": 2205000.0,
        "Operating Income": 172177000.0,
        "Operating Expense": 105596000.0,
        "Selling General And Administration": 105596000.0,
        "Gross Profit": 277773000.0,
        "Cost Of Revenue": 227042000.0,
        "Total Revenue": 504815000.0,
        "Operating Revenue": 504815000.0
    },
    "2022-08-31": {
        "Tax Effect Of Unusual Items": -132561.0,
        "Tax Rate For Calcs": 0.103,
        "Normalized EBITDA": 168622000.0,
        "Total Unusual Items": -1287000.0,
        "Total Unusual Items Excluding Goodwill": -1287000.0,
        "Net Income From Continuing Operation Net Minority Interest": 104422000.0,
        "Reconciled Depreciation": 36603000.0,
        "Reconciled Cost Of Revenue": 241944000.0,
        "EBITDA": 167335000.0,
        "EBIT": 130732000.0,
        "Net Interest Income": -14304000.0,
        "Interest Expense": 14304000.0,
        "Interest Income": NaN,
        "Normalized Income": 105576439.0,
        "Net Income From Continuing And Discontinued Operation": 104422000.0,
        "Total Expenses": 365791000.0,
        "Total Operating Income As Reported": 132219000.0,
        "Diluted Average Shares": 38820000.0,
        "Basic Average Shares": 38044756.0,
        "Diluted EPS": 2.69,
        "Basic EPS": 2.744715,
        "Diluted NI Availto Com Stockholders": 104422000.0,
        "Net Income Common Stockholders": 104422000.0,
        "Net Income": 104422000.0,
        "Net Income Including Noncontrolling Interests": 104422000.0,
        "Net Income Continuous Operations": 104422000.0,
        "Tax Provision": 12006000.0,
        "Pretax Income": 116428000.0,
        "Other Income Expense": -2774000.0,
        "Other Non Operating Income Expenses": -1487000.0,
        "Special Income Charges": -1287000.0,
        "Impairment Of Capital Assets": 1287000.0,
        "Net Non Operating Interest Income Expense": -14304000.0,
        "Interest Expense Non Operating": 14304000.0,
        "Interest Income Non Operating": NaN,
        "Operating Income": 133506000.0,
        "Operating Expense": 123847000.0,
        "Selling General And Administration": 123847000.0,
        "Gross Profit": 257353000.0,
        "Cost Of Revenue": 241944000.0,
        "Total Revenue": 499297000.0,
        "Operating Revenue": 499297000.0
    },
    "2022-05-31": {
        "Tax Effect Of Unusual Items": -5977756.0,
        "Tax Rate For Calcs": 0.122,
        "Normalized EBITDA": 184442000.0,
        "Total Unusual Items": -48998000.0,
        "Total Unusual Items Excluding Goodwill": -48998000.0,
        "Net Income From Continuing Operation Net Minority Interest": 74910000.0,
        "Reconciled Depreciation": 38113000.0,
        "Reconciled Cost Of Revenue": 222618000.0,
        "EBIT": 97331000.0,
        "Net Interest Income": -12051000.0,
        "Interest Expense": 12051000.0,
        "Interest Income": NaN,
        "Normalized Income": 117930244.0,
        "Net Income From Continuing And Discontinued Operation": 74910000.0,
        "Total Expenses": 342499000.0,
        "Total Operating Income As Reported": 97254000.0,
        "Diluted Average Shares": 38720000.0,
        "Basic Average Shares": 37934000.0,
        "Diluted EPS": 1.93,
        "Basic EPS": 1.97,
        "Diluted NI Availto Com Stockholders": 74910000.0,
        "Net Income Common Stockholders": 74910000.0,
        "Net Income": 74910000.0,
        "Net Income Including Noncontrolling Interests": 74910000.0,
        "Net Income Continuous Operations": 74910000.0,
        "Tax Provision": 10370000.0,
        "Pretax Income": 85280000.0,
        "Other Income Expense": -48921000.0,
        "Other Non Operating Income Expenses": 77000.0,
        "Special Income Charges": -48998000.0,
        "Impairment Of Capital Assets": 48998000.0,
        "Net Non Operating Interest Income Expense": -12051000.0,
        "Interest Expense Non Operating": 12051000.0,
        "Interest Income Non Operating": NaN,
        "Operating Income": 146252000.0,
        "Operating Expense": 119881000.0,
        "Selling General And Administration": 119881000.0,
        "Gross Profit": 266133000.0,
        "Cost Of Revenue": 222618000.0,
        "Total Revenue": 488751000.0,
        "Operating Revenue": 488751000.0
    },
    "2022-02-28": {
        "Diluted EPS": 2.84,
        "Total Revenue": 431,
        "Gross Profit": 232,
        "Operating Income": 123,
        "EBIT": 150,
        "Net Income": 110
    },
    "2021-11-30": {
        "Diluted EPS": 2.79,
        "Total Revenue": 425,
        "Gross Profit": 218,
        "Operating Income": 123,
        "EBIT": 151,
        "Net Income": 108
    },
    "2021-08-31": {
        "Diluted EPS": 2.62,
        "Total Revenue": 412,
        "Gross Profit": 214,
        "Operating Income": 119,
        "EBIT": 146,
        "Net Income": 101
    },
    "2021-05-31": {
        "Diluted EPS": 2.62,
        "Total Revenue": 400,
        "Gross Profit": 194,
        "Operating Income": 118,
        "EBIT": 146,
        "Net Income": 101
    },
    "2021-02-28": {
        "Diluted EPS": 2.5,
        "Total Revenue": 392,
        "Gross Profit": 196,
        "Operating Income": 116,
        "EBIT": 143,
        "Net Income": 97
    },
    "2020-11-30": {
        "Diluted EPS": 2.62,
        "Total Revenue": 388,
        "Gross Profit": 200,
        "Operating Income": 121,
        "EBIT": 147,
        "Net Income": 101
    },
    "2020-08-31": {
        "Diluted EPS": 2.29,
        "Total Revenue": 384,
        "Gross Profit": 200,
        "Operating Income": 99,
        "EBIT": 126,
        "Net Income": 89
    },
    "2020-05-31": {
        "Diluted EPS": 2.63,
        "Total Revenue": 374,
        "Gross Profit": 203,
        "Operating Income": 122,
        "EBIT": 147,
        "Net Income": 101
    },
    "2020-02-29": {
        "Diluted EPS": 2.3,
        "Total Revenue": 370,
        "Gross Profit": 194,
        "Operating Income": 106,
        "EBIT": 130,
        "Net Income": 89
    },
    "2019-11-30": {
        "Diluted EPS": 2.43,
        "Total Revenue": 367,
        "Gross Profit": 202,
        "Operating Income": 113,
        "EBIT": 138,
        "Net Income": 94
    },
    "2019-08-31": {
        "Diluted EPS": 2.35,
        "Total Revenue": 364,
        "Gross Profit": 197,
        "Operating Income": 112,
        "EBIT": 128,
        "Net Income": 92
    },
    "2019-05-31": {
        "Diluted EPS": 2.37,
        "Total Revenue": 365,
        "Gross Profit": 201,
        "Operating Income": 117,
        "EBIT": 132,
        "Net Income": 92
    },
    "2019-02-28": {
        "Diluted EPS": 2.19,
        "Total Revenue": 355,
        "Gross Profit": 190,
        "Operating Income": 109,
        "EBIT": 123,
        "Net Income": 85
    },
    "2018-11-30": {
        "Diluted EPS": 2.17,
        "Total Revenue": 352,
        "Gross Profit": 185,
        "Operating Income": 101,
        "EBIT": 115,
        "Net Income": 84
    },
    "2018-08-31": {
        "Diluted EPS": 1.77,
        "Total Revenue": 346,
        "Gross Profit": 176,
        "Operating Income": 88,
        "EBIT": 103,
        "Net Income": 69
    },
    "2018-05-31": {
        "Diluted EPS": 1.91,
        "Total Revenue": 340,
        "Gross Profit": 175,
        "Operating Income": 93,
        "EBIT": 108,
        "Net Income": 75
    },
    "2018-02-28": {
        "Diluted EPS": 1.33,
        "Total Revenue": 335,
        "Gross Profit": 172,
        "Operating Income": 95,
        "EBIT": 110,
        "Net Income": 53
    },
    "2017-11-30": {
        "Diluted EPS": 1.77,
        "Total Revenue": 329,
        "Gross Profit": 168,
        "Operating Income": 89,
        "EBIT": 103,
        "Net Income": 70
    },
    "2017-08-31": {
        "Diluted EPS": 1.51,
        "Total Revenue": 327,
        "Gross Profit": 165,
        "Operating Income": 82,
        "EBIT": 97,
        "Net Income": 60
    },
    "2017-05-31": {
        "Diluted EPS": 1.66,
        "Total Revenue": 312,
        "Gross Profit": 166,
        "Operating Income": 88,
        "EBIT": 101,
        "Net Income": 65
    },
    "2017-02-28": {
        "Diluted EPS": 1.68,
        "Total Revenue": 294,
        "Gross Profit": 163,
        "Operating Income": 92,
        "EBIT": 102,
        "Net Income": 67
    },
    "2016-11-30": {
        "Diluted EPS": 1.66,
        "Total Revenue": 288,
        "Gross Profit": 161,
        "Operating Income": 90,
        "EBIT": 100,
        "Net Income": 67
    },
    "2016-08-31": {
        "Diluted EPS": 3.51,
        "Total Revenue": 287,
        "Gross Profit": 163,
        "Operating Income": 88,
        "EBIT": 98,
        "Net Income": 144
    },
    "2016-05-31": {
        "Diluted EPS": 1.62,
        "Total Revenue": 288,
        "Gross Profit": 163,
        "Operating Income": 89,
        "EBIT": 99,
        "Net Income": 67
    },
    "2016-02-29": {
        "Diluted EPS": 1.63,
        "Total Revenue": 282,
        "Gross Profit": 158,
        "Operating Income": 85,
        "EBIT": 95,
        "Net Income": 68
    },
    "2015-11-30": {
        "Diluted EPS": 1.43,
        "Total Revenue": 271,
        "Gross Profit": 156,
        "Operating Income": 87,
        "EBIT": 96,
        "Net Income": 60
    },
    "2015-08-31": {
        "Diluted EPS": 1.48,
        "Total Revenue": 262,
        "Gross Profit": 154,
        "Operating Income": 86,
        "EBIT": 93,
        "Net Income": 62
    },
    "2015-05-31": {
        "Diluted EPS": 1.45,
        "Total Revenue": 255,
        "Gross Profit": 154,
        "Operating Income": 85,
        "EBIT": 93,
        "Net Income": 61
    },
    "2015-02-28": {
        "Diluted EPS": 1.46,
        "Total Revenue": 248,
        "Gross Profit": 148,
        "Operating Income": 81,
        "EBIT": 89,
        "Net Income": 62
    },
    "2014-11-30": {
        "Diluted EPS": 1.32,
        "Total Revenue": 243,
        "Gross Profit": 145,
        "Operating Income": 80,
        "EBIT": 88,
        "Net Income": 56
    },
    "2014-08-31": {
        "Diluted EPS": 1.3,
        "Total Revenue": 239,
        "Gross Profit": 146,
        "Operating Income": 79,
        "EBIT": 88,
        "Net Income": 55
    },
    "2014-05-31": {
        "Diluted EPS": 1.21,
        "Total Revenue": 232,
        "Gross Profit": 141,
        "Operating Income": 73,
        "EBIT": 81,
        "Net Income": 52
    },
    "2014-02-28": {
        "Diluted EPS": 1.22,
        "Total Revenue": 227,
        "Gross Profit": 140,
        "Operating Income": 75,
        "EBIT": 84,
        "Net Income": 52
    },
    "2013-11-30": {
        "Diluted EPS": 1.19,
        "Total Revenue": 223,
        "Gross Profit": 140,
        "Operating Income": 75,
        "EBIT": 84,
        "Net Income": 52
    },
    "2013-08-31": {
        "Diluted EPS": 1.14,
        "Total Revenue": 219,
        "Gross Profit": 139,
        "Operating Income": 71,
        "EBIT": 79,
        "Net Income": 51
    },
    "2013-05-31": {
        "Diluted EPS": 1.2,
        "Total Revenue": 215,
        "Gross Profit": 138,
        "Operating Income": 72,
        "EBIT": 81,
        "Net Income": 53
    },
    "2013-02-28": {
        "Diluted EPS": 1.0,
        "Total Revenue": 213,
        "Gross Profit": 137,
        "Operating Income": 56,
        "EBIT": 65,
        "Net Income": 45
    },
    "2012-11-30": {
        "Diluted EPS": 1.11,
        "Total Revenue": 211,
        "Gross Profit": 137,
        "Operating Income": 71,
        "EBIT": 80,
        "Net Income": 50
    },
    "2012-08-31": {
        "Diluted EPS": 1.06,
        "Total Revenue": 208,
        "Gross Profit": 135,
        "Operating Income": 71,
        "EBIT": 79,
        "Net Income": 49
    },
    "2012-05-31": {
        "Diluted EPS": 1.05,
        "Total Revenue": 202,
        "Gross Profit": 133,
        "Operating Income": 68,
        "EBIT": 77,
        "Net Income": 48
    },
    "2012-02-29": {
        "Diluted EPS": 1.02,
        "Total Revenue": 199,
        "Gross Profit": 132,
        "Operating Income": 67,
        "EBIT": 75,
        "Net Income": 47
    },
    "2011-11-30": {
        "Diluted EPS": 0.99,
        "Total Revenue": 196,
        "Gross Profit": 130,
        "Operating Income": 67,
        "EBIT": 75,
        "Net Income": 46
    },
    "2011-08-31": {
        "Diluted EPS": 0.86,
        "Total Revenue": 192,
        "Gross Profit": 126,
        "Operating Income": 59,
        "EBIT": 68,
        "Net Income": 41
    },
    "2011-05-31": {
        "Diluted EPS": 0.92,
        "Total Revenue": 184,
        "Gross Profit": 121,
        "Operating Income": 62,
        "EBIT": 71,
        "Net Income": 43
    },
    "2011-02-28": {
        "Diluted EPS": 0.95,
        "Total Revenue": 178,
        "Gross Profit": 117,
        "Operating Income": 58,
        "EBIT": 67,
        "Net Income": 45
    },
    "2010-11-30": {
        "Diluted EPS": 0.88,
        "Total Revenue": 173,
        "Gross Profit": 117,
        "Operating Income": 59,
        "EBIT": 69,
        "Net Income": 42
    },
    "2010-08-31": {
        "Diluted EPS": 0.83,
        "Total Revenue": 168,
        "Gross Profit": 114,
        "Operating Income": 57,
        "EBIT": 67,
        "Net Income": 39
    },
    "2010-05-31": {
        "Diluted EPS": 0.81,
        "Total Revenue": 160,
        "Gross Profit": 109,
        "Operating Income": 56,
        "EBIT": 65,
        "Net Income": 39
    },
    "2010-02-28": {
        "Diluted EPS": 0.75,
        "Total Revenue": 157,
        "Gross Profit": 106,
        "Operating Income": 54,
        "EBIT": 64,
        "Net Income": 36
    },
    "2009-11-30": {
        "Diluted EPS": 0.74,
        "Total Revenue": 155,
        "Gross Profit": 105,
        "Operating Income": 54,
        "EBIT": 63,
        "Net Income": 36
    },
    "2009-08-31": {
        "Diluted EPS": 0.74,
        "Total Revenue": 155,
        "Gross Profit": 103,
        "Operating Income": 54,
        "EBIT": 63,
        "Net Income": 36
    },
    "2009-05-31": {
        "Diluted EPS": 0.79,
        "Total Revenue": 154,
        "Gross Profit": 104,
        "Operating Income": 53,
        "EBIT": 62,
        "Net Income": 39
    },
    "2009-02-28": {
        "Diluted EPS": 0.71,
        "Total Revenue": 157,
        "Gross Profit": 104,
        "Operating Income": 52,
        "EBIT": 61,
        "Net Income": 35
    },
    "2023-08-31": {
        "Tax Effect Of Unusual Items": -9742202.517962,
        "Tax Rate For Calcs": 0.393164,
        "Normalized EBITDA": 178581000.0,
        "Total Unusual Items": -24779000.0,
        "Total Unusual Items Excluding Goodwill": -24779000.0,
        "Net Income From Continuing Operation Net Minority Interest": 65119000.0,
        "Reconciled Depreciation": 29802000.0,
        "Reconciled Cost Of Revenue": 263688000.0,
        "EBITDA": 153802000.0,
        "EBIT": 124000000.0,
        "Net Interest Income": -12073000.0,
        "Interest Expense": 16691000.0,
        "Interest Income": 4618000.0,
        "Normalized Income": 80155797.482038,
        "Net Income From Continuing And Discontinued Operation": 65119000.0,
        "Total Expenses": 394915000.0,
        "Total Operating Income As Reported": 116103000.0,
        "Diluted Average Shares": 38784000.0,
        "Basic Average Shares": 38092000.0,
        "Diluted EPS": 1.68,
        "Basic EPS": 1.71,
        "Diluted NI Availto Com Stockholders": 65119000.0,
        "Net Income Common Stockholders": 65119000.0,
        "Net Income": 65119000.0,
        "Net Income Including Noncontrolling Interests": 65119000.0,
        "Net Income Continuous Operations": 65119000.0,
        "Tax Provision": 42190000.0,
        "Pretax Income": 107309000.0,
        "Other Income Expense": -21500000.0,
        "Other Non Operating Income Expenses": 3279000.0,
        "Special Income Charges": -24779000.0,
        "Impairment Of Capital Assets": 24779000.0,
        "Net Non Operating Interest Income Expense": -12073000.0,
        "Interest Expense Non Operating": 16691000.0,
        "Interest Income Non Operating": 4618000.0,
        "Operating Income": 140882000.0,
        "Operating Expense": 131227000.0,
        "Selling General And Administration": 131227000.0,
        "Gross Profit": 272109000.0,
        "Cost Of Revenue": 263688000.0,
        "Total Revenue": 535797000.0,
        "Operating Revenue": 535797000.0
    },
    "2023-11-30": {
        "Tax Effect Of Unusual Items": -128288.0,
        "Tax Rate For Calcs": 0.152,
        "Normalized EBITDA": 227464000.0,
        "Total Unusual Items": -844000.0,
        "Total Unusual Items Excluding Goodwill": -844000.0,
        "Net Income From Continuing Operation Net Minority Interest": 148555000.0,
        "Reconciled Depreciation": 34686000.0,
        "Reconciled Cost Of Revenue": 251621000.0,
        "EBITDA": 226620000.0,
        "EBIT": 191934000.0,
        "Net Interest Income": -13726000.0,
        "Interest Expense": 16738000.0,
        "Interest Income": 3012000.0,
        "Normalized Income": 149270712.0,
        "Net Income From Continuing And Discontinued Operation": 148555000.0,
        "Total Expenses": 352332000.0,
        "Total Operating Income As Reported": 189040000.0,
        "Diluted Average Shares": 38643000.0,
        "Basic Average Shares": 38016000.0,
        "Diluted EPS": 3.84,
        "Basic EPS": 3.91,
        "Diluted NI Availto Com Stockholders": 148555000.0,
        "Net Income Common Stockholders": 148555000.0,
        "Net Income": 148555000.0,
        "Net Income Including Noncontrolling Interests": 148555000.0,
        "Net Income Continuous Operations": 148555000.0,
        "Tax Provision": 26641000.0,
        "Pretax Income": 175196000.0,
        "Other Income Expense": -962000.0,
        "Other Non Operating Income Expenses": -118000.0,
        "Special Income Charges": -844000.0,
        "Impairment Of Capital Assets": 844000.0,
        "Net Non Operating Interest Income Expense": -13726000.0,
        "Interest Expense Non Operating": 16738000.0,
        "Interest Income Non Operating": 3012000.0,
        "Operating Income": 189884000.0,
        "Operating Expense": 100711000.0,
        "Selling General And Administration": 100711000.0,
        "Gross Profit": 290595000.0,
        "Cost Of Revenue": 251621000.0,
        "Total Revenue": 542216000.0,
        "Operating Revenue": 542216000.0
    },
    "2024-02-29": {
        "Tax Effect Of Unusual Items": NaN,
        "Tax Rate For Calcs": NaN,
        "Normalized EBITDA": NaN,
        "Total Unusual Items": NaN,
        "Total Unusual Items Excluding Goodwill": NaN,
        "Net Income From Continuing Operation Net Minority Interest": NaN,
        "Reconciled Depreciation": NaN,
        "Reconciled Cost Of Revenue": NaN,
        "EBITDA": NaN,
        "EBIT": NaN,
        "Net Interest Income": NaN,
        "Interest Expense": NaN,
        "Interest Income": NaN,
        "Normalized Income": NaN,
        "Net Income From Continuing And Discontinued Operation": NaN,
        "Total Expenses": NaN,
        "Total Operating Income As Reported": NaN,
        "Diluted Average Shares": 38650000.0,
        "Basic Average Shares": 38103000.0,
        "Diluted EPS": 3.65,
        "Basic EPS": 3.7,
        "Diluted NI Availto Com Stockholders": NaN,
        "Net Income Common Stockholders": NaN,
        "Net Income": NaN,
        "Net Income Including Noncontrolling Interests": NaN,
        "Net Income Continuous Operations": NaN,
        "Tax Provision": NaN,
        "Pretax Income": NaN,
        "Other Income Expense": NaN,
        "Other Non Operating Income Expenses": NaN,
        "Special Income Charges": NaN,
        "Impairment Of Capital Assets": NaN,
        "Net Non Operating Interest Income Expense": NaN,
        "Interest Expense Non Operating": NaN,
        "Interest Income Non Operating": NaN,
        "Operating Income": NaN,
        "Operating Expense": NaN,
        "Selling General And Administration": NaN,
        "Gross Profit": NaN,
        "Cost Of Revenue": NaN,
        "Total Revenue": NaN,
        "Operating Revenue": NaN
    }
}