{
    "2023-06-30": {
        "Tax Effect Of Unusual Items": -710520.0,
        "Tax Rate For Calcs": 0.191,
        "Normalized EBITDA": 95653000.0,
        "Total Unusual Items": -3720000.0,
        "Total Unusual Items Excluding Goodwill": -3720000.0,
        "Net Income From Continuing Operation Net Minority Interest": 59600000.0,
        "Reconciled Depreciation": 13422000.0,
        "Reconciled Cost Of Revenue": 380700000.0,
        "EBITDA": 91933000.0,
        "EBIT": 78511000.0,
        "Net Interest Income": -4178000.0,
        "Interest Expense": 4178000.0,
        "Normalized Income": 62609480.0,
        "Net Income From Continuing And Discontinued Operation": 59600000.0,
        "Total Expenses": 488129000.0,
        "Total Operating Income As Reported": 80903000.0,
        "Diluted NI Availto Com Stockholders": 59600000.0,
        "Net Income Common Stockholders": 59600000.0,
        "Otherunder Preferred Stock Dividend": NaN,
        "Net Income": 59600000.0,
        "Minority Interests": -560000.0,
        "Net Income Including Noncontrolling Interests": 60160000.0,
        "Net Income Continuous Operations": 60160000.0,
        "Tax Provision": 14173000.0,
        "Pretax Income": 74333000.0,
        "Other Income Expense": -2541000.0,
        "Other Non Operating Income Expenses": 1179000.0,
        "Special Income Charges": -149000.0,
        "Restructuring And Mergern Acquisition": 149000.0,
        "Gain On Sale Of Security": -3571000.0,
        "Net Non Operating Interest Income Expense": -4178000.0,
        "Interest Expense Non Operating": 4178000.0,
        "Operating Income": 81052000.0,
        "Operating Expense": 107429000.0,
        "Selling General And Administration": 107429000.0,
        "Gross Profit": 188481000.0,
        "Cost Of Revenue": 380700000.0,
        "Total Revenue": 569181000.0,
        "Operating Revenue": 569181000.0
    },
    "2023-03-31": {
        "Tax Effect Of Unusual Items": -463952.0,
        "Tax Rate For Calcs": 0.214,
        "Normalized EBITDA": 65976000.0,
        "Total Unusual Items": -2168000.0,
        "Total Unusual Items Excluding Goodwill": -2168000.0,
        "Net Income From Continuing Operation Net Minority Interest": 37325000.0,
        "Reconciled Depreciation": 12837000.0,
        "Reconciled Cost Of Revenue": 322286000.0,
        "EBITDA": 63808000.0,
        "EBIT": 50971000.0,
        "Net Interest Income": -3147000.0,
        "Interest Expense": 3147000.0,
        "Normalized Income": 39029048.0,
        "Net Income From Continuing And Discontinued Operation": 37325000.0,
        "Total Expenses": 431821000.0,
        "Total Operating Income As Reported": 52606000.0,
        "Diluted NI Availto Com Stockholders": 37225000.0,
        "Net Income Common Stockholders": 37225000.0,
        "Otherunder Preferred Stock Dividend": 100000.0,
        "Net Income": 37325000.0,
        "Minority Interests": -251000.0,
        "Net Income Including Noncontrolling Interests": 37576000.0,
        "Net Income Continuous Operations": 37576000.0,
        "Tax Provision": 10248000.0,
        "Pretax Income": 47824000.0,
        "Other Income Expense": -1759000.0,
        "Other Non Operating Income Expenses": 409000.0,
        "Special Income Charges": -124000.0,
        "Restructuring And Mergern Acquisition": 124000.0,
        "Gain On Sale Of Security": -2044000.0,
        "Net Non Operating Interest Income Expense": -3147000.0,
        "Interest Expense Non Operating": 3147000.0,
        "Operating Income": 52730000.0,
        "Operating Expense": 109535000.0,
        "Selling General And Administration": 109535000.0,
        "Gross Profit": 162265000.0,
        "Cost Of Revenue": 322286000.0,
        "Total Revenue": 484551000.0,
        "Operating Revenue": 484551000.0
    },
    "2022-12-31": {
        "Tax Effect Of Unusual Items": -584695.488337,
        "Tax Rate For Calcs": 0.181695,
        "Normalized EBITDA": 69387000.0,
        "Total Unusual Items": -3218000.0,
        "Total Unusual Items Excluding Goodwill": -3218000.0,
        "Net Income From Continuing Operation Net Minority Interest": 39579000.0,
        "Reconciled Depreciation": 13307000.0,
        "Reconciled Cost Of Revenue": 323213000.0,
        "EBITDA": 66169000.0,
        "EBIT": 52862000.0,
        "Net Interest Income": -4033000.0,
        "Interest Expense": 4033000.0,
        "Normalized Income": 42212304.511663,
        "Net Income From Continuing And Discontinued Operation": 39579000.0,
        "Total Expenses": 432937000.0,
        "Total Operating Income As Reported": 56222000.0,
        "Diluted NI Availto Com Stockholders": 39400000.0,
        "Net Income Common Stockholders": 39400000.0,
        "Otherunder Preferred Stock Dividend": 100000.0,
        "Net Income": 39579000.0,
        "Minority Interests": -378000.0,
        "Net Income Including Noncontrolling Interests": 39957000.0,
        "Net Income Continuous Operations": 39957000.0,
        "Tax Provision": 8872000.0,
        "Pretax Income": 48829000.0,
        "Other Income Expense": -3632000.0,
        "Other Non Operating Income Expenses": -414000.0,
        "Special Income Charges": -272000.0,
        "Restructuring And Mergern Acquisition": 272000.0,
        "Gain On Sale Of Security": -2946000.0,
        "Net Non Operating Interest Income Expense": -4033000.0,
        "Interest Expense Non Operating": 4033000.0,
        "Operating Income": 56494000.0,
        "Operating Expense": 109724000.0,
        "Selling General And Administration": 109724000.0,
        "Gross Profit": 166218000.0,
        "Cost Of Revenue": 323213000.0,
        "Total Revenue": 489431000.0,
        "Operating Revenue": 489431000.0
    },
    "2022-09-30": {
        "Tax Effect Of Unusual Items": -843462.240159,
        "Tax Rate For Calcs": 0.184929,
        "Normalized EBITDA": 92525000.0,
        "Total Unusual Items": -4561000.0,
        "Total Unusual Items Excluding Goodwill": -4561000.0,
        "Net Income From Continuing Operation Net Minority Interest": 58624000.0,
        "Reconciled Depreciation": 12546000.0,
        "Reconciled Cost Of Revenue": 361077000.0,
        "EBITDA": 87964000.0,
        "EBIT": 75418000.0,
        "Net Interest Income": -3066000.0,
        "Interest Expense": 3066000.0,
        "Normalized Income": 62341537.759841,
        "Net Income From Continuing And Discontinued Operation": 58624000.0,
        "Total Expenses": 470443000.0,
        "Total Operating Income As Reported": 80044000.0,
        "Diluted Average Shares": 47000000.0,
        "Basic Average Shares": 46526984.0,
        "Diluted EPS": 1.24,
        "Basic EPS": 1.26,
        "Diluted NI Availto Com Stockholders": 58624000.0,
        "Net Income Common Stockholders": 58624000.0,
        "Otherunder Preferred Stock Dividend": 200000.0,
        "Net Income": 58624000.0,
        "Minority Interests": -348000.0,
        "Net Income Including Noncontrolling Interests": 58972000.0,
        "Net Income Continuous Operations": 58972000.0,
        "Tax Provision": 13380000.0,
        "Pretax Income": 72352000.0,
        "Other Income Expense": -5811000.0,
        "Other Non Operating Income Expenses": -1250000.0,
        "Special Income Charges": -1185000.0,
        "Restructuring And Mergern Acquisition": 1185000.0,
        "Gain On Sale Of Security": -3376000.0,
        "Net Non Operating Interest Income Expense": -3066000.0,
        "Interest Expense Non Operating": 3066000.0,
        "Operating Income": 81229000.0,
        "Operating Expense": 109366000.0,
        "Selling General And Administration": 109366000.0,
        "Gross Profit": 190595000.0,
        "Cost Of Revenue": 361077000.0,
        "Total Revenue": 551672000.0,
        "Operating Revenue": 551672000.0
    },
    "2022-06-30": {
        "Tax Effect Of Unusual Items": -70652.255688,
        "Tax Rate For Calcs": 0.219417,
        "Normalized EBITDA": 92259000.0,
        "Total Unusual Items": -322000.0,
        "Total Unusual Items Excluding Goodwill": -322000.0,
        "Net Income From Continuing Operation Net Minority Interest": 59364000.0,
        "Reconciled Depreciation": 12443000.0,
        "Reconciled Cost Of Revenue": 361850000.0,
        "EBITDA": 91937000.0,
        "EBIT": 79494000.0,
        "Net Interest Income": -2932000.0,
        "Interest Expense": 2932000.0,
        "Normalized Income": 59615347.744312,
        "Net Income From Continuing And Discontinued Operation": 59364000.0,
        "Total Expenses": 470163000.0,
        "Total Operating Income As Reported": 80982000.0,
        "Diluted Average Shares": 46900000.0,
        "Basic Average Shares": 46300000.0,
        "Diluted EPS": 1.26,
        "Basic EPS": 1.27,
        "Diluted NI Availto Com Stockholders": 59364000.0,
        "Net Income Common Stockholders": 59364000.0,
        "Otherunder Preferred Stock Dividend": NaN,
        "Net Income": 59364000.0,
        "Minority Interests": -399000.0,
        "Net Income Including Noncontrolling Interests": 59763000.0,
        "Net Income Continuous Operations": 59763000.0,
        "Tax Provision": 16799000.0,
        "Pretax Income": 76562000.0,
        "Other Income Expense": -1481000.0,
        "Other Non Operating Income Expenses": -1159000.0,
        "Special Income Charges": 7000.0,
        "Restructuring And Mergern Acquisition": -7000.0,
        "Gain On Sale Of Security": -329000.0,
        "Net Non Operating Interest Income Expense": -2932000.0,
        "Interest Expense Non Operating": 2932000.0,
        "Operating Income": 80975000.0,
        "Operating Expense": 108313000.0,
        "Selling General And Administration": 108313000.0,
        "Gross Profit": 189288000.0,
        "Cost Of Revenue": 361850000.0,
        "Total Revenue": 551138000.0,
        "Operating Revenue": 551138000.0
    },
    "2022-03-31": {
        "Diluted EPS": 0.63,
        "Total Revenue": 451,
        "Gross Profit": 145,
        "Operating Income": 40,
        "EBIT": 52,
        "Net Income": 30
    },
    "2021-12-31": {
        "Diluted EPS": 0.85,
        "Total Revenue": 433,
        "Gross Profit": 145,
        "Operating Income": 47,
        "EBIT": 59,
        "Net Income": 40
    },
    "2021-09-30": {
        "Diluted EPS": 0.98,
        "Total Revenue": 459,
        "Gross Profit": 163,
        "Operating Income": 57,
        "EBIT": 69,
        "Net Income": 46
    },
    "2021-06-30": {
        "Diluted EPS": 0.83,
        "Total Revenue": 437,
        "Gross Profit": 152,
        "Operating Income": 52,
        "EBIT": 63,
        "Net Income": 39
    },
    "2021-03-31": {
        "Diluted EPS": 0.59,
        "Total Revenue": 333,
        "Gross Profit": 116,
        "Operating Income": 34,
        "EBIT": 43,
        "Net Income": 28
    },
    "2020-12-31": {
        "Diluted EPS": 0.57,
        "Total Revenue": 321,
        "Gross Profit": 111,
        "Operating Income": 34,
        "EBIT": 44,
        "Net Income": 26
    },
    "2020-09-30": {
        "Diluted EPS": 0.82,
        "Total Revenue": 351,
        "Gross Profit": 124,
        "Operating Income": 48,
        "EBIT": 57,
        "Net Income": 38
    },
    "2020-06-30": {
        "Diluted EPS": 0.52,
        "Total Revenue": 308,
        "Gross Profit": 107,
        "Operating Income": 34,
        "EBIT": 43,
        "Net Income": 25
    },
    "2020-03-31": {
        "Diluted EPS": 0.23,
        "Total Revenue": 267,
        "Gross Profit": 90,
        "Operating Income": 14,
        "EBIT": 23,
        "Net Income": 11
    },
    "2019-12-31": {
        "Diluted EPS": 0.42,
        "Total Revenue": 320,
        "Gross Profit": 101,
        "Operating Income": 29,
        "EBIT": 38,
        "Net Income": 19
    },
    "2019-09-30": {
        "Diluted EPS": 0.72,
        "Total Revenue": 348,
        "Gross Profit": 118,
        "Operating Income": 43,
        "EBIT": 52,
        "Net Income": 34
    },
    "2019-06-30": {
        "Diluted EPS": 0.7,
        "Total Revenue": 355,
        "Gross Profit": 120,
        "Operating Income": 44,
        "EBIT": 53,
        "Net Income": 33
    },
    "2019-03-31": {
        "Diluted EPS": 0.19,
        "Total Revenue": 291,
        "Gross Profit": 90,
        "Operating Income": 12,
        "EBIT": 21,
        "Net Income": 9
    },
    "2018-12-31": {
        "Diluted EPS": 0.51,
        "Total Revenue": 317,
        "Gross Profit": 104,
        "Operating Income": 29,
        "EBIT": 38,
        "Net Income": 24
    },
    "2018-09-30": {
        "Diluted EPS": 0.63,
        "Total Revenue": 342,
        "Gross Profit": 113,
        "Operating Income": 40,
        "EBIT": 50,
        "Net Income": 30
    },
    "2018-06-30": {
        "Diluted EPS": 0.64,
        "Total Revenue": 344,
        "Gross Profit": 116,
        "Operating Income": 40,
        "EBIT": 50,
        "Net Income": 30
    },
    "2018-03-31": {
        "Diluted EPS": 0.45,
        "Total Revenue": 296,
        "Gross Profit": 99,
        "Operating Income": 23,
        "EBIT": 33,
        "Net Income": 21
    },
    "2017-12-31": {
        "Diluted EPS": 0.16,
        "Total Revenue": 288,
        "Gross Profit": 95,
        "Operating Income": 22,
        "EBIT": 33,
        "Net Income": 8
    },
    "2017-09-30": {
        "Diluted EPS": 0.52,
        "Total Revenue": 311,
        "Gross Profit": 104,
        "Operating Income": 32,
        "EBIT": 42,
        "Net Income": 24
    },
    "2017-06-30": {
        "Diluted EPS": 0.64,
        "Total Revenue": 305,
        "Gross Profit": 103,
        "Operating Income": 34,
        "EBIT": 44,
        "Net Income": 30
    },
    "2017-03-31": {
        "Diluted EPS": 0.33,
        "Total Revenue": 220,
        "Gross Profit": 76,
        "Operating Income": 19,
        "EBIT": 27,
        "Net Income": 16
    },
    "2016-12-31": {
        "Diluted EPS": 0.37,
        "Total Revenue": 240,
        "Gross Profit": 81,
        "Operating Income": 27,
        "EBIT": 35,
        "Net Income": 16
    },
    "2016-09-30": {
        "Diluted EPS": 0.5,
        "Total Revenue": 240,
        "Gross Profit": 85,
        "Operating Income": 32,
        "EBIT": 41,
        "Net Income": 24
    },
    "2016-06-30": {
        "Diluted EPS": 0.5,
        "Total Revenue": 252,
        "Gross Profit": 91,
        "Operating Income": 33,
        "EBIT": 42,
        "Net Income": 24
    },
    "2016-03-31": {
        "Diluted EPS": 0.28,
        "Total Revenue": 218,
        "Gross Profit": 74,
        "Operating Income": 21,
        "EBIT": 30,
        "Net Income": 13
    },
    "2015-12-31": {
        "Diluted EPS": 0.33,
        "Total Revenue": 219,
        "Gross Profit": 69,
        "Operating Income": 24,
        "EBIT": 32,
        "Net Income": 15
    },
    "2015-09-30": {
        "Diluted EPS": 0.43,
        "Total Revenue": 232,
        "Gross Profit": 77,
        "Operating Income": 28,
        "EBIT": 37,
        "Net Income": 21
    },
    "2015-06-30": {
        "Diluted EPS": 0.33,
        "Total Revenue": 247,
        "Gross Profit": 80,
        "Operating Income": 23,
        "EBIT": 32,
        "Net Income": 16
    },
    "2015-03-31": {
        "Diluted EPS": 0.41,
        "Total Revenue": 226,
        "Gross Profit": 71,
        "Operating Income": 16,
        "EBIT": 25,
        "Net Income": 19
    },
    "2014-12-31": {
        "Diluted EPS": 0.05,
        "Total Revenue": 254,
        "Gross Profit": 78,
        "Operating Income": 3,
        "EBIT": 12,
        "Net Income": 2
    },
    "2014-09-30": {
        "Diluted EPS": 0.46,
        "Total Revenue": 278,
        "Gross Profit": 89,
        "Operating Income": 32,
        "EBIT": 42,
        "Net Income": 23
    },
    "2014-06-30": {
        "Diluted EPS": 0.55,
        "Total Revenue": 284,
        "Gross Profit": 99,
        "Operating Income": 39,
        "EBIT": 48,
        "Net Income": 27
    },
    "2014-03-31": {
        "Diluted EPS": 0.35,
        "Total Revenue": 231,
        "Gross Profit": 78,
        "Operating Income": 26,
        "EBIT": 35,
        "Net Income": 17
    },
    "2013-12-31": {
        "Diluted EPS": 0.27,
        "Total Revenue": 230,
        "Gross Profit": 76,
        "Operating Income": 22,
        "EBIT": 31,
        "Net Income": 13
    },
    "2013-09-30": {
        "Diluted EPS": 0.51,
        "Total Revenue": 250,
        "Gross Profit": 87,
        "Operating Income": 38,
        "EBIT": 46,
        "Net Income": 25
    },
    "2013-06-30": {
        "Diluted EPS": 0.58,
        "Total Revenue": 263,
        "Gross Profit": 95,
        "Operating Income": 41,
        "EBIT": 48,
        "Net Income": 28
    },
    "2013-03-31": {
        "Diluted EPS": 0.32,
        "Total Revenue": 223,
        "Gross Profit": 74,
        "Operating Income": 23,
        "EBIT": 31,
        "Net Income": 15
    },
    "2012-12-31": {
        "Diluted EPS": 0.27,
        "Total Revenue": 205,
        "Gross Profit": 68,
        "Operating Income": 21,
        "EBIT": 30,
        "Net Income": 13
    },
    "2012-09-30": {
        "Diluted EPS": 0.46,
        "Total Revenue": 238,
        "Gross Profit": 83,
        "Operating Income": 33,
        "EBIT": 40,
        "Net Income": 22
    },
    "2012-06-30": {
        "Diluted EPS": 0.52,
        "Total Revenue": 247,
        "Gross Profit": 84,
        "Operating Income": 38,
        "EBIT": 44,
        "Net Income": 25
    },
    "2012-03-31": {
        "Diluted EPS": 0.48,
        "Total Revenue": 202,
        "Gross Profit": 66,
        "Operating Income": 21,
        "EBIT": 27,
        "Net Income": 23
    },
    "2011-12-31": {
        "Diluted EPS": 0.25,
        "Total Revenue": 187,
        "Gross Profit": 61,
        "Operating Income": 16,
        "EBIT": 22,
        "Net Income": 11
    },
    "2011-09-30": {
        "Diluted EPS": 0.4,
        "Total Revenue": 224,
        "Gross Profit": 74,
        "Operating Income": 28,
        "EBIT": 35,
        "Net Income": 19
    },
    "2011-06-30": {
        "Diluted EPS": 0.46,
        "Total Revenue": 224,
        "Gross Profit": 77,
        "Operating Income": 33,
        "EBIT": 40,
        "Net Income": 21
    },
    "2011-03-31": {
        "Diluted EPS": 0.23,
        "Total Revenue": 185,
        "Gross Profit": 61,
        "Operating Income": 16,
        "EBIT": 22,
        "Net Income": 11
    },
    "2010-12-31": {
        "Diluted EPS": 0.18,
        "Total Revenue": 175,
        "Gross Profit": 56,
        "Operating Income": 13,
        "EBIT": 19,
        "Net Income": 8
    },
    "2010-09-30": {
        "Diluted EPS": 0.26,
        "Total Revenue": 188,
        "Gross Profit": 59,
        "Operating Income": 20,
        "EBIT": 26,
        "Net Income": 12
    },
    "2010-06-30": {
        "Diluted EPS": 0.24,
        "Total Revenue": 190,
        "Gross Profit": 65,
        "Operating Income": 19,
        "EBIT": 25,
        "Net Income": 11
    },
    "2010-03-31": {
        "Diluted EPS": 0.16,
        "Total Revenue": 160,
        "Gross Profit": 51,
        "Operating Income": 13,
        "EBIT": 19,
        "Net Income": 7
    },
    "2009-12-31": {
        "Diluted EPS": 0.11,
        "Total Revenue": 145,
        "Gross Profit": 41,
        "Operating Income": 10,
        "EBIT": 16,
        "Net Income": 5
    },
    "2009-09-30": {
        "Diluted EPS": 0.19,
        "Total Revenue": 166,
        "Gross Profit": 50,
        "Operating Income": 15,
        "EBIT": 22,
        "Net Income": 9
    },
    "2009-06-30": {
        "Diluted EPS": 0.13,
        "Total Revenue": 165,
        "Gross Profit": 49,
        "Operating Income": 11,
        "EBIT": 17,
        "Net Income": 6
    },
    "2009-03-31": {
        "Diluted EPS": 0.09,
        "Total Revenue": 150,
        "Gross Profit": 43,
        "Operating Income": 8,
        "EBIT": 14,
        "Net Income": 4
    },
    "2023-09-30": {
        "Tax Effect Of Unusual Items": -594890.0,
        "Tax Rate For Calcs": 0.202,
        "Normalized EBITDA": 92166000.0,
        "Total Unusual Items": -2945000.0,
        "Total Unusual Items Excluding Goodwill": -2945000.0,
        "Net Income From Continuing Operation Net Minority Interest": 57798000.0,
        "Reconciled Depreciation": 13323000.0,
        "Reconciled Cost Of Revenue": 352178000.0,
        "EBITDA": 89221000.0,
        "EBIT": 75898000.0,
        "Net Interest Income": -2984000.0,
        "Interest Expense": 2984000.0,
        "Normalized Income": 60148110.0,
        "Net Income From Continuing And Discontinued Operation": 57798000.0,
        "Total Expenses": 459865000.0,
        "Total Operating Income As Reported": 78104000.0,
        "Diluted NI Availto Com Stockholders": 57600000.0,
        "Net Income Common Stockholders": 57600000.0,
        "Otherunder Preferred Stock Dividend": 200000.0,
        "Net Income": 57798000.0,
        "Minority Interests": -370000.0,
        "Net Income Including Noncontrolling Interests": 58168000.0,
        "Net Income Continuous Operations": 58168000.0,
        "Tax Provision": 14746000.0,
        "Pretax Income": 72914000.0,
        "Other Income Expense": -2668000.0,
        "Other Non Operating Income Expenses": 277000.0,
        "Special Income Charges": -462000.0,
        "Restructuring And Mergern Acquisition": 462000.0,
        "Gain On Sale Of Security": -2483000.0,
        "Net Non Operating Interest Income Expense": -2984000.0,
        "Interest Expense Non Operating": 2984000.0,
        "Operating Income": 78566000.0,
        "Operating Expense": 107687000.0,
        "Selling General And Administration": 107687000.0,
        "Gross Profit": 186253000.0,
        "Cost Of Revenue": 352178000.0,
        "Total Revenue": 538431000.0,
        "Operating Revenue": 538431000.0
    }
}