{
    "2023-03-31": {
        "Tax Effect Of Unusual Items": 32735.867748,
        "Tax Rate For Calcs": 0.022924,
        "Normalized EBITDA": -75832000.0,
        "Total Unusual Items": 1428000.0,
        "Total Unusual Items Excluding Goodwill": 1428000.0,
        "Net Income From Continuing Operation Net Minority Interest": -57788000.0,
        "Reconciled Cost Of Revenue": 118088000.0,
        "EBITDA": -74404000.0,
        "EBIT": -74404000.0,
        "Net Interest Income": 8594000.0,
        "Interest Income": 8594000.0,
        "Normalized Income": -59183264.132252,
        "Net Income From Continuing And Discontinued Operation": -57788000.0,
        "Total Expenses": 220770000.0,
        "Total Operating Income As Reported": -74404000.0,
        "Diluted Average Shares": 12131757.0,
        "Basic Average Shares": 12131757.0,
        "Diluted EPS": -4.8,
        "Basic EPS": -4.8,
        "Diluted NI Availto Com Stockholders": -57788000.0,
        "Net Income Common Stockholders": -57788000.0,
        "Net Income": -57788000.0,
        "Minority Interests": 5335000.0,
        "Net Income Including Noncontrolling Interests": -63123000.0,
        "Net Income Continuous Operations": -63123000.0,
        "Tax Provision": -1481000.0,
        "Pretax Income": -64604000.0,
        "Other Income Expense": 1206000.0,
        "Other Non Operating Income Expenses": 39000.0,
        "Special Income Charges": NaN,
        "Write Off": NaN,
        "Earnings From Equity Interest": -261000.0,
        "Gain On Sale Of Security": 1428000.0,
        "Net Non Operating Interest Income Expense": 8594000.0,
        "Interest Income Non Operating": 8594000.0,
        "Operating Income": -74404000.0,
        "Operating Expense": 102682000.0,
        "Research And Development": 25069000.0,
        "Selling General And Administration": 77613000.0,
        "Selling And Marketing Expense": 40050000.0,
        "General And Administrative Expense": 37563000.0,
        "Other Gand A": 37563000.0,
        "Gross Profit": 28278000.0,
        "Cost Of Revenue": 118088000.0,
        "Total Revenue": 146366000.0,
        "Operating Revenue": 146366000.0
    },
    "2022-12-31": {
        "Tax Effect Of Unusual Items": NaN,
        "Tax Rate For Calcs": NaN,
        "Normalized EBITDA": NaN,
        "Total Unusual Items": NaN,
        "Total Unusual Items Excluding Goodwill": NaN,
        "Net Income From Continuing Operation Net Minority Interest": NaN,
        "Reconciled Cost Of Revenue": NaN,
        "EBITDA": NaN,
        "EBIT": NaN,
        "Net Interest Income": NaN,
        "Interest Income": NaN,
        "Normalized Income": NaN,
        "Net Income From Continuing And Discontinued Operation": NaN,
        "Total Expenses": NaN,
        "Total Operating Income As Reported": NaN,
        "Diluted Average Shares": NaN,
        "Basic Average Shares": NaN,
        "Diluted EPS": NaN,
        "Basic EPS": NaN,
        "Diluted NI Availto Com Stockholders": NaN,
        "Net Income Common Stockholders": NaN,
        "Net Income": NaN,
        "Minority Interests": NaN,
        "Net Income Including Noncontrolling Interests": NaN,
        "Net Income Continuous Operations": NaN,
        "Tax Provision": NaN,
        "Pretax Income": NaN,
        "Other Income Expense": NaN,
        "Other Non Operating Income Expenses": NaN,
        "Special Income Charges": 803000.0,
        "Write Off": -803000.0,
        "Earnings From Equity Interest": NaN,
        "Gain On Sale Of Security": NaN,
        "Net Non Operating Interest Income Expense": NaN,
        "Interest Income Non Operating": NaN,
        "Operating Income": NaN,
        "Operating Expense": NaN,
        "Research And Development": NaN,
        "Selling General And Administration": NaN,
        "Selling And Marketing Expense": NaN,
        "General And Administrative Expense": NaN,
        "Other Gand A": NaN,
        "Gross Profit": NaN,
        "Cost Of Revenue": NaN,
        "Total Revenue": NaN,
        "Operating Revenue": NaN
    },
    "2022-09-30": {
        "Tax Effect Of Unusual Items": NaN,
        "Tax Rate For Calcs": NaN,
        "Normalized EBITDA": NaN,
        "Total Unusual Items": NaN,
        "Total Unusual Items Excluding Goodwill": NaN,
        "Net Income From Continuing Operation Net Minority Interest": NaN,
        "Reconciled Cost Of Revenue": NaN,
        "EBITDA": NaN,
        "EBIT": NaN,
        "Net Interest Income": NaN,
        "Interest Income": NaN,
        "Normalized Income": NaN,
        "Net Income From Continuing And Discontinued Operation": NaN,
        "Total Expenses": NaN,
        "Total Operating Income As Reported": NaN,
        "Diluted Average Shares": NaN,
        "Basic Average Shares": NaN,
        "Diluted EPS": NaN,
        "Basic EPS": NaN,
        "Diluted NI Availto Com Stockholders": NaN,
        "Net Income Common Stockholders": NaN,
        "Net Income": NaN,
        "Minority Interests": NaN,
        "Net Income Including Noncontrolling Interests": NaN,
        "Net Income Continuous Operations": NaN,
        "Tax Provision": NaN,
        "Pretax Income": NaN,
        "Other Income Expense": NaN,
        "Other Non Operating Income Expenses": NaN,
        "Special Income Charges": 0.0,
        "Write Off": 0.0,
        "Earnings From Equity Interest": NaN,
        "Gain On Sale Of Security": NaN,
        "Net Non Operating Interest Income Expense": NaN,
        "Interest Income Non Operating": NaN,
        "Operating Income": NaN,
        "Operating Expense": NaN,
        "Research And Development": NaN,
        "Selling General And Administration": NaN,
        "Selling And Marketing Expense": NaN,
        "General And Administrative Expense": NaN,
        "Other Gand A": NaN,
        "Gross Profit": NaN,
        "Cost Of Revenue": NaN,
        "Total Revenue": NaN,
        "Operating Revenue": NaN
    },
    "2022-06-30": {
        "Tax Effect Of Unusual Items": -2717432.720868,
        "Tax Rate For Calcs": 0.095168,
        "Normalized EBITDA": -66226000.0,
        "Total Unusual Items": -28554000.0,
        "Total Unusual Items Excluding Goodwill": -28554000.0,
        "Net Income From Continuing Operation Net Minority Interest": -95840000.0,
        "Reconciled Cost Of Revenue": 142003000.0,
        "EBITDA": -94780000.0,
        "EBIT": -94780000.0,
        "Net Interest Income": 10320000.0,
        "Interest Income": 10320000.0,
        "Normalized Income": -70003432.720868,
        "Net Income From Continuing And Discontinued Operation": -95840000.0,
        "Total Expenses": 286419000.0,
        "Total Operating Income As Reported": -94780000.0,
        "Diluted Average Shares": 12131757.0,
        "Basic Average Shares": 12131757.0,
        "Diluted EPS": -7.68,
        "Basic EPS": -7.68,
        "Diluted NI Availto Com Stockholders": -95840000.0,
        "Net Income Common Stockholders": -95840000.0,
        "Net Income": -95840000.0,
        "Minority Interests": 8954000.0,
        "Net Income Including Noncontrolling Interests": -104794000.0,
        "Net Income Continuous Operations": -104794000.0,
        "Tax Provision": -11022000.0,
        "Pretax Income": -115816000.0,
        "Other Income Expense": -31356000.0,
        "Other Non Operating Income Expenses": -2378000.0,
        "Special Income Charges": -5980000.0,
        "Write Off": 5980000.0,
        "Earnings From Equity Interest": -424000.0,
        "Gain On Sale Of Security": -22574000.0,
        "Net Non Operating Interest Income Expense": 10320000.0,
        "Interest Income Non Operating": 10320000.0,
        "Operating Income": -94780000.0,
        "Operating Expense": 144416000.0,
        "Research And Development": 39649000.0,
        "Selling General And Administration": 104767000.0,
        "Selling And Marketing Expense": 52575000.0,
        "General And Administrative Expense": 52192000.0,
        "Other Gand A": 52192000.0,
        "Gross Profit": 49636000.0,
        "Cost Of Revenue": 142003000.0,
        "Total Revenue": 191639000.0,
        "Operating Revenue": 191639000.0
    },
    "2022-03-31": {
        "Diluted EPS": -1.02,
        "Total Revenue": 28,
        "Gross Profit": 5,
        "Operating Income": -17,
        "EBIT": -17,
        "Net Income": -13
    },
    "2021-12-31": {
        "Diluted EPS": -0.41,
        "Total Revenue": 47,
        "Gross Profit": 17,
        "Operating Income": -8,
        "EBIT": -8,
        "Net Income": -5
    },
    "2021-09-30": {
        "Diluted EPS": -1.74,
        "Total Revenue": 38,
        "Gross Profit": 14,
        "Operating Income": -32,
        "EBIT": -32,
        "Net Income": -21
    },
    "2021-06-30": {
        "Diluted EPS": -0.12,
        "Total Revenue": 40,
        "Gross Profit": 19,
        "Operating Income": -5,
        "EBIT": -5,
        "Net Income": -1
    },
    "2021-03-31": {
        "Diluted EPS": -0.36,
        "Total Revenue": 35,
        "Gross Profit": 18,
        "Operating Income": -6,
        "EBIT": -6,
        "Net Income": -5
    },
    "2020-12-31": {
        "Diluted EPS": 5.88,
        "Total Revenue": 58,
        "Gross Profit": 30,
        "Operating Income": 1,
        "EBIT": 1,
        "Net Income": 70
    },
    "2020-09-30": {
        "Diluted EPS": 0.0,
        "Total Revenue": 45,
        "Gross Profit": 23,
        "Operating Income": -4,
        "EBIT": -4,
        "Net Income": 0
    },
    "2020-06-30": {
        "Diluted EPS": -0.18,
        "Total Revenue": 44,
        "Gross Profit": 27,
        "Operating Income": 4,
        "EBIT": 4,
        "Net Income": 0
    },
    "2020-03-31": {
        "Diluted EPS": -0.9,
        "Total Revenue": 39,
        "Gross Profit": 21,
        "Operating Income": -16,
        "EBIT": -16,
        "Net Income": -11
    },
    "2019-12-31": {
        "Diluted EPS": 10.92,
        "Total Revenue": 67,
        "Gross Profit": 37,
        "Operating Income": -13,
        "EBIT": -13,
        "Net Income": 132
    },
    "2019-09-30": {
        "Diluted EPS": 0.06,
        "Total Revenue": 53,
        "Gross Profit": 26,
        "Operating Income": -2,
        "EBIT": -2,
        "Net Income": 1
    },
    "2019-06-30": {
        "Diluted EPS": -0.84,
        "Total Revenue": 58,
        "Gross Profit": 31,
        "Operating Income": -12,
        "EBIT": -12,
        "Net Income": -10
    },
    "2019-03-31": {
        "Diluted EPS": -1.5,
        "Total Revenue": 42,
        "Gross Profit": 16,
        "Operating Income": -18,
        "EBIT": -18,
        "Net Income": -18
    },
    "2018-12-31": {
        "Diluted EPS": -0.42,
        "Total Revenue": 52,
        "Gross Profit": 28,
        "Operating Income": -5,
        "EBIT": -5,
        "Net Income": -5
    },
    "2018-09-30": {
        "Diluted EPS": -0.18,
        "Total Revenue": 48,
        "Gross Profit": 26,
        "Operating Income": -8,
        "EBIT": -8,
        "Net Income": -2
    },
    "2018-06-30": {
        "Diluted EPS": 0.6,
        "Total Revenue": 55,
        "Gross Profit": 35,
        "Operating Income": 4,
        "EBIT": 4,
        "Net Income": 7
    },
    "2018-03-31": {
        "Diluted EPS": -0.78,
        "Total Revenue": 45,
        "Gross Profit": 25,
        "Operating Income": -9,
        "EBIT": -9,
        "Net Income": -9
    },
    "2017-12-31": {
        "Diluted EPS": 0.18,
        "Total Revenue": 77,
        "Gross Profit": 42,
        "Operating Income": -1,
        "EBIT": -1,
        "Net Income": 2
    },
    "2017-09-30": {
        "Diluted EPS": 0.42,
        "Total Revenue": 64,
        "Gross Profit": 36,
        "Operating Income": 5,
        "EBIT": 5,
        "Net Income": 5
    },
    "2017-06-30": {
        "Diluted EPS": 0.3,
        "Total Revenue": 58,
        "Gross Profit": 33,
        "Operating Income": 4,
        "EBIT": 4,
        "Net Income": 4
    },
    "2017-03-31": {
        "Diluted EPS": -0.42,
        "Total Revenue": 43,
        "Gross Profit": 19,
        "Operating Income": -6,
        "EBIT": -6,
        "Net Income": -5
    },
    "2016-12-31": {
        "Diluted EPS": 0.48,
        "Total Revenue": 51,
        "Gross Profit": 26,
        "Operating Income": 3,
        "EBIT": 3,
        "Net Income": 5
    },
    "2016-09-30": {
        "Diluted EPS": 0.42,
        "Total Revenue": 54,
        "Gross Profit": 27,
        "Operating Income": 4,
        "EBIT": 4,
        "Net Income": 5
    },
    "2016-06-30": {
        "Diluted EPS": -0.06,
        "Total Revenue": 53,
        "Gross Profit": 26,
        "Operating Income": -3,
        "EBIT": -3,
        "Net Income": 0
    },
    "2016-03-31": {
        "Diluted EPS": 0.12,
        "Total Revenue": 50,
        "Gross Profit": 26,
        "Operating Income": 1,
        "EBIT": 1,
        "Net Income": 2
    },
    "2015-12-31": {
        "Diluted EPS": 0.54,
        "Total Revenue": 67,
        "Gross Profit": 38,
        "Operating Income": 12,
        "EBIT": 12,
        "Net Income": 6
    },
    "2015-09-30": {
        "Diluted EPS": 0.3,
        "Total Revenue": 61,
        "Gross Profit": 28,
        "Operating Income": 1,
        "EBIT": 1,
        "Net Income": 3
    },
    "2015-06-30": {
        "Diluted EPS": 0.3,
        "Total Revenue": 68,
        "Gross Profit": 32,
        "Operating Income": 4,
        "EBIT": 4,
        "Net Income": 4
    },
    "2015-03-31": {
        "Diluted EPS": -0.18,
        "Total Revenue": 59,
        "Gross Profit": 28,
        "Operating Income": 1,
        "EBIT": 1,
        "Net Income": -2
    },
    "2014-12-31": {
        "Diluted EPS": 0.6,
        "Total Revenue": 71,
        "Gross Profit": 37,
        "Operating Income": 8,
        "EBIT": 8,
        "Net Income": 8
    },
    "2014-09-30": {
        "Diluted EPS": 0.9,
        "Total Revenue": 70,
        "Gross Profit": 37,
        "Operating Income": 11,
        "EBIT": 11,
        "Net Income": 11
    },
    "2014-06-30": {
        "Diluted EPS": 1.08,
        "Total Revenue": 66,
        "Gross Profit": 34,
        "Operating Income": 13,
        "EBIT": 13,
        "Net Income": 14
    },
    "2014-03-31": {
        "Diluted EPS": 0.78,
        "Total Revenue": 57,
        "Gross Profit": 29,
        "Operating Income": 7,
        "EBIT": 7,
        "Net Income": 10
    },
    "2013-12-31": {
        "Diluted EPS": 1.08,
        "Total Revenue": 66,
        "Gross Profit": 34,
        "Operating Income": 9,
        "EBIT": 9,
        "Net Income": 14
    },
    "2013-09-30": {
        "Diluted EPS": 1.02,
        "Total Revenue": 62,
        "Gross Profit": 30,
        "Operating Income": 12,
        "EBIT": 12,
        "Net Income": 13
    },
    "2013-06-30": {
        "Diluted EPS": 0.96,
        "Total Revenue": 59,
        "Gross Profit": 31,
        "Operating Income": 12,
        "EBIT": 12,
        "Net Income": 13
    },
    "2013-03-31": {
        "Diluted EPS": 0.48,
        "Total Revenue": 45,
        "Gross Profit": 22,
        "Operating Income": 5,
        "EBIT": 5,
        "Net Income": 6
    },
    "2012-12-31": {
        "Diluted EPS": 0.36,
        "Total Revenue": 49,
        "Gross Profit": 21,
        "Operating Income": 1,
        "EBIT": 1,
        "Net Income": 4
    },
    "2012-09-30": {
        "Diluted EPS": 0.12,
        "Total Revenue": 46,
        "Gross Profit": 18,
        "Operating Income": 1,
        "EBIT": 1,
        "Net Income": 2
    },
    "2012-06-30": {
        "Diluted EPS": 0.42,
        "Total Revenue": 45,
        "Gross Profit": 20,
        "Operating Income": 6,
        "EBIT": 6,
        "Net Income": 6
    },
    "2012-03-31": {
        "Diluted EPS": 0.36,
        "Total Revenue": 38,
        "Gross Profit": 17,
        "Operating Income": 4,
        "EBIT": 4,
        "Net Income": 5
    },
    "2011-12-31": {
        "Diluted EPS": 0.42,
        "Total Revenue": 45,
        "Gross Profit": 17,
        "Operating Income": 2,
        "EBIT": 2,
        "Net Income": 6
    },
    "2011-09-30": {
        "Diluted EPS": 0.66,
        "Total Revenue": 42,
        "Gross Profit": 19,
        "Operating Income": 7,
        "EBIT": 7,
        "Net Income": 9
    },
    "2011-06-30": {
        "Diluted EPS": -5.4,
        "Total Revenue": 35,
        "Gross Profit": 16,
        "Operating Income": 6,
        "EBIT": 6,
        "Net Income": 6
    },
    "2011-03-31": {
        "Diluted EPS": -11.82,
        "Total Revenue": 26,
        "Gross Profit": 9,
        "Operating Income": -4,
        "EBIT": -4,
        "Net Income": -4
    },
    "2010-12-31": {
        "Diluted EPS": -0.3,
        "Total Revenue": 24,
        "Gross Profit": 24,
        "Operating Income": 24,
        "EBIT": 24,
        "Net Income": 2
    },
    "2010-09-30": {
        "Diluted EPS": -1.32,
        "Total Revenue": 22,
        "Gross Profit": 22,
        "Operating Income": 22,
        "EBIT": 22,
        "Net Income": 4
    },
    "2010-06-30": {
        "Diluted EPS": -1.08,
        "Total Revenue": 18,
        "Gross Profit": 18,
        "Operating Income": 18,
        "EBIT": 18,
        "Net Income": 3
    },
    "2010-03-31": {
        "Diluted EPS": -0.84,
        "Total Revenue": 14,
        "Gross Profit": 14,
        "Operating Income": 14,
        "EBIT": 14,
        "Net Income": 2
    },
    "2023-06-30": {
        "Tax Effect Of Unusual Items": -1806250.0,
        "Tax Rate For Calcs": 0.25,
        "Normalized EBITDA": -28448000.0,
        "Total Unusual Items": -7225000.0,
        "Total Unusual Items Excluding Goodwill": -7225000.0,
        "Net Income From Continuing Operation Net Minority Interest": -31331000.0,
        "Reconciled Cost Of Revenue": 124270000.0,
        "EBITDA": -35673000.0,
        "EBIT": -35673000.0,
        "Net Interest Income": 9005000.0,
        "Interest Income": 9005000.0,
        "Normalized Income": -25912250.0,
        "Net Income From Continuing And Discontinued Operation": -31331000.0,
        "Total Expenses": 215880000.0,
        "Total Operating Income As Reported": -35673000.0,
        "Diluted Average Shares": 12131757.0,
        "Basic Average Shares": 12131757.0,
        "Diluted EPS": -2.4,
        "Basic EPS": -2.4,
        "Diluted NI Availto Com Stockholders": -31331000.0,
        "Net Income Common Stockholders": -31331000.0,
        "Net Income": -31331000.0,
        "Minority Interests": 331000.0,
        "Net Income Including Noncontrolling Interests": -31662000.0,
        "Net Income Continuous Operations": -31662000.0,
        "Tax Provision": 429000.0,
        "Pretax Income": -31233000.0,
        "Other Income Expense": -4565000.0,
        "Other Non Operating Income Expenses": 2501000.0,
        "Special Income Charges": 0.0,
        "Write Off": 0.0,
        "Earnings From Equity Interest": 159000.0,
        "Gain On Sale Of Security": -7225000.0,
        "Net Non Operating Interest Income Expense": 9005000.0,
        "Interest Income Non Operating": 9005000.0,
        "Operating Income": -35673000.0,
        "Operating Expense": 91610000.0,
        "Research And Development": 20988000.0,
        "Selling General And Administration": 70622000.0,
        "Selling And Marketing Expense": 28476000.0,
        "General And Administrative Expense": 42146000.0,
        "Other Gand A": 42146000.0,
        "Gross Profit": 55937000.0,
        "Cost Of Revenue": 124270000.0,
        "Total Revenue": 180207000.0,
        "Operating Revenue": 180207000.0
    },
    "2023-09-30": {
        "Tax Effect Of Unusual Items": 276554.441715,
        "Tax Rate For Calcs": 0.146248,
        "Normalized EBITDA": -40439000.0,
        "Total Unusual Items": 1891000.0,
        "Total Unusual Items Excluding Goodwill": 1891000.0,
        "Net Income From Continuing Operation Net Minority Interest": -21495000.0,
        "Reconciled Cost Of Revenue": 101249000.0,
        "EBITDA": -38548000.0,
        "EBIT": -38548000.0,
        "Net Interest Income": 9475000.0,
        "Interest Income": 9475000.0,
        "Normalized Income": -23109445.558285,
        "Net Income From Continuing And Discontinued Operation": -21495000.0,
        "Total Expenses": 192156000.0,
        "Total Operating Income As Reported": -38548000.0,
        "Diluted Average Shares": 12131757.0,
        "Basic Average Shares": 12131757.0,
        "Diluted EPS": -1.92,
        "Basic EPS": -1.92,
        "Diluted NI Availto Com Stockholders": -21495000.0,
        "Net Income Common Stockholders": -21495000.0,
        "Net Income": -21495000.0,
        "Minority Interests": 52000.0,
        "Net Income Including Noncontrolling Interests": -21547000.0,
        "Net Income Continuous Operations": -21547000.0,
        "Tax Provision": -3691000.0,
        "Pretax Income": -25238000.0,
        "Other Income Expense": 3835000.0,
        "Other Non Operating Income Expenses": 2190000.0,
        "Special Income Charges": 0.0,
        "Write Off": 0.0,
        "Earnings From Equity Interest": -246000.0,
        "Gain On Sale Of Security": 1891000.0,
        "Net Non Operating Interest Income Expense": 9475000.0,
        "Interest Income Non Operating": 9475000.0,
        "Operating Income": -38548000.0,
        "Operating Expense": 90907000.0,
        "Research And Development": 18318000.0,
        "Selling General And Administration": 72589000.0,
        "Selling And Marketing Expense": 38481000.0,
        "General And Administrative Expense": 34108000.0,
        "Other Gand A": 34108000.0,
        "Gross Profit": 52359000.0,
        "Cost Of Revenue": 101249000.0,
        "Total Revenue": 153608000.0,
        "Operating Revenue": 153608000.0
    },
    "2023-12-31": {
        "Tax Effect Of Unusual Items": 380250.0,
        "Tax Rate For Calcs": 0.25,
        "Normalized EBITDA": 21407000.0,
        "Total Unusual Items": 1521000.0,
        "Total Unusual Items Excluding Goodwill": 1521000.0,
        "Net Income From Continuing Operation Net Minority Interest": 8118000.0,
        "Reconciled Cost Of Revenue": 120538000.0,
        "EBITDA": 22928000.0,
        "EBIT": 22928000.0,
        "Net Interest Income": 7597000.0,
        "Interest Income": 7597000.0,
        "Normalized Income": 6977250.0,
        "Net Income From Continuing And Discontinued Operation": 8118000.0,
        "Total Expenses": 188911000.0,
        "Total Operating Income As Reported": 22928000.0,
        "Diluted Average Shares": 12124938.0,
        "Basic Average Shares": 12124938.0,
        "Diluted EPS": 0.48,
        "Basic EPS": 0.48,
        "Diluted NI Availto Com Stockholders": 8118000.0,
        "Net Income Common Stockholders": 8118000.0,
        "Net Income": 8118000.0,
        "Minority Interests": 901000.0,
        "Net Income Including Noncontrolling Interests": 7217000.0,
        "Net Income Continuous Operations": 7217000.0,
        "Tax Provision": 17719000.0,
        "Pretax Income": 24936000.0,
        "Other Income Expense": -5589000.0,
        "Other Non Operating Income Expenses": 3667000.0,
        "Special Income Charges": 0.0,
        "Write Off": 0.0,
        "Earnings From Equity Interest": -10777000.0,
        "Gain On Sale Of Security": 1521000.0,
        "Net Non Operating Interest Income Expense": 7597000.0,
        "Interest Income Non Operating": 7597000.0,
        "Operating Income": 22928000.0,
        "Operating Expense": 68373000.0,
        "Research And Development": 18284000.0,
        "Selling General And Administration": 50089000.0,
        "Selling And Marketing Expense": 48932000.0,
        "General And Administrative Expense": 1157000.0,
        "Other Gand A": 1157000.0,
        "Gross Profit": 91301000.0,
        "Cost Of Revenue": 120538000.0,
        "Total Revenue": 211839000.0,
        "Operating Revenue": 211839000.0
    },
    "2024-03-31": {
        "Tax Effect Of Unusual Items": -128800.0,
        "Tax Rate For Calcs": 0.4,
        "Normalized EBITDA": -36212000.0,
        "Total Unusual Items": -322000.0,
        "Total Unusual Items Excluding Goodwill": -322000.0,
        "Net Income From Continuing Operation Net Minority Interest": -26014000.0,
        "Reconciled Cost Of Revenue": 108963000.0,
        "EBITDA": -36534000.0,
        "EBIT": -36534000.0,
        "Net Interest Income": 10137000.0,
        "Interest Income": 10137000.0,
        "Normalized Income": -25820800.0,
        "Net Income From Continuing And Discontinued Operation": -26014000.0,
        "Total Expenses": 189526000.0,
        "Total Operating Income As Reported": -36534000.0,
        "Diluted Average Shares": 12033971.0,
        "Basic Average Shares": 12033971.0,
        "Diluted EPS": -2.4,
        "Basic EPS": -2.4,
        "Diluted NI Availto Com Stockholders": -26014000.0,
        "Net Income Common Stockholders": -26014000.0,
        "Net Income": -26014000.0,
        "Minority Interests": 1016000.0,
        "Net Income Including Noncontrolling Interests": -27030000.0,
        "Net Income Continuous Operations": -27030000.0,
        "Tax Provision": 208000.0,
        "Pretax Income": -26822000.0,
        "Other Income Expense": -425000.0,
        "Other Non Operating Income Expenses": 86000.0,
        "Special Income Charges": NaN,
        "Write Off": NaN,
        "Earnings From Equity Interest": -189000.0,
        "Gain On Sale Of Security": -322000.0,
        "Net Non Operating Interest Income Expense": 10137000.0,
        "Interest Income Non Operating": 10137000.0,
        "Operating Income": -36534000.0,
        "Operating Expense": 80563000.0,
        "Research And Development": 17550000.0,
        "Selling General And Administration": 63013000.0,
        "Selling And Marketing Expense": 36882000.0,
        "General And Administrative Expense": 26131000.0,
        "Other Gand A": 26131000.0,
        "Gross Profit": 44029000.0,
        "Cost Of Revenue": 108963000.0,
        "Total Revenue": 152992000.0,
        "Operating Revenue": 152992000.0
    }
}