{
    "2023-03-31": {
        "Tax Effect Of Unusual Items": -569520.0,
        "Tax Rate For Calcs": 0.21,
        "Normalized EBITDA": 15177000.0,
        "Total Unusual Items": -2712000.0,
        "Total Unusual Items Excluding Goodwill": -2712000.0,
        "Net Income From Continuing Operation Net Minority Interest": -3486000.0,
        "Reconciled Depreciation": 8586000.0,
        "Reconciled Cost Of Revenue": 136855000.0,
        "EBITDA": 12465000.0,
        "EBIT": 3879000.0,
        "Net Interest Income": -4549000.0,
        "Interest Expense": 4549000.0,
        "Normalized Income": -1343520.0,
        "Net Income From Continuing And Discontinued Operation": -3486000.0,
        "Total Expenses": 182366000.0,
        "Total Operating Income As Reported": 6851000.0,
        "Diluted Average Shares": 10179000.0,
        "Basic Average Shares": 10179000.0,
        "Diluted EPS": -0.34,
        "Basic EPS": -0.34,
        "Diluted NI Availto Com Stockholders": -3486000.0,
        "Average Dilution Earnings": NaN,
        "Net Income Common Stockholders": -3486000.0,
        "Net Income": -3486000.0,
        "Net Income Including Noncontrolling Interests": -3486000.0,
        "Net Income Continuous Operations": -3486000.0,
        "Tax Provision": 2816000.0,
        "Pretax Income": -670000.0,
        "Other Income Expense": -2712000.0,
        "Special Income Charges": 260000.0,
        "Gain On Sale Of Ppe": 260000.0,
        "Restructuring And Mergern Acquisition": 0.0,
        "Gain On Sale Of Security": -2972000.0,
        "Net Non Operating Interest Income Expense": -4549000.0,
        "Interest Expense Non Operating": 4549000.0,
        "Operating Income": 6591000.0,
        "Operating Expense": 45511000.0,
        "Selling General And Administration": 45511000.0,
        "Gross Profit": 52102000.0,
        "Cost Of Revenue": 136855000.0,
        "Total Revenue": 188957000.0,
        "Operating Revenue": 188957000.0
    },
    "2022-12-31": {
        "Tax Effect Of Unusual Items": -1098510.0,
        "Tax Rate For Calcs": 0.21,
        "Normalized EBITDA": 10828000.0,
        "Total Unusual Items": -5231000.0,
        "Total Unusual Items Excluding Goodwill": -5231000.0,
        "Net Income From Continuing Operation Net Minority Interest": -12830000.0,
        "Reconciled Depreciation": 8813000.0,
        "Reconciled Cost Of Revenue": 140687000.0,
        "EBITDA": 5597000.0,
        "EBIT": -3216000.0,
        "Net Interest Income": -7916000.0,
        "Interest Expense": 7916000.0,
        "Normalized Income": -8697510.0,
        "Net Income From Continuing And Discontinued Operation": -12830000.0,
        "Total Expenses": 188643000.0,
        "Total Operating Income As Reported": 9348000.0,
        "Diluted Average Shares": 5800000.0,
        "Basic Average Shares": 5800000.0,
        "Diluted EPS": -2.22,
        "Basic EPS": -2.22,
        "Diluted NI Availto Com Stockholders": -21116000.0,
        "Average Dilution Earnings": NaN,
        "Net Income Common Stockholders": -12830000.0,
        "Net Income": -12830000.0,
        "Net Income Including Noncontrolling Interests": -12830000.0,
        "Net Income Continuous Operations": -12830000.0,
        "Tax Provision": 1698000.0,
        "Pretax Income": -11132000.0,
        "Other Income Expense": -5231000.0,
        "Special Income Charges": 7333000.0,
        "Gain On Sale Of Ppe": 333000.0,
        "Gain On Sale Of Security": -12564000.0,
        "Net Non Operating Interest Income Expense": -7916000.0,
        "Interest Expense Non Operating": 7916000.0,
        "Operating Income": 2015000.0,
        "Operating Expense": 47956000.0,
        "Selling General And Administration": 47956000.0,
        "Gross Profit": 49971000.0,
        "Cost Of Revenue": 140687000.0,
        "Total Revenue": 190658000.0,
        "Operating Revenue": 190658000.0
    },
    "2022-09-30": {
        "Tax Effect Of Unusual Items": 1407844.455651,
        "Tax Rate For Calcs": 0.076764,
        "Normalized EBITDA": 16689000.0,
        "Total Unusual Items": 18340000.0,
        "Total Unusual Items Excluding Goodwill": 18340000.0,
        "Net Income From Continuing Operation Net Minority Interest": 16477000.0,
        "Reconciled Depreciation": 9039000.0,
        "Reconciled Cost Of Revenue": 130472000.0,
        "EBITDA": 35029000.0,
        "EBIT": 25990000.0,
        "Net Interest Income": -8143000.0,
        "Interest Expense": 8143000.0,
        "Normalized Income": -455155.544349,
        "Net Income From Continuing And Discontinued Operation": 16477000.0,
        "Total Expenses": 174185000.0,
        "Total Operating Income As Reported": 7702000.0,
        "Diluted Average Shares": 10552000.0,
        "Basic Average Shares": 5778000.0,
        "Diluted EPS": 1.82,
        "Basic EPS": 2.85,
        "Diluted NI Availto Com Stockholders": 19239000.0,
        "Average Dilution Earnings": 2762000.0,
        "Net Income Common Stockholders": 16477000.0,
        "Net Income": 16477000.0,
        "Net Income Including Noncontrolling Interests": 16477000.0,
        "Net Income Continuous Operations": 16477000.0,
        "Tax Provision": 1370000.0,
        "Pretax Income": 17847000.0,
        "Other Income Expense": 18340000.0,
        "Special Income Charges": 52000.0,
        "Gain On Sale Of Ppe": 52000.0,
        "Other Special Charges": NaN,
        "Gain On Sale Of Security": 18288000.0,
        "Net Non Operating Interest Income Expense": -8143000.0,
        "Interest Expense Non Operating": 8143000.0,
        "Operating Income": 7650000.0,
        "Operating Expense": 43713000.0,
        "Selling General And Administration": 43713000.0,
        "Gross Profit": 51363000.0,
        "Cost Of Revenue": 130472000.0,
        "Total Revenue": 181835000.0,
        "Operating Revenue": 181835000.0
    },
    "2022-06-30": {
        "Tax Effect Of Unusual Items": 2148281.967213,
        "Tax Rate For Calcs": 0.156284,
        "Normalized EBITDA": 14561000.0,
        "Total Unusual Items": 13746000.0,
        "Total Unusual Items Excluding Goodwill": 13746000.0,
        "Net Income From Continuing Operation Net Minority Interest": 9264000.0,
        "Reconciled Depreciation": 9485000.0,
        "Reconciled Cost Of Revenue": 123673000.0,
        "EBITDA": 28307000.0,
        "EBIT": 18822000.0,
        "Net Interest Income": -7842000.0,
        "Interest Expense": 7842000.0,
        "Normalized Income": -2333718.032787,
        "Net Income From Continuing And Discontinued Operation": 9264000.0,
        "Total Expenses": 167170000.0,
        "Total Operating Income As Reported": 5984000.0,
        "Diluted Average Shares": 10481000.0,
        "Basic Average Shares": 5747000.0,
        "Diluted EPS": 1.15,
        "Basic EPS": 1.61,
        "Diluted NI Availto Com Stockholders": 12026000.0,
        "Average Dilution Earnings": 2762000.0,
        "Net Income Common Stockholders": 9264000.0,
        "Net Income": 9264000.0,
        "Net Income Including Noncontrolling Interests": 9264000.0,
        "Net Income Continuous Operations": 9264000.0,
        "Tax Provision": 1716000.0,
        "Pretax Income": 10980000.0,
        "Other Income Expense": 13746000.0,
        "Special Income Charges": 908000.0,
        "Gain On Sale Of Ppe": 908000.0,
        "Other Special Charges": NaN,
        "Gain On Sale Of Security": 12838000.0,
        "Net Non Operating Interest Income Expense": -7842000.0,
        "Interest Expense Non Operating": 7842000.0,
        "Operating Income": 5076000.0,
        "Operating Expense": 43497000.0,
        "Selling General And Administration": 43497000.0,
        "Gross Profit": 48573000.0,
        "Cost Of Revenue": 123673000.0,
        "Total Revenue": 172246000.0,
        "Operating Revenue": 172246000.0
    },
    "2022-03-31": {
        "Diluted EPS": -1.62,
        "Total Revenue": 155,
        "Gross Profit": 39,
        "Operating Income": -6,
        "EBIT": 4,
        "Net Income": -9
    },
    "2021-12-31": {
        "Diluted EPS": -3.45,
        "Total Revenue": 148,
        "Gross Profit": 30,
        "Operating Income": -13,
        "EBIT": -3,
        "Net Income": -20
    },
    "2021-09-30": {
        "Diluted EPS": -2.05,
        "Total Revenue": 141,
        "Gross Profit": 35,
        "Operating Income": -7,
        "EBIT": 3,
        "Net Income": -12
    },
    "2021-06-30": {
        "Diluted EPS": -3.87,
        "Total Revenue": 137,
        "Gross Profit": 32,
        "Operating Income": -10,
        "EBIT": 1,
        "Net Income": -22
    },
    "2021-03-31": {
        "Diluted EPS": -5.28,
        "Total Revenue": 115,
        "Gross Profit": 26,
        "Operating Income": -14,
        "EBIT": -3,
        "Net Income": -30
    },
    "2020-12-31": {
        "Diluted EPS": -5.85,
        "Total Revenue": 113,
        "Gross Profit": -59,
        "Operating Income": -104,
        "EBIT": -113,
        "Net Income": -33
    },
    "2020-09-30": {
        "Diluted EPS": -3.86,
        "Total Revenue": 104,
        "Gross Profit": 13,
        "Operating Income": -37,
        "EBIT": -4,
        "Net Income": -22
    },
    "2020-06-30": {
        "Diluted EPS": -0.98,
        "Total Revenue": 113,
        "Gross Profit": 13,
        "Operating Income": -35,
        "EBIT": -40,
        "Net Income": -5
    },
    "2020-03-31": {
        "Diluted EPS": -6.68,
        "Total Revenue": 183,
        "Gross Profit": 22,
        "Operating Income": -55,
        "EBIT": -24,
        "Net Income": -37
    },
    "2019-12-31": {
        "Diluted EPS": -2.61,
        "Total Revenue": 200,
        "Gross Profit": 49,
        "Operating Income": -8,
        "EBIT": -525,
        "Net Income": -12
    },
    "2019-09-30": {
        "Diluted EPS": -96.6,
        "Total Revenue": 239,
        "Gross Profit": 63,
        "Operating Income": -533,
        "EBIT": 15,
        "Net Income": -533
    },
    "2019-06-30": {
        "Diluted EPS": -2.4,
        "Total Revenue": 246,
        "Gross Profit": 63,
        "Operating Income": 1,
        "EBIT": 17,
        "Net Income": -14
    },
    "2019-03-31": {
        "Diluted EPS": -1.4,
        "Total Revenue": 272,
        "Gross Profit": 70,
        "Operating Income": 4,
        "EBIT": 21,
        "Net Income": -8
    },
    "2018-12-31": {
        "Diluted EPS": -70.4,
        "Total Revenue": 273,
        "Gross Profit": 42,
        "Operating Income": -381,
        "EBIT": 1,
        "Net Income": -384
    },
    "2018-09-30": {
        "Diluted EPS": -0.6,
        "Total Revenue": 267,
        "Gross Profit": 75,
        "Operating Income": 2,
        "EBIT": 7,
        "Net Income": -3
    },
    "2018-06-30": {
        "Diluted EPS": -2.8,
        "Total Revenue": 274,
        "Gross Profit": 73,
        "Operating Income": -12,
        "EBIT": 21,
        "Net Income": -15
    },
    "2018-03-31": {
        "Diluted EPS": 5.0,
        "Total Revenue": 250,
        "Gross Profit": 67,
        "Operating Income": -7,
        "EBIT": 12,
        "Net Income": 28
    },
    "2017-12-31": {
        "Diluted EPS": 10.4,
        "Total Revenue": 248,
        "Gross Profit": 53,
        "Operating Income": -27,
        "EBIT": -7,
        "Net Income": 49
    },
    "2017-09-30": {
        "Diluted EPS": -3.0,
        "Total Revenue": 199,
        "Gross Profit": 48,
        "Operating Income": -14,
        "EBIT": 70,
        "Net Income": -15
    },
    "2017-06-30": {
        "Diluted EPS": -16.2,
        "Total Revenue": 201,
        "Gross Profit": 49,
        "Operating Income": -80,
        "EBIT": -65,
        "Net Income": -78
    },
    "2017-03-31": {
        "Diluted EPS": -3.2,
        "Total Revenue": 171,
        "Gross Profit": 39,
        "Operating Income": -21,
        "EBIT": -5,
        "Net Income": -16
    },
    "2016-12-31": {
        "Diluted EPS": -2.8,
        "Total Revenue": 147,
        "Gross Profit": 31,
        "Operating Income": -25,
        "EBIT": -10,
        "Net Income": -13
    },
    "2016-09-30": {
        "Diluted EPS": -4.0,
        "Total Revenue": 138,
        "Gross Profit": 29,
        "Operating Income": -26,
        "EBIT": -11,
        "Net Income": -18
    },
    "2016-06-30": {
        "Diluted EPS": -6.2,
        "Total Revenue": 143,
        "Gross Profit": 5,
        "Operating Income": -53,
        "EBIT": -37,
        "Net Income": -29
    },
    "2016-03-31": {
        "Diluted EPS": -5.0,
        "Total Revenue": 159,
        "Gross Profit": 35,
        "Operating Income": -25,
        "EBIT": -9,
        "Net Income": -23
    },
    "2015-12-31": {
        "Diluted EPS": -36.2,
        "Total Revenue": 196,
        "Gross Profit": 3,
        "Operating Income": -189,
        "EBIT": -47,
        "Net Income": -164
    },
    "2015-09-30": {
        "Diluted EPS": 1.4,
        "Total Revenue": 245,
        "Gross Profit": 66,
        "Operating Income": 12,
        "EBIT": 29,
        "Net Income": 7
    },
    "2015-06-30": {
        "Diluted EPS": 2.0,
        "Total Revenue": 284,
        "Gross Profit": 85,
        "Operating Income": 22,
        "EBIT": 39,
        "Net Income": 9
    },
    "2015-03-31": {
        "Diluted EPS": 6.2,
        "Total Revenue": 348,
        "Gross Profit": 109,
        "Operating Income": 40,
        "EBIT": 57,
        "Net Income": 29
    },
    "2014-12-31": {
        "Diluted EPS": 10.0,
        "Total Revenue": 439,
        "Gross Profit": 141,
        "Operating Income": 65,
        "EBIT": 81,
        "Net Income": 46
    },
    "2014-09-30": {
        "Diluted EPS": 10.8,
        "Total Revenue": 469,
        "Gross Profit": 152,
        "Operating Income": 76,
        "EBIT": 93,
        "Net Income": 52
    },
    "2014-06-30": {
        "Diluted EPS": 8.2,
        "Total Revenue": 428,
        "Gross Profit": 138,
        "Operating Income": 66,
        "EBIT": 82,
        "Net Income": 40
    },
    "2014-03-31": {
        "Diluted EPS": 7.6,
        "Total Revenue": 404,
        "Gross Profit": 128,
        "Operating Income": 61,
        "EBIT": 77,
        "Net Income": 37
    },
    "2013-12-31": {
        "Diluted EPS": 7.2,
        "Total Revenue": 394,
        "Gross Profit": 121,
        "Operating Income": 57,
        "EBIT": 74,
        "Net Income": 35
    },
    "2013-09-30": {
        "Diluted EPS": 7.0,
        "Total Revenue": 390,
        "Gross Profit": 125,
        "Operating Income": 56,
        "EBIT": 72,
        "Net Income": 33
    },
    "2013-06-30": {
        "Diluted EPS": 6.4,
        "Total Revenue": 368,
        "Gross Profit": 114,
        "Operating Income": 47,
        "EBIT": 61,
        "Net Income": 30
    },
    "2013-03-31": {
        "Diluted EPS": 6.8,
        "Total Revenue": 373,
        "Gross Profit": 115,
        "Operating Income": 49,
        "EBIT": 63,
        "Net Income": 32
    },
    "2012-12-31": {
        "Diluted EPS": 4.8,
        "Total Revenue": 330,
        "Gross Profit": 97,
        "Operating Income": 38,
        "EBIT": 52,
        "Net Income": 24
    },
    "2012-09-30": {
        "Diluted EPS": 8.8,
        "Total Revenue": 348,
        "Gross Profit": 116,
        "Operating Income": 63,
        "EBIT": 76,
        "Net Income": 41
    },
    "2012-06-30": {
        "Diluted EPS": 9.8,
        "Total Revenue": 374,
        "Gross Profit": 123,
        "Operating Income": 70,
        "EBIT": 83,
        "Net Income": 44
    },
    "2012-03-31": {
        "Diluted EPS": 11.4,
        "Total Revenue": 363,
        "Gross Profit": 126,
        "Operating Income": 70,
        "EBIT": 82,
        "Net Income": 42
    },
    "2011-12-31": {
        "Diluted EPS": 9.6,
        "Total Revenue": 337,
        "Gross Profit": 114,
        "Operating Income": 51,
        "EBIT": 63,
        "Net Income": 32
    },
    "2011-09-30": {
        "Diluted EPS": 9.6,
        "Total Revenue": 331,
        "Gross Profit": 113,
        "Operating Income": 61,
        "EBIT": 73,
        "Net Income": 36
    },
    "2011-06-30": {
        "Diluted EPS": 4.4,
        "Total Revenue": 257,
        "Gross Profit": 77,
        "Operating Income": 26,
        "EBIT": 35,
        "Net Income": 14
    },
    "2011-03-31": {
        "Diluted EPS": 4.0,
        "Total Revenue": 203,
        "Gross Profit": 59,
        "Operating Income": 23,
        "EBIT": 30,
        "Net Income": 12
    },
    "2010-09-30": {
        "Diluted EPS": 0.0,
        "Total Revenue": NaN,
        "Gross Profit": NaN,
        "Operating Income": NaN,
        "EBIT": NaN,
        "Net Income": NaN
    },
    "2010-06-30": {
        "Diluted EPS": 0.0,
        "Total Revenue": NaN,
        "Gross Profit": NaN,
        "Operating Income": NaN,
        "EBIT": NaN,
        "Net Income": NaN
    },
    "2023-06-30": {
        "Tax Effect Of Unusual Items": -1465380.0,
        "Tax Rate For Calcs": 0.21,
        "Normalized EBITDA": 15433000.0,
        "Total Unusual Items": -6978000.0,
        "Total Unusual Items Excluding Goodwill": -6978000.0,
        "Net Income From Continuing Operation Net Minority Interest": -6579000.0,
        "Reconciled Depreciation": 8484000.0,
        "Reconciled Cost Of Revenue": 134143000.0,
        "EBITDA": 8455000.0,
        "EBIT": -29000.0,
        "Net Interest Income": -4689000.0,
        "Interest Expense": 4689000.0,
        "Normalized Income": -1066380.0,
        "Net Income From Continuing And Discontinued Operation": -6579000.0,
        "Total Expenses": 178500000.0,
        "Total Operating Income As Reported": 6407000.0,
        "Diluted Average Shares": 10210000.0,
        "Basic Average Shares": 10210000.0,
        "Diluted EPS": -0.64,
        "Basic EPS": -0.64,
        "Diluted NI Availto Com Stockholders": -6579000.0,
        "Average Dilution Earnings": 0.0,
        "Net Income Common Stockholders": -6579000.0,
        "Net Income": -6579000.0,
        "Net Income Including Noncontrolling Interests": -6579000.0,
        "Net Income Continuous Operations": -6579000.0,
        "Tax Provision": 1861000.0,
        "Pretax Income": -4718000.0,
        "Other Income Expense": -6978000.0,
        "Special Income Charges": -542000.0,
        "Gain On Sale Of Ppe": -542000.0,
        "Restructuring And Mergern Acquisition": NaN,
        "Gain On Sale Of Security": -6436000.0,
        "Net Non Operating Interest Income Expense": -4689000.0,
        "Interest Expense Non Operating": 4689000.0,
        "Operating Income": 6949000.0,
        "Operating Expense": 44357000.0,
        "Selling General And Administration": 44357000.0,
        "Gross Profit": 51306000.0,
        "Cost Of Revenue": 134143000.0,
        "Total Revenue": 185449000.0,
        "Operating Revenue": 185449000.0
    },
    "2023-09-30": {
        "Tax Effect Of Unusual Items": 1317197.543934,
        "Tax Rate For Calcs": 0.156362,
        "Normalized EBITDA": 14450000.0,
        "Total Unusual Items": 8424000.0,
        "Total Unusual Items Excluding Goodwill": 8424000.0,
        "Net Income From Continuing Operation Net Minority Interest": 7969000.0,
        "Reconciled Depreciation": 8924000.0,
        "Reconciled Cost Of Revenue": 128231000.0,
        "EBITDA": 22874000.0,
        "EBIT": 13950000.0,
        "Net Interest Income": -4504000.0,
        "Interest Expense": 4504000.0,
        "Normalized Income": 862197.543934,
        "Net Income From Continuing And Discontinued Operation": 7969000.0,
        "Total Expenses": 173727000.0,
        "Total Operating Income As Reported": 5671000.0,
        "Diluted Average Shares": 10393000.0,
        "Basic Average Shares": 10235000.0,
        "Diluted EPS": 0.77,
        "Basic EPS": 0.78,
        "Diluted NI Availto Com Stockholders": 7969000.0,
        "Average Dilution Earnings": 0.0,
        "Net Income Common Stockholders": 7969000.0,
        "Net Income": 7969000.0,
        "Net Income Including Noncontrolling Interests": 7969000.0,
        "Net Income Continuous Operations": 7969000.0,
        "Tax Provision": 1477000.0,
        "Pretax Income": 9446000.0,
        "Other Income Expense": 8424000.0,
        "Special Income Charges": 145000.0,
        "Gain On Sale Of Ppe": 145000.0,
        "Restructuring And Mergern Acquisition": NaN,
        "Gain On Sale Of Security": 8279000.0,
        "Net Non Operating Interest Income Expense": -4504000.0,
        "Interest Expense Non Operating": 4504000.0,
        "Operating Income": 5526000.0,
        "Operating Expense": 45496000.0,
        "Selling General And Administration": 45496000.0,
        "Gross Profit": 51022000.0,
        "Cost Of Revenue": 128231000.0,
        "Total Revenue": 179253000.0,
        "Operating Revenue": 179253000.0
    },
    "2023-12-31": {
        "Tax Effect Of Unusual Items": -2523150.0,
        "Tax Rate For Calcs": 0.21,
        "Normalized EBITDA": 13432000.0,
        "Total Unusual Items": -12015000.0,
        "Total Unusual Items Excluding Goodwill": -12015000.0,
        "Net Income From Continuing Operation Net Minority Interest": -16780000.0,
        "Reconciled Depreciation": 8734000.0,
        "Reconciled Cost Of Revenue": 135482000.0,
        "EBITDA": 1417000.0,
        "EBIT": -7317000.0,
        "Net Interest Income": -4555000.0,
        "Interest Expense": 4555000.0,
        "Normalized Income": -7288150.0,
        "Net Income From Continuing And Discontinued Operation": -16780000.0,
        "Total Expenses": 180507000.0,
        "Total Operating Income As Reported": 1787000.0,
        "Diluted Average Shares": 10200000.0,
        "Basic Average Shares": 10200000.0,
        "Diluted EPS": -1.64,
        "Basic EPS": -1.64,
        "Diluted NI Availto Com Stockholders": -16780000.0,
        "Average Dilution Earnings": NaN,
        "Net Income Common Stockholders": -16780000.0,
        "Net Income": -16780000.0,
        "Net Income Including Noncontrolling Interests": -16780000.0,
        "Net Income Continuous Operations": -16780000.0,
        "Tax Provision": 4908000.0,
        "Pretax Income": -11872000.0,
        "Other Income Expense": -12015000.0,
        "Special Income Charges": -2911000.0,
        "Gain On Sale Of Ppe": -19000.0,
        "Restructuring And Mergern Acquisition": NaN,
        "Gain On Sale Of Security": -9104000.0,
        "Net Non Operating Interest Income Expense": -4555000.0,
        "Interest Expense Non Operating": 4555000.0,
        "Operating Income": 4698000.0,
        "Operating Expense": 45025000.0,
        "Selling General And Administration": 45025000.0,
        "Gross Profit": 49723000.0,
        "Cost Of Revenue": 135482000.0,
        "Total Revenue": 185205000.0,
        "Operating Revenue": 185205000.0
    },
    "2024-03-31": {
        "Tax Effect Of Unusual Items": -2848000.0,
        "Tax Rate For Calcs": 0.4,
        "Normalized EBITDA": 22931000.0,
        "Total Unusual Items": -7120000.0,
        "Total Unusual Items Excluding Goodwill": -7120000.0,
        "Net Income From Continuing Operation Net Minority Interest": -10315000.0,
        "Reconciled Depreciation": 13838000.0,
        "Reconciled Cost Of Revenue": 138633000.0,
        "EBITDA": 15811000.0,
        "EBIT": 1973000.0,
        "Net Interest Income": -8760000.0,
        "Interest Expense": 8760000.0,
        "Normalized Income": -6043000.0,
        "Net Income From Continuing And Discontinued Operation": -10315000.0,
        "Total Expenses": 193299000.0,
        "Total Operating Income As Reported": 3200000.0,
        "Diluted Average Shares": 12201000.0,
        "Basic Average Shares": 12201000.0,
        "Diluted EPS": -0.85,
        "Basic EPS": -0.85,
        "Diluted NI Availto Com Stockholders": -10315000.0,
        "Average Dilution Earnings": NaN,
        "Net Income Common Stockholders": -10315000.0,
        "Net Income": -10315000.0,
        "Net Income Including Noncontrolling Interests": -10315000.0,
        "Net Income Continuous Operations": -10315000.0,
        "Tax Provision": 3528000.0,
        "Pretax Income": -6787000.0,
        "Other Income Expense": -7120000.0,
        "Special Income Charges": -5893000.0,
        "Gain On Sale Of Ppe": 28000.0,
        "Restructuring And Mergern Acquisition": 5921000.0,
        "Gain On Sale Of Security": -1227000.0,
        "Net Non Operating Interest Income Expense": -8760000.0,
        "Interest Expense Non Operating": 8760000.0,
        "Operating Income": 9093000.0,
        "Operating Expense": 54666000.0,
        "Selling General And Administration": 54666000.0,
        "Gross Profit": 63759000.0,
        "Cost Of Revenue": 138633000.0,
        "Total Revenue": 202392000.0,
        "Operating Revenue": 202392000.0
    }
}