{
    "2023-06-30": {
        "Tax Effect Of Unusual Items": 0.0,
        "Tax Rate For Calcs": 0.268,
        "Total Unusual Items": NaN,
        "Total Unusual Items Excluding Goodwill": NaN,
        "Net Income From Continuing Operation Net Minority Interest": 8686000.0,
        "Reconciled Depreciation": 1604000.0,
        "Net Interest Income": 43348000.0,
        "Interest Expense": 53183000.0,
        "Interest Income": 96531000.0,
        "Normalized Income": 8686000.0,
        "Net Income From Continuing And Discontinued Operation": 8686000.0,
        "Diluted Average Shares": 30090000.0,
        "Basic Average Shares": 30090000.0,
        "Diluted EPS": 0.29,
        "Basic EPS": 0.29,
        "Diluted NI Availto Com Stockholders": 8686000.0,
        "Net Income Common Stockholders": 8686000.0,
        "Net Income": 8686000.0,
        "Net Income Including Noncontrolling Interests": 8686000.0,
        "Net Income Continuous Operations": 8686000.0,
        "Tax Provision": 3186000.0,
        "Pretax Income": 11872000.0,
        "Gain On Sale Of Security": 294000.0,
        "Depreciation Amortization Depletion Income Statement": 1482000.0,
        "Depreciation And Amortization In Income Statement": 1482000.0,
        "Depreciation Income Statement": 1482000.0,
        "Selling General And Administration": 20633000.0,
        "General And Administrative Expense": 20633000.0,
        "Other Gand A": 1473000.0,
        "Insurance And Claims": 943000.0,
        "Salaries And Wages": 19690000.0,
        "Total Revenue": 48398000.0,
        "Operating Revenue": 48398000.0,
        "Occupancy And Equipment": 3534000.0,
        "Professional Expense And Contract Services Expense": 2291000.0,
        "Other Non Interest Expense": 7170000.0
    },
    "2023-03-31": {
        "Tax Effect Of Unusual Items": NaN,
        "Tax Rate For Calcs": NaN,
        "Total Unusual Items": NaN,
        "Total Unusual Items Excluding Goodwill": NaN,
        "Net Income From Continuing Operation Net Minority Interest": NaN,
        "Reconciled Depreciation": NaN,
        "Net Interest Income": NaN,
        "Interest Expense": NaN,
        "Interest Income": NaN,
        "Normalized Income": NaN,
        "Net Income From Continuing And Discontinued Operation": NaN,
        "Diluted Average Shares": NaN,
        "Basic Average Shares": NaN,
        "Diluted EPS": NaN,
        "Basic EPS": NaN,
        "Diluted NI Availto Com Stockholders": NaN,
        "Net Income Common Stockholders": NaN,
        "Net Income": NaN,
        "Net Income Including Noncontrolling Interests": NaN,
        "Net Income Continuous Operations": NaN,
        "Tax Provision": NaN,
        "Pretax Income": NaN,
        "Gain On Sale Of Security": NaN,
        "Depreciation Amortization Depletion Income Statement": NaN,
        "Depreciation And Amortization In Income Statement": NaN,
        "Depreciation Income Statement": 1510000.0,
        "Selling General And Administration": NaN,
        "General And Administrative Expense": NaN,
        "Other Gand A": NaN,
        "Insurance And Claims": NaN,
        "Salaries And Wages": NaN,
        "Total Revenue": NaN,
        "Operating Revenue": NaN,
        "Occupancy And Equipment": NaN,
        "Professional Expense And Contract Services Expense": NaN,
        "Other Non Interest Expense": NaN
    },
    "2022-12-31": {
        "Tax Effect Of Unusual Items": NaN,
        "Tax Rate For Calcs": NaN,
        "Total Unusual Items": 104000.0,
        "Total Unusual Items Excluding Goodwill": 104000.0,
        "Net Income From Continuing Operation Net Minority Interest": NaN,
        "Reconciled Depreciation": NaN,
        "Net Interest Income": NaN,
        "Interest Expense": NaN,
        "Interest Income": NaN,
        "Normalized Income": NaN,
        "Net Income From Continuing And Discontinued Operation": NaN,
        "Diluted Average Shares": NaN,
        "Basic Average Shares": NaN,
        "Diluted EPS": NaN,
        "Basic EPS": NaN,
        "Diluted NI Availto Com Stockholders": NaN,
        "Net Income Common Stockholders": NaN,
        "Net Income": NaN,
        "Net Income Including Noncontrolling Interests": NaN,
        "Net Income Continuous Operations": NaN,
        "Tax Provision": NaN,
        "Pretax Income": NaN,
        "Gain On Sale Of Security": NaN,
        "Depreciation Amortization Depletion Income Statement": NaN,
        "Depreciation And Amortization In Income Statement": NaN,
        "Depreciation Income Statement": 1535000.0,
        "Selling General And Administration": NaN,
        "General And Administrative Expense": NaN,
        "Other Gand A": NaN,
        "Insurance And Claims": NaN,
        "Salaries And Wages": NaN,
        "Total Revenue": NaN,
        "Operating Revenue": NaN,
        "Occupancy And Equipment": NaN,
        "Professional Expense And Contract Services Expense": NaN,
        "Other Non Interest Expense": NaN
    },
    "2022-09-30": {
        "Tax Effect Of Unusual Items": NaN,
        "Tax Rate For Calcs": NaN,
        "Total Unusual Items": 0.0,
        "Total Unusual Items Excluding Goodwill": 0.0,
        "Net Income From Continuing Operation Net Minority Interest": NaN,
        "Reconciled Depreciation": NaN,
        "Net Interest Income": NaN,
        "Interest Expense": NaN,
        "Interest Income": NaN,
        "Normalized Income": NaN,
        "Net Income From Continuing And Discontinued Operation": NaN,
        "Diluted Average Shares": NaN,
        "Basic Average Shares": NaN,
        "Diluted EPS": NaN,
        "Basic EPS": NaN,
        "Diluted NI Availto Com Stockholders": NaN,
        "Net Income Common Stockholders": NaN,
        "Net Income": NaN,
        "Net Income Including Noncontrolling Interests": NaN,
        "Net Income Continuous Operations": NaN,
        "Tax Provision": NaN,
        "Pretax Income": NaN,
        "Gain On Sale Of Security": NaN,
        "Depreciation Amortization Depletion Income Statement": NaN,
        "Depreciation And Amortization In Income Statement": NaN,
        "Depreciation Income Statement": 1488000.0,
        "Selling General And Administration": NaN,
        "General And Administrative Expense": NaN,
        "Other Gand A": 1367000.0,
        "Insurance And Claims": NaN,
        "Salaries And Wages": NaN,
        "Total Revenue": NaN,
        "Operating Revenue": NaN
    },
    "2022-06-30": {
        "Tax Effect Of Unusual Items": 20732.0,
        "Tax Rate For Calcs": 0.284,
        "Total Unusual Items": 73000.0,
        "Total Unusual Items Excluding Goodwill": 73000.0,
        "Net Income From Continuing Operation Net Minority Interest": 25035000.0,
        "Reconciled Depreciation": 1447000.0,
        "Net Interest Income": 64719000.0,
        "Interest Expense": 9561000.0,
        "Interest Income": 74280000.0,
        "Normalized Income": 24982732.0,
        "Net Income From Continuing And Discontinued Operation": 25035000.0,
        "Diluted Average Shares": 30937000.0,
        "Basic Average Shares": 30937000.0,
        "Diluted EPS": 0.81,
        "Basic EPS": 0.81,
        "Diluted NI Availto Com Stockholders": 25035000.0,
        "Net Income Common Stockholders": 25035000.0,
        "Net Income": 25035000.0,
        "Net Income Including Noncontrolling Interests": 25035000.0,
        "Net Income Continuous Operations": 25035000.0,
        "Tax Provision": 9936000.0,
        "Pretax Income": 34971000.0,
        "Gain On Sale Of Security": 2533000.0,
        "Depreciation Amortization Depletion Income Statement": 1447000.0,
        "Depreciation And Amortization In Income Statement": 1447000.0,
        "Depreciation Income Statement": 1447000.0,
        "Selling General And Administration": 23107000.0,
        "General And Administrative Expense": 23107000.0,
        "Other Gand A": 1383000.0,
        "Insurance And Claims": 615000.0,
        "Salaries And Wages": 21109000.0,
        "Total Revenue": 72083000.0,
        "Operating Revenue": 72083000.0
    },
    "2022-03-31": {
        "Diluted EPS": 0.58,
        "Total Revenue": 73,
        "Gross Profit": 65,
        "Operating Income": 25,
        "EBIT": NaN,
        "Net Income": 18
    },
    "2021-12-31": {
        "Diluted EPS": 0.57,
        "Total Revenue": 71,
        "Gross Profit": 62,
        "Operating Income": 23,
        "EBIT": NaN,
        "Net Income": 18
    },
    "2021-09-30": {
        "Diluted EPS": 0.81,
        "Total Revenue": 74,
        "Gross Profit": 64,
        "Operating Income": 35,
        "EBIT": NaN,
        "Net Income": 25
    },
    "2021-06-30": {
        "Diluted EPS": 0.61,
        "Total Revenue": 69,
        "Gross Profit": 58,
        "Operating Income": 25,
        "EBIT": NaN,
        "Net Income": 19
    },
    "2021-03-31": {
        "Diluted EPS": 0.6,
        "Total Revenue": 78,
        "Gross Profit": 67,
        "Operating Income": 26,
        "EBIT": NaN,
        "Net Income": 19
    },
    "2020-12-31": {
        "Diluted EPS": 0.1,
        "Total Revenue": 68,
        "Gross Profit": 55,
        "Operating Income": 4,
        "EBIT": NaN,
        "Net Income": 3
    },
    "2020-09-30": {
        "Diluted EPS": 0.5,
        "Total Revenue": 65,
        "Gross Profit": 51,
        "Operating Income": 19,
        "EBIT": NaN,
        "Net Income": 14
    },
    "2020-06-30": {
        "Diluted EPS": 0.63,
        "Total Revenue": 79,
        "Gross Profit": 62,
        "Operating Income": 24,
        "EBIT": NaN,
        "Net Income": 18
    },
    "2020-03-31": {
        "Diluted EPS": -0.05,
        "Total Revenue": 64,
        "Gross Profit": 38,
        "Operating Income": -2,
        "EBIT": NaN,
        "Net Income": -1
    },
    "2019-12-31": {
        "Diluted EPS": 0.45,
        "Total Revenue": 75,
        "Gross Profit": 46,
        "Operating Income": 17,
        "EBIT": NaN,
        "Net Income": 13
    },
    "2019-09-30": {
        "Diluted EPS": 0.37,
        "Total Revenue": 70,
        "Gross Profit": 40,
        "Operating Income": 13,
        "EBIT": NaN,
        "Net Income": 11
    },
    "2019-06-30": {
        "Diluted EPS": 0.37,
        "Total Revenue": 72,
        "Gross Profit": 42,
        "Operating Income": 14,
        "EBIT": NaN,
        "Net Income": 11
    },
    "2019-03-31": {
        "Diluted EPS": 0.25,
        "Total Revenue": 71,
        "Gross Profit": 43,
        "Operating Income": 9,
        "EBIT": NaN,
        "Net Income": 7
    },
    "2018-12-31": {
        "Diluted EPS": 0.44,
        "Total Revenue": 66,
        "Gross Profit": 40,
        "Operating Income": 13,
        "EBIT": NaN,
        "Net Income": 12
    },
    "2018-09-30": {
        "Diluted EPS": 0.61,
        "Total Revenue": 70,
        "Gross Profit": 46,
        "Operating Income": 19,
        "EBIT": NaN,
        "Net Income": 17
    },
    "2018-06-30": {
        "Diluted EPS": 0.48,
        "Total Revenue": 66,
        "Gross Profit": 46,
        "Operating Income": 18,
        "EBIT": NaN,
        "Net Income": 14
    },
    "2018-03-31": {
        "Diluted EPS": 0.39,
        "Total Revenue": 64,
        "Gross Profit": 46,
        "Operating Income": 14,
        "EBIT": NaN,
        "Net Income": 11
    },
    "2017-12-31": {
        "Diluted EPS": 0.2,
        "Total Revenue": 63,
        "Gross Profit": 46,
        "Operating Income": 14,
        "EBIT": NaN,
        "Net Income": 6
    },
    "2017-09-30": {
        "Diluted EPS": 0.35,
        "Total Revenue": 61,
        "Gross Profit": 45,
        "Operating Income": 15,
        "EBIT": NaN,
        "Net Income": 10
    },
    "2017-06-30": {
        "Diluted EPS": 0.44,
        "Total Revenue": 60,
        "Gross Profit": 46,
        "Operating Income": 20,
        "EBIT": NaN,
        "Net Income": 13
    },
    "2017-03-31": {
        "Diluted EPS": 0.42,
        "Total Revenue": 61,
        "Gross Profit": 47,
        "Operating Income": 18,
        "EBIT": NaN,
        "Net Income": 12
    },
    "2016-12-31": {
        "Diluted EPS": 0.49,
        "Total Revenue": 71,
        "Gross Profit": 58,
        "Operating Income": 22,
        "EBIT": NaN,
        "Net Income": 14
    },
    "2016-09-30": {
        "Diluted EPS": 0.37,
        "Total Revenue": 57,
        "Gross Profit": 44,
        "Operating Income": 17,
        "EBIT": NaN,
        "Net Income": 11
    },
    "2016-06-30": {
        "Diluted EPS": 1.05,
        "Total Revenue": 93,
        "Gross Profit": 80,
        "Operating Income": 51,
        "EBIT": NaN,
        "Net Income": 30
    },
    "2016-03-31": {
        "Diluted EPS": 0.33,
        "Total Revenue": 57,
        "Gross Profit": 44,
        "Operating Income": 15,
        "EBIT": NaN,
        "Net Income": 10
    },
    "2015-12-31": {
        "Diluted EPS": 0.4,
        "Total Revenue": 55,
        "Gross Profit": 42,
        "Operating Income": 17,
        "EBIT": NaN,
        "Net Income": 12
    },
    "2015-09-30": {
        "Diluted EPS": 0.38,
        "Total Revenue": 54,
        "Gross Profit": 41,
        "Operating Income": 18,
        "EBIT": NaN,
        "Net Income": 11
    },
    "2015-06-30": {
        "Diluted EPS": 0.51,
        "Total Revenue": 60,
        "Gross Profit": 48,
        "Operating Income": 24,
        "EBIT": NaN,
        "Net Income": 15
    },
    "2015-03-31": {
        "Diluted EPS": 0.3,
        "Total Revenue": 51,
        "Gross Profit": 39,
        "Operating Income": 14,
        "EBIT": NaN,
        "Net Income": 9
    },
    "2014-12-31": {
        "Diluted EPS": 0.37,
        "Total Revenue": 49,
        "Gross Profit": 42,
        "Operating Income": 18,
        "EBIT": NaN,
        "Net Income": 11
    },
    "2014-09-30": {
        "Diluted EPS": 0.38,
        "Total Revenue": 56,
        "Gross Profit": 39,
        "Operating Income": 18,
        "EBIT": NaN,
        "Net Income": 11
    },
    "2014-06-30": {
        "Diluted EPS": 0.39,
        "Total Revenue": 52,
        "Gross Profit": 39,
        "Operating Income": 19,
        "EBIT": NaN,
        "Net Income": 12
    },
    "2014-03-31": {
        "Diluted EPS": 0.34,
        "Total Revenue": 51,
        "Gross Profit": 38,
        "Operating Income": 17,
        "EBIT": NaN,
        "Net Income": 10
    },
    "2013-12-31": {
        "Diluted EPS": 0.4,
        "Total Revenue": 51,
        "Gross Profit": 38,
        "Operating Income": 18,
        "EBIT": NaN,
        "Net Income": 12
    },
    "2013-09-30": {
        "Diluted EPS": 0.32,
        "Total Revenue": 51,
        "Gross Profit": 38,
        "Operating Income": 15,
        "EBIT": NaN,
        "Net Income": 9
    },
    "2013-06-30": {
        "Diluted EPS": 0.32,
        "Total Revenue": 52,
        "Gross Profit": 39,
        "Operating Income": 16,
        "EBIT": NaN,
        "Net Income": 10
    },
    "2013-03-31": {
        "Diluted EPS": 0.22,
        "Total Revenue": 55,
        "Gross Profit": 39,
        "Operating Income": 11,
        "EBIT": NaN,
        "Net Income": 7
    },
    "2012-12-31": {
        "Diluted EPS": 0.31,
        "Total Revenue": 54,
        "Gross Profit": 40,
        "Operating Income": 15,
        "EBIT": NaN,
        "Net Income": 9
    },
    "2012-09-30": {
        "Diluted EPS": 0.31,
        "Total Revenue": 57,
        "Gross Profit": 41,
        "Operating Income": 15,
        "EBIT": NaN,
        "Net Income": 9
    },
    "2012-06-30": {
        "Diluted EPS": 0.28,
        "Total Revenue": 55,
        "Gross Profit": 39,
        "Operating Income": 14,
        "EBIT": NaN,
        "Net Income": 9
    },
    "2012-03-31": {
        "Diluted EPS": 0.23,
        "Total Revenue": 56,
        "Gross Profit": 39,
        "Operating Income": 12,
        "EBIT": NaN,
        "Net Income": 7
    },
    "2011-12-31": {
        "Diluted EPS": 0.27,
        "Total Revenue": 58,
        "Gross Profit": 40,
        "Operating Income": 14,
        "EBIT": NaN,
        "Net Income": 8
    },
    "2011-09-30": {
        "Diluted EPS": 0.33,
        "Total Revenue": 61,
        "Gross Profit": 41,
        "Operating Income": 17,
        "EBIT": NaN,
        "Net Income": 10
    },
    "2011-06-30": {
        "Diluted EPS": 0.29,
        "Total Revenue": 59,
        "Gross Profit": 39,
        "Operating Income": 15,
        "EBIT": NaN,
        "Net Income": 9
    },
    "2011-03-31": {
        "Diluted EPS": 0.26,
        "Total Revenue": 58,
        "Gross Profit": 38,
        "Operating Income": 13,
        "EBIT": NaN,
        "Net Income": 8
    },
    "2010-12-31": {
        "Diluted EPS": 0.29,
        "Total Revenue": 59,
        "Gross Profit": 37,
        "Operating Income": 14,
        "EBIT": NaN,
        "Net Income": 9
    },
    "2010-09-30": {
        "Diluted EPS": 0.48,
        "Total Revenue": 60,
        "Gross Profit": 38,
        "Operating Income": 15,
        "EBIT": NaN,
        "Net Income": 15
    },
    "2010-06-30": {
        "Diluted EPS": 0.25,
        "Total Revenue": 59,
        "Gross Profit": 35,
        "Operating Income": 13,
        "EBIT": NaN,
        "Net Income": 8
    },
    "2010-03-31": {
        "Diluted EPS": 0.26,
        "Total Revenue": 60,
        "Gross Profit": 36,
        "Operating Income": 13,
        "EBIT": NaN,
        "Net Income": 8
    },
    "2009-12-31": {
        "Diluted EPS": 0.12,
        "Total Revenue": 57,
        "Gross Profit": 30,
        "Operating Income": 10,
        "EBIT": NaN,
        "Net Income": 4
    },
    "2009-09-30": {
        "Diluted EPS": 0.33,
        "Total Revenue": 62,
        "Gross Profit": 34,
        "Operating Income": 13,
        "EBIT": NaN,
        "Net Income": 7
    },
    "2009-06-30": {
        "Diluted EPS": 0.2,
        "Total Revenue": 61,
        "Gross Profit": 31,
        "Operating Income": 9,
        "EBIT": NaN,
        "Net Income": 4
    },
    "2009-03-31": {
        "Diluted EPS": 0.26,
        "Total Revenue": 62,
        "Gross Profit": 31,
        "Operating Income": 10,
        "EBIT": NaN,
        "Net Income": 5
    },
    "2023-09-30": {
        "Tax Effect Of Unusual Items": 0.0,
        "Tax Rate For Calcs": 0.271298,
        "Total Unusual Items": NaN,
        "Total Unusual Items Excluding Goodwill": NaN,
        "Net Income From Continuing Operation Net Minority Interest": 7835000.0,
        "Reconciled Depreciation": 1600000.0,
        "Net Interest Income": 44394000.0,
        "Interest Expense": 59609000.0,
        "Interest Income": 104003000.0,
        "Normalized Income": 7835000.0,
        "Net Income From Continuing And Discontinued Operation": 7835000.0,
        "Diluted Average Shares": 29703000.0,
        "Basic Average Shares": 29703000.0,
        "Diluted EPS": 0.32,
        "Basic EPS": 0.32,
        "Diluted NI Availto Com Stockholders": 7835000.0,
        "Net Income Common Stockholders": 7835000.0,
        "Net Income": 7835000.0,
        "Net Income Including Noncontrolling Interests": 7835000.0,
        "Net Income Continuous Operations": 7835000.0,
        "Tax Provision": 2917000.0,
        "Pretax Income": 10752000.0,
        "Gain On Sale Of Security": -1246000.0,
        "Depreciation Amortization Depletion Income Statement": 1482000.0,
        "Depreciation And Amortization In Income Statement": 1482000.0,
        "Depreciation Income Statement": 1482000.0,
        "Selling General And Administration": 22680000.0,
        "General And Administrative Expense": 22680000.0,
        "Other Gand A": 1422000.0,
        "Insurance And Claims": 912000.0,
        "Salaries And Wages": 20346000.0,
        "Total Revenue": 47736000.0,
        "Operating Revenue": 47736000.0,
        "Occupancy And Equipment": 3371000.0,
        "Professional Expense And Contract Services Expense": 2494000.0,
        "Other Non Interest Expense": 6361000.0
    },
    "2023-12-31": {
        "Tax Effect Of Unusual Items": 0.0,
        "Tax Rate For Calcs": 0.32995,
        "Total Unusual Items": NaN,
        "Total Unusual Items Excluding Goodwill": NaN,
        "Net Income From Continuing Operation Net Minority Interest": 5479000.0,
        "Reconciled Depreciation": 1605000.0,
        "Net Interest Income": 46051000.0,
        "Interest Expense": 62678000.0,
        "Interest Income": 108729000.0,
        "Normalized Income": 5479000.0,
        "Net Income From Continuing And Discontinued Operation": 5479000.0,
        "Diluted Average Shares": 29650000.0,
        "Basic Average Shares": 29650000.0,
        "Diluted EPS": 0.27,
        "Basic EPS": 0.27,
        "Diluted NI Availto Com Stockholders": 5479000.0,
        "Net Income Common Stockholders": 5479000.0,
        "Net Income": 5479000.0,
        "Net Income Including Noncontrolling Interests": 5479000.0,
        "Net Income Continuous Operations": 5479000.0,
        "Tax Provision": 2698000.0,
        "Pretax Income": 8177000.0,
        "Gain On Sale Of Security": 906000.0,
        "Depreciation Amortization Depletion Income Statement": 1491000.0,
        "Depreciation And Amortization In Income Statement": 1491000.0,
        "Depreciation Income Statement": NaN,
        "Selling General And Administration": 28914000.0,
        "General And Administrative Expense": 28914000.0,
        "Other Gand A": NaN,
        "Insurance And Claims": 1162000.0,
        "Salaries And Wages": 27752000.0,
        "Total Revenue": 53167000.0,
        "Operating Revenue": 53167000.0,
        "Occupancy And Equipment": 3698000.0,
        "Professional Expense And Contract Services Expense": 1387000.0,
        "Other Non Interest Expense": 8502000.0
    },
    "2024-03-31": {
        "Tax Effect Of Unusual Items": 0.0,
        "Tax Rate For Calcs": 0.263,
        "Total Unusual Items": NaN,
        "Total Unusual Items Excluding Goodwill": NaN,
        "Net Income From Continuing Operation Net Minority Interest": 3684000.0,
        "Reconciled Depreciation": 1566000.0,
        "Net Interest Income": 42364000.0,
        "Interest Expense": 67102000.0,
        "Interest Income": 109466000.0,
        "Normalized Income": 3684000.0,
        "Net Income From Continuing And Discontinued Operation": 3684000.0,
        "Diluted Average Shares": 29742000.0,
        "Basic Average Shares": 29742000.0,
        "Diluted EPS": 0.12,
        "Basic EPS": 0.12,
        "Diluted NI Availto Com Stockholders": 3684000.0,
        "Net Income Common Stockholders": 3684000.0,
        "Net Income": 3684000.0,
        "Net Income Including Noncontrolling Interests": 3684000.0,
        "Net Income Continuous Operations": 3684000.0,
        "Tax Provision": 1313000.0,
        "Pretax Income": 4997000.0,
        "Gain On Sale Of Security": -834000.0,
        "Depreciation Amortization Depletion Income Statement": 1457000.0,
        "Depreciation And Amortization In Income Statement": 1457000.0,
        "Depreciation Income Statement": NaN,
        "Selling General And Administration": 23765000.0,
        "General And Administrative Expense": 23765000.0,
        "Other Gand A": NaN,
        "Insurance And Claims": 1652000.0,
        "Salaries And Wages": 22113000.0,
        "Total Revenue": 45481000.0,
        "Operating Revenue": 45481000.0,
        "Occupancy And Equipment": 3779000.0,
        "Professional Expense And Contract Services Expense": 2792000.0,
        "Other Non Interest Expense": 8099000.0
    },
    "2024-06-30": {
        "Tax Effect Of Unusual Items": 0.0,
        "Tax Rate For Calcs": 0.254,
        "Total Unusual Items": NaN,
        "Total Unusual Items Excluding Goodwill": NaN,
        "Net Income From Continuing Operation Net Minority Interest": 5322000.0,
        "Reconciled Depreciation": 1531000.0,
        "Net Interest Income": 42743000.0,
        "Interest Expense": 70454000.0,
        "Interest Income": 113197000.0,
        "Normalized Income": 5322000.0,
        "Net Income From Continuing And Discontinued Operation": 5322000.0,
        "Diluted Average Shares": 29789000.0,
        "Basic Average Shares": 29789000.0,
        "Diluted EPS": 0.18,
        "Basic EPS": 0.18,
        "Diluted NI Availto Com Stockholders": 5322000.0,
        "Net Income Common Stockholders": 5322000.0,
        "Net Income": 5322000.0,
        "Net Income Including Noncontrolling Interests": 5322000.0,
        "Net Income Continuous Operations": 5322000.0,
        "Tax Provision": 1814000.0,
        "Pretax Income": 7136000.0,
        "Gain On Sale Of Security": 57000.0,
        "Depreciation Amortization Depletion Income Statement": 1425000.0,
        "Depreciation And Amortization In Income Statement": 1425000.0,
        "Depreciation Income Statement": 1425000.0,
        "Selling General And Administration": 23045000.0,
        "General And Administrative Expense": 23045000.0,
        "Other Gand A": NaN,
        "Insurance And Claims": 1322000.0,
        "Salaries And Wages": 21723000.0,
        "Total Revenue": 46992000.0,
        "Operating Revenue": 46992000.0,
        "Occupancy And Equipment": 3713000.0,
        "Professional Expense And Contract Services Expense": 2786000.0,
        "Other Non Interest Expense": 8078000.0
    }
}