{
    "2023-06-30": {
        "Tax Effect Of Unusual Items": -187.7,
        "Tax Rate For Calcs": 0.1877,
        "Total Unusual Items": -1000.0,
        "Total Unusual Items Excluding Goodwill": -1000.0,
        "Net Income From Continuing Operation Net Minority Interest": 50873000.0,
        "Reconciled Depreciation": 3194000.0,
        "Net Interest Income": 96341000.0,
        "Interest Expense": 33139000.0,
        "Interest Income": 129480000.0,
        "Normalized Income": 50873812.3,
        "Net Income From Continuing And Discontinued Operation": 50873000.0,
        "Diluted Average Shares": 143087555.0,
        "Basic Average Shares": 142700805.0,
        "Diluted EPS": 0.36,
        "Basic EPS": 0.36,
        "Diluted NI Availto Com Stockholders": 50873000.0,
        "Net Income Common Stockholders": 50873000.0,
        "Net Income": 50873000.0,
        "Net Income Including Noncontrolling Interests": 50873000.0,
        "Net Income Continuous Operations": 50873000.0,
        "Tax Provision": 11754000.0,
        "Pretax Income": 62627000.0,
        "Gain On Sale Of Security": 46000.0,
        "Depreciation Amortization Depletion Income Statement": 2747000.0,
        "Depreciation And Amortization In Income Statement": 2747000.0,
        "Amortization": 2747000.0,
        "Amortization Of Intangibles Income Statement": 2747000.0,
        "Selling General And Administration": 34698000.0,
        "Selling And Marketing Expense": 889000.0,
        "General And Administrative Expense": 33809000.0,
        "Insurance And Claims": 1417000.0,
        "Salaries And Wages": 32392000.0,
        "Total Revenue": 122371000.0,
        "Operating Revenue": 122371000.0,
        "Occupancy And Equipment": 5621000.0,
        "Professional Expense And Contract Services Expense": 3408000.0,
        "Other Non Interest Expense": 7697000.0
    },
    "2023-03-31": {
        "Tax Effect Of Unusual Items": 175351.6,
        "Tax Rate For Calcs": 0.1819,
        "Total Unusual Items": 964000.0,
        "Total Unusual Items Excluding Goodwill": 964000.0,
        "Net Income From Continuing Operation Net Minority Interest": 52568000.0,
        "Reconciled Depreciation": 3074000.0,
        "Net Interest Income": 96632000.0,
        "Interest Expense": 25222000.0,
        "Interest Income": 121854000.0,
        "Normalized Income": 51779351.6,
        "Net Income From Continuing And Discontinued Operation": 52568000.0,
        "Diluted Average Shares": 143066011.0,
        "Basic Average Shares": 142665646.0,
        "Diluted EPS": 0.37,
        "Basic EPS": 0.37,
        "Diluted NI Availto Com Stockholders": 52568000.0,
        "Net Income Common Stockholders": 52568000.0,
        "Net Income": 52568000.0,
        "Net Income Including Noncontrolling Interests": 52568000.0,
        "Net Income Continuous Operations": 52568000.0,
        "Tax Provision": 11688000.0,
        "Pretax Income": 64256000.0,
        "Gain On Sale Of Security": 12000.0,
        "Depreciation Amortization Depletion Income Statement": 2539000.0,
        "Depreciation And Amortization In Income Statement": 2539000.0,
        "Amortization": 2539000.0,
        "Amortization Of Intangibles Income Statement": 2539000.0,
        "Selling General And Administration": 34374000.0,
        "Selling And Marketing Expense": 593000.0,
        "General And Administrative Expense": 33781000.0,
        "Insurance And Claims": 1654000.0,
        "Salaries And Wages": 32127000.0,
        "Total Revenue": 120879000.0,
        "Operating Revenue": 120879000.0,
        "Occupancy And Equipment": 5557000.0,
        "Professional Expense And Contract Services Expense": 3227000.0,
        "Other Non Interest Expense": 8145000.0
    },
    "2022-12-31": {
        "Tax Effect Of Unusual Items": -340.555524,
        "Tax Rate For Calcs": 0.170278,
        "Total Unusual Items": -2000.0,
        "Total Unusual Items Excluding Goodwill": -2000.0,
        "Net Income From Continuing Operation Net Minority Interest": 58668000.0,
        "Reconciled Depreciation": 3173000.0,
        "Net Interest Income": 104280000.0,
        "Interest Expense": 17100000.0,
        "Interest Income": 121380000.0,
        "Normalized Income": 58669659.444476,
        "Net Income From Continuing And Discontinued Operation": 58668000.0,
        "Diluted Average Shares": 143071538.0,
        "Basic Average Shares": 142619632.0,
        "Diluted EPS": 0.41,
        "Basic EPS": 0.41,
        "Diluted NI Availto Com Stockholders": 58668000.0,
        "Net Income Common Stockholders": 58668000.0,
        "Net Income": 58668000.0,
        "Net Income Including Noncontrolling Interests": 58668000.0,
        "Net Income Continuous Operations": 58668000.0,
        "Tax Provision": 12040000.0,
        "Pretax Income": 70708000.0,
        "Gain On Sale Of Security": 131000.0,
        "Depreciation Amortization Depletion Income Statement": 2719000.0,
        "Depreciation And Amortization In Income Statement": 2719000.0,
        "Amortization": 2719000.0,
        "Amortization Of Intangibles Income Statement": 2719000.0,
        "Selling General And Administration": 35227000.0,
        "Selling And Marketing Expense": 652000.0,
        "General And Administrative Expense": 34575000.0,
        "Insurance And Claims": 1021000.0,
        "Salaries And Wages": 33554000.0,
        "Total Revenue": 129282000.0,
        "Operating Revenue": 129282000.0
    },
    "2022-09-30": {
        "Tax Effect Of Unusual Items": 148148.342572,
        "Tax Rate For Calcs": 0.169312,
        "Total Unusual Items": 875000.0,
        "Total Unusual Items Excluding Goodwill": 875000.0,
        "Net Income From Continuing Operation Net Minority Interest": 59341000.0,
        "Reconciled Depreciation": 2870000.0,
        "Net Interest Income": 103820000.0,
        "Interest Expense": 9572000.0,
        "Interest Income": 113392000.0,
        "Normalized Income": 58614148.342572,
        "Net Income From Continuing And Discontinued Operation": 59341000.0,
        "Diluted Average Shares": 143126088.0,
        "Basic Average Shares": 142524500.0,
        "Diluted EPS": 0.41,
        "Basic EPS": 0.42,
        "Diluted NI Availto Com Stockholders": 59341000.0,
        "Net Income Common Stockholders": 59341000.0,
        "Net Income": 59341000.0,
        "Net Income Including Noncontrolling Interests": 59341000.0,
        "Net Income Continuous Operations": 59341000.0,
        "Tax Provision": 12095000.0,
        "Pretax Income": 71436000.0,
        "Gain On Sale Of Security": 334000.0,
        "Depreciation Amortization Depletion Income Statement": 2870000.0,
        "Depreciation And Amortization In Income Statement": 2870000.0,
        "Amortization": 2870000.0,
        "Amortization Of Intangibles Income Statement": 2870000.0,
        "Selling General And Administration": 36501000.0,
        "Selling And Marketing Expense": 1692000.0,
        "General And Administrative Expense": 34809000.0,
        "Other Gand A": 600000.0,
        "Insurance And Claims": 917000.0,
        "Salaries And Wages": 33892000.0,
        "Total Revenue": 131086000.0,
        "Operating Revenue": 131086000.0
    },
    "2022-06-30": {
        "Tax Effect Of Unusual Items": 3951.171012,
        "Tax Rate For Calcs": 0.164632,
        "Total Unusual Items": 24000.0,
        "Total Unusual Items Excluding Goodwill": 24000.0,
        "Net Income From Continuing Operation Net Minority Interest": 60494000.0,
        "Reconciled Depreciation": 2842000.0,
        "Net Interest Income": 100431000.0,
        "Interest Expense": 3199000.0,
        "Interest Income": 103630000.0,
        "Normalized Income": 60473951.171012,
        "Net Income From Continuing And Discontinued Operation": 60494000.0,
        "Diluted Average Shares": 143238669.0,
        "Basic Average Shares": 142682251.0,
        "Diluted EPS": 0.42,
        "Basic EPS": 0.42,
        "Diluted NI Availto Com Stockholders": 60494000.0,
        "Net Income Common Stockholders": 60494000.0,
        "Net Income": 60494000.0,
        "Net Income Including Noncontrolling Interests": 60494000.0,
        "Net Income Continuous Operations": 60494000.0,
        "Tax Provision": 11922000.0,
        "Pretax Income": 72416000.0,
        "Gain On Sale Of Security": 1648000.0,
        "Depreciation Amortization Depletion Income Statement": 2842000.0,
        "Depreciation And Amortization In Income Statement": 2842000.0,
        "Amortization": 2842000.0,
        "Amortization Of Intangibles Income Statement": 2842000.0,
        "Selling General And Administration": 36106000.0,
        "Selling And Marketing Expense": 1554000.0,
        "General And Administrative Expense": 34552000.0,
        "Other Gand A": 501000.0,
        "Insurance And Claims": 904000.0,
        "Salaries And Wages": 33147000.0,
        "Total Revenue": 132898000.0,
        "Operating Revenue": 132898000.0
    },
    "2022-03-31": {
        "Diluted EPS": 0.39,
        "Total Revenue": 132,
        "Gross Profit": 130,
        "Operating Income": 66,
        "EBIT": NaN,
        "Net Income": 56
    },
    "2021-12-31": {
        "Diluted EPS": 0.38,
        "Total Revenue": 131,
        "Gross Profit": 130,
        "Operating Income": 66,
        "EBIT": NaN,
        "Net Income": 55
    },
    "2021-09-30": {
        "Diluted EPS": 0.41,
        "Total Revenue": 135,
        "Gross Profit": 134,
        "Operating Income": 71,
        "EBIT": NaN,
        "Net Income": 59
    },
    "2021-06-30": {
        "Diluted EPS": 0.4,
        "Total Revenue": 127,
        "Gross Profit": 126,
        "Operating Income": 67,
        "EBIT": NaN,
        "Net Income": 56
    },
    "2021-03-31": {
        "Diluted EPS": 0.4,
        "Total Revenue": 125,
        "Gross Profit": 124,
        "Operating Income": 68,
        "EBIT": NaN,
        "Net Income": 57
    },
    "2020-12-31": {
        "Diluted EPS": 0.41,
        "Total Revenue": 128,
        "Gross Profit": 126,
        "Operating Income": 71,
        "EBIT": NaN,
        "Net Income": 58
    },
    "2020-09-30": {
        "Diluted EPS": 0.37,
        "Total Revenue": 130,
        "Gross Profit": 128,
        "Operating Income": 63,
        "EBIT": NaN,
        "Net Income": 53
    },
    "2020-06-30": {
        "Diluted EPS": 0.38,
        "Total Revenue": 129,
        "Gross Profit": 126,
        "Operating Income": 64,
        "EBIT": NaN,
        "Net Income": 53
    },
    "2020-03-31": {
        "Diluted EPS": 0.26,
        "Total Revenue": 117,
        "Gross Profit": 110,
        "Operating Income": 44,
        "EBIT": NaN,
        "Net Income": 37
    },
    "2019-12-31": {
        "Diluted EPS": 0.3,
        "Total Revenue": 109,
        "Gross Profit": 103,
        "Operating Income": 50,
        "EBIT": NaN,
        "Net Income": 41
    },
    "2019-09-30": {
        "Diluted EPS": 0.32,
        "Total Revenue": 109,
        "Gross Profit": 101,
        "Operating Income": 52,
        "EBIT": NaN,
        "Net Income": 43
    },
    "2019-06-30": {
        "Diluted EPS": 0.31,
        "Total Revenue": 108,
        "Gross Profit": 100,
        "Operating Income": 51,
        "EBIT": NaN,
        "Net Income": 42
    },
    "2019-03-31": {
        "Diluted EPS": 0.28,
        "Total Revenue": 101,
        "Gross Profit": 94,
        "Operating Income": 46,
        "EBIT": NaN,
        "Net Income": 38
    },
    "2018-12-31": {
        "Diluted EPS": 0.42,
        "Total Revenue": 101,
        "Gross Profit": 95,
        "Operating Income": 45,
        "EBIT": NaN,
        "Net Income": 38
    },
    "2018-09-30": {
        "Diluted EPS": 0.29,
        "Total Revenue": 101,
        "Gross Profit": 96,
        "Operating Income": 48,
        "EBIT": NaN,
        "Net Income": 40
    },
    "2018-06-30": {
        "Diluted EPS": 0.28,
        "Total Revenue": 98,
        "Gross Profit": 93,
        "Operating Income": 45,
        "EBIT": NaN,
        "Net Income": 38
    },
    "2018-03-31": {
        "Diluted EPS": 0.13,
        "Total Revenue": 94,
        "Gross Profit": 90,
        "Operating Income": 41,
        "EBIT": NaN,
        "Net Income": 35
    },
    "2017-12-31": {
        "Diluted EPS": 0.28,
        "Total Revenue": 86,
        "Gross Profit": 83,
        "Operating Income": 38,
        "EBIT": NaN,
        "Net Income": 36
    },
    "2017-09-30": {
        "Diluted EPS": 0.22,
        "Total Revenue": 87,
        "Gross Profit": 84,
        "Operating Income": 39,
        "EBIT": NaN,
        "Net Income": 29
    },
    "2017-06-30": {
        "Diluted EPS": 0.22,
        "Total Revenue": 84,
        "Gross Profit": 82,
        "Operating Income": 37,
        "EBIT": NaN,
        "Net Income": 28
    },
    "2017-03-31": {
        "Diluted EPS": 0.2,
        "Total Revenue": 80,
        "Gross Profit": 78,
        "Operating Income": 34,
        "EBIT": NaN,
        "Net Income": 27
    },
    "2016-12-31": {
        "Diluted EPS": 0.2,
        "Total Revenue": 80,
        "Gross Profit": 78,
        "Operating Income": 34,
        "EBIT": NaN,
        "Net Income": 27
    },
    "2016-09-30": {
        "Diluted EPS": 0.2,
        "Total Revenue": 80,
        "Gross Profit": 79,
        "Operating Income": 33,
        "EBIT": NaN,
        "Net Income": 26
    },
    "2016-06-30": {
        "Diluted EPS": 0.21,
        "Total Revenue": 79,
        "Gross Profit": 78,
        "Operating Income": 35,
        "EBIT": NaN,
        "Net Income": 27
    },
    "2016-03-31": {
        "Diluted EPS": 0.2,
        "Total Revenue": 78,
        "Gross Profit": 77,
        "Operating Income": 33,
        "EBIT": NaN,
        "Net Income": 26
    },
    "2015-12-31": {
        "Diluted EPS": 0.19,
        "Total Revenue": 78,
        "Gross Profit": 77,
        "Operating Income": 33,
        "EBIT": NaN,
        "Net Income": 25
    },
    "2015-09-30": {
        "Diluted EPS": 0.2,
        "Total Revenue": 78,
        "Gross Profit": 77,
        "Operating Income": 34,
        "EBIT": NaN,
        "Net Income": 26
    },
    "2015-06-30": {
        "Diluted EPS": 0.2,
        "Total Revenue": 71,
        "Gross Profit": 70,
        "Operating Income": 33,
        "EBIT": NaN,
        "Net Income": 25
    },
    "2015-03-31": {
        "Diluted EPS": 0.19,
        "Total Revenue": 68,
        "Gross Profit": 67,
        "Operating Income": 32,
        "EBIT": NaN,
        "Net Income": 24
    },
    "2014-12-31": {
        "Diluted EPS": 0.18,
        "Total Revenue": 68,
        "Gross Profit": 67,
        "Operating Income": 30,
        "EBIT": NaN,
        "Net Income": 23
    },
    "2014-09-30": {
        "Diluted EPS": 0.18,
        "Total Revenue": 67,
        "Gross Profit": 66,
        "Operating Income": 31,
        "EBIT": NaN,
        "Net Income": 23
    },
    "2014-06-30": {
        "Diluted EPS": 0.17,
        "Total Revenue": 65,
        "Gross Profit": 64,
        "Operating Income": 28,
        "EBIT": NaN,
        "Net Income": 21
    },
    "2014-03-31": {
        "Diluted EPS": 0.18,
        "Total Revenue": 65,
        "Gross Profit": 64,
        "Operating Income": 29,
        "EBIT": NaN,
        "Net Income": 22
    },
    "2013-12-31": {
        "Diluted EPS": 0.24,
        "Total Revenue": 64,
        "Gross Profit": 62,
        "Operating Income": 28,
        "EBIT": NaN,
        "Net Income": 21
    },
    "2013-09-30": {
        "Diluted EPS": 0.15,
        "Total Revenue": 64,
        "Gross Profit": 63,
        "Operating Income": 26,
        "EBIT": NaN,
        "Net Income": 20
    },
    "2013-06-30": {
        "Diluted EPS": 0.16,
        "Total Revenue": 58,
        "Gross Profit": 57,
        "Operating Income": 26,
        "EBIT": NaN,
        "Net Income": 19
    },
    "2013-03-31": {
        "Diluted EPS": 0.07,
        "Total Revenue": 54,
        "Gross Profit": 53,
        "Operating Income": 25,
        "EBIT": NaN,
        "Net Income": 19
    },
    "2012-12-31": {
        "Diluted EPS": 0.15,
        "Total Revenue": 55,
        "Gross Profit": 54,
        "Operating Income": 24,
        "EBIT": NaN,
        "Net Income": 18
    },
    "2012-09-30": {
        "Diluted EPS": 0.16,
        "Total Revenue": 56,
        "Gross Profit": 55,
        "Operating Income": 27,
        "EBIT": NaN,
        "Net Income": 20
    },
    "2012-06-30": {
        "Diluted EPS": 0.15,
        "Total Revenue": 53,
        "Gross Profit": 52,
        "Operating Income": 25,
        "EBIT": NaN,
        "Net Income": 18
    },
    "2012-03-31": {
        "Diluted EPS": 0.14,
        "Total Revenue": 53,
        "Gross Profit": 52,
        "Operating Income": 24,
        "EBIT": NaN,
        "Net Income": 18
    },
    "2011-12-31": {
        "Diluted EPS": 0.14,
        "Total Revenue": 53,
        "Gross Profit": 51,
        "Operating Income": 23,
        "EBIT": NaN,
        "Net Income": 17
    },
    "2011-09-30": {
        "Diluted EPS": 0.14,
        "Total Revenue": 54,
        "Gross Profit": 52,
        "Operating Income": 25,
        "EBIT": NaN,
        "Net Income": 18
    },
    "2011-06-30": {
        "Diluted EPS": 0.13,
        "Total Revenue": 52,
        "Gross Profit": 50,
        "Operating Income": 22,
        "EBIT": NaN,
        "Net Income": 17
    },
    "2011-03-31": {
        "Diluted EPS": 0.13,
        "Total Revenue": 53,
        "Gross Profit": 50,
        "Operating Income": 22,
        "EBIT": NaN,
        "Net Income": 16
    },
    "2010-12-31": {
        "Diluted EPS": 0.16,
        "Total Revenue": 52,
        "Gross Profit": 49,
        "Operating Income": 21,
        "EBIT": NaN,
        "Net Income": 16
    },
    "2010-09-30": {
        "Diluted EPS": 0.13,
        "Total Revenue": 50,
        "Gross Profit": 47,
        "Operating Income": 20,
        "EBIT": NaN,
        "Net Income": 16
    },
    "2010-06-30": {
        "Diluted EPS": 0.11,
        "Total Revenue": 50,
        "Gross Profit": 46,
        "Operating Income": 19,
        "EBIT": NaN,
        "Net Income": 14
    },
    "2010-03-31": {
        "Diluted EPS": 0.07,
        "Total Revenue": 47,
        "Gross Profit": 44,
        "Operating Income": 18,
        "EBIT": NaN,
        "Net Income": 14
    },
    "2009-12-31": {
        "Diluted EPS": 0.1,
        "Total Revenue": 48,
        "Gross Profit": 45,
        "Operating Income": 17,
        "EBIT": NaN,
        "Net Income": 13
    },
    "2009-09-30": {
        "Diluted EPS": 0.11,
        "Total Revenue": 49,
        "Gross Profit": 45,
        "Operating Income": 19,
        "EBIT": NaN,
        "Net Income": 14
    },
    "2009-06-30": {
        "Diluted EPS": 0.11,
        "Total Revenue": 49,
        "Gross Profit": 44,
        "Operating Income": 18,
        "EBIT": NaN,
        "Net Income": 14
    },
    "2009-03-31": {
        "Diluted EPS": 0.11,
        "Total Revenue": 48,
        "Gross Profit": 43,
        "Operating Income": 19,
        "EBIT": NaN,
        "Net Income": 14
    },
    "2023-09-30": {
        "Tax Effect Of Unusual Items": 123205.6,
        "Tax Rate For Calcs": 0.1796,
        "Total Unusual Items": 686000.0,
        "Total Unusual Items Excluding Goodwill": 686000.0,
        "Net Income From Continuing Operation Net Minority Interest": 49556000.0,
        "Reconciled Depreciation": 3022000.0,
        "Net Interest Income": 94847000.0,
        "Interest Expense": 41202000.0,
        "Interest Income": 136049000.0,
        "Normalized Income": 48993205.6,
        "Net Income From Continuing And Discontinued Operation": 49556000.0,
        "Diluted Average Shares": 143149373.0,
        "Basic Average Shares": 142707260.0,
        "Diluted EPS": 0.35,
        "Basic EPS": 0.35,
        "Diluted NI Availto Com Stockholders": 49556000.0,
        "Net Income Common Stockholders": 49556000.0,
        "Net Income": 49556000.0,
        "Net Income Including Noncontrolling Interests": 49556000.0,
        "Net Income Continuous Operations": 49556000.0,
        "Tax Provision": 10848000.0,
        "Pretax Income": 60404000.0,
        "Gain On Sale Of Security": -972000.0,
        "Depreciation Amortization Depletion Income Statement": 2669000.0,
        "Depreciation And Amortization In Income Statement": 2669000.0,
        "Amortization": 2669000.0,
        "Amortization Of Intangibles Income Statement": 2669000.0,
        "Selling General And Administration": 35924000.0,
        "Selling And Marketing Expense": 808000.0,
        "General And Administrative Expense": 35116000.0,
        "Insurance And Claims": 1573000.0,
        "Salaries And Wages": 33543000.0,
        "Total Revenue": 118723000.0,
        "Operating Revenue": 118723000.0,
        "Occupancy And Equipment": 5765000.0,
        "Professional Expense And Contract Services Expense": 3558000.0,
        "Other Non Interest Expense": 8127000.0
    },
    "2023-12-31": {
        "Tax Effect Of Unusual Items": -13969.006088,
        "Tax Rate For Calcs": 0.17909,
        "Total Unusual Items": -78000.0,
        "Total Unusual Items Excluding Goodwill": -78000.0,
        "Net Income From Continuing Operation Net Minority Interest": 45980000.0,
        "Reconciled Depreciation": 3288000.0,
        "Net Interest Income": 98044000.0,
        "Interest Expense": 44698000.0,
        "Interest Income": 142742000.0,
        "Normalized Income": 46044030.993912,
        "Net Income From Continuing And Discontinued Operation": 45980000.0,
        "Diluted Average Shares": 143069900.0,
        "Basic Average Shares": 142680263.0,
        "Diluted EPS": 0.32,
        "Basic EPS": 0.32,
        "Diluted NI Availto Com Stockholders": 45980000.0,
        "Net Income Common Stockholders": 45980000.0,
        "Net Income": 45980000.0,
        "Net Income Including Noncontrolling Interests": 45980000.0,
        "Net Income Continuous Operations": 45980000.0,
        "Tax Provision": 10031000.0,
        "Pretax Income": 56011000.0,
        "Gain On Sale Of Security": -6205000.0,
        "Depreciation Amortization Depletion Income Statement": 3245000.0,
        "Depreciation And Amortization In Income Statement": 3245000.0,
        "Amortization": 3245000.0,
        "Amortization Of Intangibles Income Statement": 3245000.0,
        "Selling General And Administration": 39993000.0,
        "Selling And Marketing Expense": 489000.0,
        "General And Administrative Expense": 39504000.0,
        "Insurance And Claims": 3105000.0,
        "Salaries And Wages": 36399000.0,
        "Total Revenue": 116075000.0,
        "Operating Revenue": 116075000.0,
        "Occupancy And Equipment": 5368000.0,
        "Professional Expense And Contract Services Expense": 3391000.0,
        "Other Non Interest Expense": 8067000.0
    },
    "2024-03-31": {
        "Tax Effect Of Unusual Items": 0.0,
        "Tax Rate For Calcs": 0.177,
        "Total Unusual Items": 0.0,
        "Total Unusual Items Excluding Goodwill": 0.0,
        "Net Income From Continuing Operation Net Minority Interest": 53397000.0,
        "Reconciled Depreciation": 3221000.0,
        "Net Interest Income": 100797000.0,
        "Interest Expense": 49253000.0,
        "Interest Income": 150050000.0,
        "Normalized Income": 53397000.0,
        "Net Income From Continuing And Discontinued Operation": 53397000.0,
        "Diluted Average Shares": 143029449.0,
        "Basic Average Shares": 142724674.0,
        "Diluted EPS": 0.37,
        "Basic EPS": 0.37,
        "Diluted NI Availto Com Stockholders": 53397000.0,
        "Net Income Common Stockholders": 53397000.0,
        "Net Income": 53397000.0,
        "Net Income Including Noncontrolling Interests": 53397000.0,
        "Net Income Continuous Operations": 53397000.0,
        "Tax Provision": 11480000.0,
        "Pretax Income": 64877000.0,
        "Gain On Sale Of Security": 0.0,
        "Depreciation Amortization Depletion Income Statement": 3162000.0,
        "Depreciation And Amortization In Income Statement": 3162000.0,
        "Amortization": 3162000.0,
        "Amortization Of Intangibles Income Statement": 3162000.0,
        "Selling General And Administration": 40063000.0,
        "Selling And Marketing Expense": 716000.0,
        "General And Administrative Expense": 39347000.0,
        "Insurance And Claims": 1965000.0,
        "Salaries And Wages": 37382000.0,
        "Total Revenue": 126327000.0,
        "Operating Revenue": 126327000.0,
        "Occupancy And Equipment": 5707000.0,
        "Professional Expense And Contract Services Expense": 3067000.0,
        "Other Non Interest Expense": 8643000.0
    },
    "2024-06-30": {
        "Tax Effect Of Unusual Items": -9816.564793,
        "Tax Rate For Calcs": 0.175296,
        "Total Unusual Items": -56000.0,
        "Total Unusual Items Excluding Goodwill": -56000.0,
        "Net Income From Continuing Operation Net Minority Interest": 52485000.0,
        "Reconciled Depreciation": 3231000.0,
        "Net Interest Income": 103937000.0,
        "Interest Expense": 50400000.0,
        "Interest Income": 154337000.0,
        "Normalized Income": 52531183.435207,
        "Net Income From Continuing And Discontinued Operation": 52485000.0,
        "Diluted Average Shares": 143088930.0,
        "Basic Average Shares": 142814363.0,
        "Diluted EPS": 0.37,
        "Basic EPS": 0.37,
        "Diluted NI Availto Com Stockholders": 52485000.0,
        "Net Income Common Stockholders": 52485000.0,
        "Net Income": 52485000.0,
        "Net Income Including Noncontrolling Interests": 52485000.0,
        "Net Income Continuous Operations": 52485000.0,
        "Tax Provision": 11156000.0,
        "Pretax Income": 63641000.0,
        "Gain On Sale Of Security": 0.0,
        "Depreciation Amortization Depletion Income Statement": 3315000.0,
        "Depreciation And Amortization In Income Statement": 3315000.0,
        "Amortization": 3315000.0,
        "Amortization Of Intangibles Income Statement": 3315000.0,
        "Selling General And Administration": 40427000.0,
        "Selling And Marketing Expense": 741000.0,
        "General And Administrative Expense": 39686000.0,
        "Insurance And Claims": 1508000.0,
        "Salaries And Wages": 38178000.0,
        "Total Revenue": 131066000.0,
        "Operating Revenue": 131066000.0,
        "Occupancy And Equipment": 5851000.0,
        "Professional Expense And Contract Services Expense": 4262000.0,
        "Other Non Interest Expense": 7682000.0
    }
}