{
    "2023-06-30": {
        "Tax Effect Of Unusual Items": NaN,
        "Tax Rate For Calcs": NaN,
        "Total Unusual Items": NaN,
        "Total Unusual Items Excluding Goodwill": NaN,
        "Net Income From Continuing Operation Net Minority Interest": NaN,
        "Reconciled Depreciation": NaN,
        "Net Interest Income": NaN,
        "Interest Expense": NaN,
        "Interest Income": NaN,
        "Normalized Income": NaN,
        "Net Income From Continuing And Discontinued Operation": NaN,
        "Diluted Average Shares": NaN,
        "Basic Average Shares": NaN,
        "Diluted EPS": NaN,
        "Basic EPS": NaN,
        "Diluted NI Availto Com Stockholders": NaN,
        "Net Income Common Stockholders": NaN,
        "Net Income": NaN,
        "Net Income Including Noncontrolling Interests": NaN,
        "Net Income Continuous Operations": NaN,
        "Tax Provision": NaN,
        "Pretax Income": NaN,
        "Special Income Charges": -215252000.0,
        "Impairment Of Capital Assets": 215252000.0,
        "Gain On Sale Of Security": 0.0,
        "Selling General And Administration": NaN,
        "General And Administrative Expense": NaN,
        "Salaries And Wages": NaN,
        "Total Revenue": NaN,
        "Operating Revenue": NaN,
        "Occupancy And Equipment": NaN,
        "Professional Expense And Contract Services Expense": NaN,
        "Other Non Interest Expense": NaN
    },
    "2023-03-31": {
        "Tax Effect Of Unusual Items": NaN,
        "Tax Rate For Calcs": NaN,
        "Total Unusual Items": NaN,
        "Total Unusual Items Excluding Goodwill": NaN,
        "Net Income From Continuing Operation Net Minority Interest": NaN,
        "Reconciled Depreciation": NaN,
        "Net Interest Income": NaN,
        "Interest Expense": NaN,
        "Interest Income": NaN,
        "Normalized Income": NaN,
        "Net Income From Continuing And Discontinued Operation": NaN,
        "Diluted Average Shares": NaN,
        "Basic Average Shares": NaN,
        "Diluted EPS": NaN,
        "Basic EPS": NaN,
        "Diluted NI Availto Com Stockholders": NaN,
        "Net Income Common Stockholders": NaN,
        "Net Income": NaN,
        "Net Income Including Noncontrolling Interests": NaN,
        "Net Income Continuous Operations": NaN,
        "Tax Provision": NaN,
        "Pretax Income": NaN,
        "Special Income Charges": NaN,
        "Impairment Of Capital Assets": NaN,
        "Gain On Sale Of Security": 0.0,
        "Selling General And Administration": NaN,
        "General And Administrative Expense": NaN,
        "Salaries And Wages": NaN,
        "Total Revenue": NaN,
        "Operating Revenue": NaN,
        "Occupancy And Equipment": NaN,
        "Professional Expense And Contract Services Expense": NaN,
        "Other Non Interest Expense": NaN
    },
    "2022-12-31": {
        "Tax Effect Of Unusual Items": 0.0,
        "Tax Rate For Calcs": 0.171449,
        "Total Unusual Items": NaN,
        "Total Unusual Items Excluding Goodwill": NaN,
        "Net Income From Continuing Operation Net Minority Interest": 17354000.0,
        "Reconciled Depreciation": 2628000.0,
        "Net Interest Income": 74719000.0,
        "Interest Expense": 51298000.0,
        "Interest Income": 126017000.0,
        "Normalized Income": 17354000.0,
        "Net Income From Continuing And Discontinued Operation": 17354000.0,
        "Diluted Average Shares": 56433461.0,
        "Basic Average Shares": 56366499.0,
        "Diluted EPS": 0.31,
        "Basic EPS": 0.31,
        "Diluted NI Availto Com Stockholders": 17354000.0,
        "Net Income Common Stockholders": 17354000.0,
        "Net Income": 17354000.0,
        "Net Income Including Noncontrolling Interests": 17354000.0,
        "Net Income Continuous Operations": 17354000.0,
        "Tax Provision": 3591000.0,
        "Pretax Income": 20945000.0,
        "Special Income Charges": NaN,
        "Impairment Of Capital Assets": NaN,
        "Selling General And Administration": 23236000.0,
        "General And Administrative Expense": 23236000.0,
        "Salaries And Wages": 23236000.0,
        "Total Revenue": 63723000.0,
        "Operating Revenue": 63723000.0
    },
    "2022-09-30": {
        "Tax Effect Of Unusual Items": NaN,
        "Tax Rate For Calcs": NaN,
        "Total Unusual Items": NaN,
        "Total Unusual Items Excluding Goodwill": NaN,
        "Net Income From Continuing Operation Net Minority Interest": NaN,
        "Reconciled Depreciation": NaN,
        "Net Interest Income": NaN,
        "Interest Expense": NaN,
        "Interest Income": NaN,
        "Normalized Income": NaN,
        "Net Income From Continuing And Discontinued Operation": NaN,
        "Diluted Average Shares": NaN,
        "Basic Average Shares": NaN,
        "Diluted EPS": NaN,
        "Basic EPS": NaN,
        "Diluted NI Availto Com Stockholders": NaN,
        "Net Income Common Stockholders": NaN,
        "Net Income": NaN,
        "Net Income Including Noncontrolling Interests": NaN,
        "Net Income Continuous Operations": NaN,
        "Tax Provision": NaN,
        "Pretax Income": NaN,
        "Special Income Charges": 0.0,
        "Impairment Of Capital Assets": 0.0,
        "Gain On Sale Of Security": NaN,
        "Selling General And Administration": NaN,
        "General And Administrative Expense": NaN,
        "Salaries And Wages": NaN,
        "Total Revenue": NaN,
        "Operating Revenue": NaN
    },
    "2022-06-30": {
        "Tax Effect Of Unusual Items": 0.0,
        "Tax Rate For Calcs": 0.279,
        "Total Unusual Items": NaN,
        "Total Unusual Items Excluding Goodwill": NaN,
        "Net Income From Continuing Operation Net Minority Interest": 33316000.0,
        "Reconciled Depreciation": 2056000.0,
        "Net Interest Income": 81805000.0,
        "Interest Expense": 8166000.0,
        "Interest Income": 89971000.0,
        "Normalized Income": 33316000.0,
        "Net Income From Continuing And Discontinued Operation": 33316000.0,
        "Diluted Average Shares": 56519669.0,
        "Basic Average Shares": 56471470.0,
        "Diluted EPS": 0.59,
        "Basic EPS": 0.59,
        "Diluted NI Availto Com Stockholders": 33316000.0,
        "Net Income Common Stockholders": 33316000.0,
        "Net Income": 33316000.0,
        "Net Income Including Noncontrolling Interests": 33316000.0,
        "Net Income Continuous Operations": 33316000.0,
        "Tax Provision": 12911000.0,
        "Pretax Income": 46227000.0,
        "Special Income Charges": NaN,
        "Impairment Of Capital Assets": NaN,
        "Selling General And Administration": 27634000.0,
        "General And Administrative Expense": 27634000.0,
        "Salaries And Wages": 27634000.0,
        "Total Revenue": 90594000.0,
        "Operating Revenue": 90594000.0
    },
    "2022-03-31": {
        "Diluted EPS": 0.55,
        "Total Revenue": 95,
        "Gross Profit": 90,
        "Operating Income": 43,
        "EBIT": NaN,
        "Net Income": 31
    },
    "2021-12-31": {
        "Diluted EPS": 0.5,
        "Total Revenue": 79,
        "Gross Profit": 76,
        "Operating Income": 32,
        "EBIT": NaN,
        "Net Income": 24
    },
    "2021-09-30": {
        "Diluted EPS": 0.83,
        "Total Revenue": 93,
        "Gross Profit": 90,
        "Operating Income": 52,
        "EBIT": NaN,
        "Net Income": 37
    },
    "2021-06-30": {
        "Diluted EPS": 0.58,
        "Total Revenue": 75,
        "Gross Profit": 72,
        "Operating Income": 36,
        "EBIT": NaN,
        "Net Income": 26
    },
    "2021-03-31": {
        "Diluted EPS": 0.5,
        "Total Revenue": 71,
        "Gross Profit": 66,
        "Operating Income": 31,
        "EBIT": NaN,
        "Net Income": 22
    },
    "2020-12-31": {
        "Diluted EPS": 0.5,
        "Total Revenue": 69,
        "Gross Profit": 63,
        "Operating Income": 32,
        "EBIT": NaN,
        "Net Income": 22
    },
    "2020-09-30": {
        "Diluted EPS": 0.69,
        "Total Revenue": 85,
        "Gross Profit": 75,
        "Operating Income": 43,
        "EBIT": NaN,
        "Net Income": 31
    },
    "2020-06-30": {
        "Diluted EPS": 0.4,
        "Total Revenue": 71,
        "Gross Profit": 57,
        "Operating Income": 25,
        "EBIT": NaN,
        "Net Income": 18
    },
    "2020-03-31": {
        "Diluted EPS": 0.29,
        "Total Revenue": 73,
        "Gross Profit": 56,
        "Operating Income": 19,
        "EBIT": NaN,
        "Net Income": 13
    },
    "2019-12-31": {
        "Diluted EPS": 0.33,
        "Total Revenue": 72,
        "Gross Profit": 54,
        "Operating Income": 22,
        "EBIT": NaN,
        "Net Income": 15
    },
    "2019-09-30": {
        "Diluted EPS": 0.39,
        "Total Revenue": 77,
        "Gross Profit": 57,
        "Operating Income": 24,
        "EBIT": NaN,
        "Net Income": 17
    },
    "2019-06-30": {
        "Diluted EPS": 0.28,
        "Total Revenue": 72,
        "Gross Profit": 51,
        "Operating Income": 18,
        "EBIT": NaN,
        "Net Income": 12
    },
    "2019-03-31": {
        "Diluted EPS": 0.25,
        "Total Revenue": 69,
        "Gross Profit": 50,
        "Operating Income": 16,
        "EBIT": NaN,
        "Net Income": 11
    },
    "2018-12-31": {
        "Diluted EPS": 0.33,
        "Total Revenue": 66,
        "Gross Profit": 50,
        "Operating Income": 20,
        "EBIT": NaN,
        "Net Income": 14
    },
    "2018-09-30": {
        "Diluted EPS": 0.33,
        "Total Revenue": 69,
        "Gross Profit": 55,
        "Operating Income": 21,
        "EBIT": NaN,
        "Net Income": 15
    },
    "2018-06-30": {
        "Diluted EPS": 0.12,
        "Total Revenue": 55,
        "Gross Profit": 43,
        "Operating Income": 7,
        "EBIT": NaN,
        "Net Income": 5
    },
    "2018-03-31": {
        "Diluted EPS": 0.23,
        "Total Revenue": 52,
        "Gross Profit": 43,
        "Operating Income": 13,
        "EBIT": NaN,
        "Net Income": 9
    },
    "2017-12-31": {
        "Diluted EPS": 0.05,
        "Total Revenue": 49,
        "Gross Profit": 43,
        "Operating Income": 13,
        "EBIT": NaN,
        "Net Income": 2
    },
    "2017-09-30": {
        "Diluted EPS": 0.27,
        "Total Revenue": 45,
        "Gross Profit": 38,
        "Operating Income": 14,
        "EBIT": NaN,
        "Net Income": 10
    },
    "2017-06-30": {
        "Diluted EPS": 0.28,
        "Total Revenue": 43,
        "Gross Profit": 38,
        "Operating Income": 14,
        "EBIT": NaN,
        "Net Income": 10
    },
    "2017-03-31": {
        "Diluted EPS": 0.18,
        "Total Revenue": 38,
        "Gross Profit": 34,
        "Operating Income": 9,
        "EBIT": NaN,
        "Net Income": 6
    },
    "2016-12-31": {
        "Diluted EPS": 0.2,
        "Total Revenue": 36,
        "Gross Profit": 33,
        "Operating Income": 11,
        "EBIT": NaN,
        "Net Income": 7
    },
    "2016-09-30": {
        "Diluted EPS": 0.27,
        "Total Revenue": 41,
        "Gross Profit": 38,
        "Operating Income": 15,
        "EBIT": NaN,
        "Net Income": 9
    },
    "2016-06-30": {
        "Diluted EPS": 0.12,
        "Total Revenue": 29,
        "Gross Profit": 27,
        "Operating Income": 6,
        "EBIT": NaN,
        "Net Income": 4
    },
    "2016-03-31": {
        "Diluted EPS": 0.11,
        "Total Revenue": 29,
        "Gross Profit": 26,
        "Operating Income": 7,
        "EBIT": NaN,
        "Net Income": 4
    },
    "2015-12-31": {
        "Diluted EPS": 0.14,
        "Total Revenue": 28,
        "Gross Profit": 27,
        "Operating Income": 8,
        "EBIT": NaN,
        "Net Income": 5
    },
    "2015-09-30": {
        "Diluted EPS": 0.11,
        "Total Revenue": 24,
        "Gross Profit": 22,
        "Operating Income": 5,
        "EBIT": NaN,
        "Net Income": 3
    },
    "2015-06-30": {
        "Diluted EPS": 0.18,
        "Total Revenue": 21,
        "Gross Profit": 20,
        "Operating Income": 5,
        "EBIT": NaN,
        "Net Income": 3
    },
    "2015-03-31": {
        "Diluted EPS": 0.16,
        "Total Revenue": 19,
        "Gross Profit": 18,
        "Operating Income": 5,
        "EBIT": NaN,
        "Net Income": 3
    },
    "2014-12-31": {
        "Diluted EPS": 0.18,
        "Total Revenue": 19,
        "Gross Profit": 18,
        "Operating Income": 5,
        "EBIT": NaN,
        "Net Income": 3
    },
    "2014-09-30": {
        "Diluted EPS": 0.16,
        "Total Revenue": 19,
        "Gross Profit": 18,
        "Operating Income": 5,
        "EBIT": NaN,
        "Net Income": 3
    },
    "2014-06-30": {
        "Diluted EPS": 0.08,
        "Total Revenue": 17,
        "Gross Profit": 16,
        "Operating Income": 2,
        "EBIT": NaN,
        "Net Income": 1
    },
    "2014-03-31": {
        "Diluted EPS": 0.09,
        "Total Revenue": 16,
        "Gross Profit": 15,
        "Operating Income": 3,
        "EBIT": NaN,
        "Net Income": 1
    },
    "2013-12-31": {
        "Diluted EPS": 0.22,
        "Total Revenue": 15,
        "Gross Profit": 14,
        "Operating Income": 0,
        "EBIT": NaN,
        "Net Income": 3
    },
    "2013-09-30": {
        "Diluted EPS": 0.1,
        "Total Revenue": 15,
        "Gross Profit": 14,
        "Operating Income": 2,
        "EBIT": NaN,
        "Net Income": 1
    },
    "2013-06-30": {
        "Diluted EPS": 0.12,
        "Total Revenue": 16,
        "Gross Profit": 15,
        "Operating Income": 3,
        "EBIT": NaN,
        "Net Income": 2
    },
    "2013-03-31": {
        "Diluted EPS": 0.07,
        "Total Revenue": 14,
        "Gross Profit": 13,
        "Operating Income": 2,
        "EBIT": NaN,
        "Net Income": 1
    },
    "2012-12-31": {
        "Diluted EPS": 0.0,
        "Total Revenue": NaN,
        "Gross Profit": NaN,
        "Operating Income": NaN,
        "EBIT": NaN,
        "Net Income": NaN
    },
    "2023-09-30": {
        "Tax Effect Of Unusual Items": 0.0,
        "Tax Rate For Calcs": 0.21,
        "Total Unusual Items": 0.0,
        "Total Unusual Items Excluding Goodwill": 0.0,
        "Net Income From Continuing Operation Net Minority Interest": 2180000.0,
        "Reconciled Depreciation": 1988000.0,
        "Net Interest Income": 52073000.0,
        "Interest Expense": 92692000.0,
        "Interest Income": 144765000.0,
        "Normalized Income": 2180000.0,
        "Net Income From Continuing And Discontinued Operation": 2180000.0,
        "Diluted Average Shares": 56449720.0,
        "Basic Average Shares": 56443539.0,
        "Diluted EPS": 0.04,
        "Basic EPS": 0.04,
        "Diluted NI Availto Com Stockholders": 2180000.0,
        "Net Income Common Stockholders": 2180000.0,
        "Net Income": 2180000.0,
        "Net Income Including Noncontrolling Interests": 2180000.0,
        "Net Income Continuous Operations": 2180000.0,
        "Tax Provision": -600000.0,
        "Pretax Income": 1580000.0,
        "Special Income Charges": 0.0,
        "Impairment Of Capital Assets": 0.0,
        "Gain On Sale Of Security": 0.0,
        "Selling General And Administration": 19632000.0,
        "General And Administrative Expense": 19632000.0,
        "Salaries And Wages": 19632000.0,
        "Total Revenue": 39088000.0,
        "Operating Revenue": 39088000.0,
        "Occupancy And Equipment": 9253000.0,
        "Professional Expense And Contract Services Expense": 3748000.0,
        "Other Non Interest Expense": 6890000.0
    },
    "2023-12-31": {
        "Tax Effect Of Unusual Items": 0.0,
        "Tax Rate For Calcs": 0.21,
        "Total Unusual Items": 0.0,
        "Total Unusual Items Excluding Goodwill": 0.0,
        "Net Income From Continuing Operation Net Minority Interest": 2548000.0,
        "Reconciled Depreciation": 2046000.0,
        "Net Interest Income": 42493000.0,
        "Interest Expense": 104105000.0,
        "Interest Income": 146598000.0,
        "Normalized Income": 2548000.0,
        "Net Income From Continuing And Discontinued Operation": 2548000.0,
        "Diluted Average Shares": 56477589.0,
        "Basic Average Shares": 56452327.0,
        "Diluted EPS": 0.05,
        "Basic EPS": 0.05,
        "Diluted NI Availto Com Stockholders": 2548000.0,
        "Net Income Common Stockholders": 2548000.0,
        "Net Income": 2548000.0,
        "Net Income Including Noncontrolling Interests": 2548000.0,
        "Net Income Continuous Operations": 2548000.0,
        "Tax Provision": -2300000.0,
        "Pretax Income": 248000.0,
        "Special Income Charges": 0.0,
        "Impairment Of Capital Assets": 0.0,
        "Gain On Sale Of Security": NaN,
        "Selling General And Administration": 18353000.0,
        "General And Administrative Expense": 18353000.0,
        "Salaries And Wages": 18353000.0,
        "Total Revenue": 39965000.0,
        "Operating Revenue": 39965000.0,
        "Occupancy And Equipment": 9478000.0,
        "Professional Expense And Contract Services Expense": 3499000.0,
        "Other Non Interest Expense": 8158000.0
    },
    "2024-03-31": {
        "Tax Effect Of Unusual Items": 142590.0,
        "Tax Rate For Calcs": 0.21,
        "Total Unusual Items": 679000.0,
        "Total Unusual Items Excluding Goodwill": 679000.0,
        "Net Income From Continuing Operation Net Minority Interest": 793000.0,
        "Reconciled Depreciation": 2307000.0,
        "Net Interest Income": 38386000.0,
        "Interest Expense": 112067000.0,
        "Interest Income": 150453000.0,
        "Normalized Income": 256590.0,
        "Net Income From Continuing And Discontinued Operation": 793000.0,
        "Diluted Average Shares": 56503875.0,
        "Basic Average Shares": 56484655.0,
        "Diluted EPS": 0.01,
        "Basic EPS": 0.01,
        "Diluted NI Availto Com Stockholders": 793000.0,
        "Net Income Common Stockholders": 793000.0,
        "Net Income": 793000.0,
        "Net Income Including Noncontrolling Interests": 793000.0,
        "Net Income Continuous Operations": 793000.0,
        "Tax Provision": -910000.0,
        "Pretax Income": -117000.0,
        "Special Income Charges": NaN,
        "Impairment Of Capital Assets": NaN,
        "Gain On Sale Of Security": 1057000.0,
        "Selling General And Administration": 19407000.0,
        "General And Administrative Expense": 19407000.0,
        "Salaries And Wages": 19407000.0,
        "Total Revenue": 40331000.0,
        "Operating Revenue": 40331000.0,
        "Occupancy And Equipment": 9087000.0,
        "Professional Expense And Contract Services Expense": 3390000.0,
        "Other Non Interest Expense": 7987000.0
    },
    "2024-06-30": {
        "Tax Effect Of Unusual Items": 0.0,
        "Tax Rate For Calcs": 0.21,
        "Total Unusual Items": 0.0,
        "Total Unusual Items Excluding Goodwill": 0.0,
        "Net Income From Continuing Operation Net Minority Interest": 3085000.0,
        "Reconciled Depreciation": 1941000.0,
        "Net Interest Income": 43829000.0,
        "Interest Expense": 107085000.0,
        "Interest Income": 150914000.0,
        "Normalized Income": 3085000.0,
        "Net Income From Continuing And Discontinued Operation": 3085000.0,
        "Diluted Average Shares": 56532465.0,
        "Basic Average Shares": 56523640.0,
        "Diluted EPS": 0.05,
        "Basic EPS": 0.05,
        "Diluted NI Availto Com Stockholders": 3085000.0,
        "Net Income Common Stockholders": 3085000.0,
        "Net Income": 3085000.0,
        "Net Income Including Noncontrolling Interests": 3085000.0,
        "Net Income Continuous Operations": 3085000.0,
        "Tax Provision": -421000.0,
        "Pretax Income": 2664000.0,
        "Special Income Charges": 0.0,
        "Impairment Of Capital Assets": 0.0,
        "Gain On Sale Of Security": 1819000.0,
        "Selling General And Administration": 19095000.0,
        "General And Administrative Expense": 19095000.0,
        "Salaries And Wages": 19095000.0,
        "Total Revenue": 41383000.0,
        "Operating Revenue": 41383000.0,
        "Occupancy And Equipment": 9026000.0,
        "Professional Expense And Contract Services Expense": 3667000.0,
        "Other Non Interest Expense": 7737000.0
    },
    "2024-09-30": {
        "Tax Effect Of Unusual Items": 0.0,
        "Tax Rate For Calcs": 0.297466,
        "Total Unusual Items": 0.0,
        "Total Unusual Items Excluding Goodwill": 0.0,
        "Net Income From Continuing Operation Net Minority Interest": -82174000.0,
        "Reconciled Depreciation": 1913000.0,
        "Net Interest Income": 49119000.0,
        "Interest Expense": 108037000.0,
        "Interest Income": 157156000.0,
        "Normalized Income": -82174000.0,
        "Net Income From Continuing And Discontinued Operation": -82174000.0,
        "Diluted Average Shares": 66992701.0,
        "Basic Average Shares": 66992701.0,
        "Diluted EPS": -1.23,
        "Basic EPS": -1.23,
        "Diluted NI Availto Com Stockholders": -82174000.0,
        "Net Income Common Stockholders": -82174000.0,
        "Net Income": -82174000.0,
        "Net Income Including Noncontrolling Interests": -82174000.0,
        "Net Income Continuous Operations": -82174000.0,
        "Tax Provision": -34794000.0,
        "Pretax Income": -116968000.0,
        "Special Income Charges": 0.0,
        "Impairment Of Capital Assets": 0.0,
        "Gain On Sale Of Security": -117517000.0,
        "Selling General And Administration": 20009000.0,
        "General And Administrative Expense": 20009000.0,
        "Salaries And Wages": 20009000.0,
        "Total Revenue": -75415000.0,
        "Operating Revenue": -75415000.0,
        "Occupancy And Equipment": 9013000.0,
        "Professional Expense And Contract Services Expense": 5095000.0,
        "Other Non Interest Expense": 7154000.0
    }
}