{
    "2023-03-31": {
        "Tax Effect Of Unusual Items": NaN,
        "Tax Rate For Calcs": NaN,
        "Net Income From Continuing Operation Net Minority Interest": NaN,
        "Reconciled Depreciation": NaN,
        "EBIT": NaN,
        "Net Interest Income": NaN,
        "Interest Expense": NaN,
        "Interest Income": NaN,
        "Normalized Income": NaN,
        "Net Income From Continuing And Discontinued Operation": NaN,
        "Total Expenses": NaN,
        "Diluted Average Shares": NaN,
        "Basic Average Shares": NaN,
        "Diluted EPS": NaN,
        "Basic EPS": NaN,
        "Diluted NI Availto Com Stockholders": NaN,
        "Net Income Common Stockholders": NaN,
        "Preferred Stock Dividends": NaN,
        "Net Income": NaN,
        "Minority Interests": NaN,
        "Net Income Including Noncontrolling Interests": NaN,
        "Net Income Discontinuous Operations": 0.0,
        "Net Income Continuous Operations": NaN,
        "Tax Provision": NaN,
        "Pretax Income": NaN,
        "Other Income Expense": NaN,
        "Net Non Operating Interest Income Expense": NaN,
        "Interest Expense Non Operating": NaN,
        "Interest Income Non Operating": 432000000.0,
        "Other Operating Expenses": NaN,
        "Depreciation And Amortization In Income Statement": NaN,
        "Selling General And Administration": NaN,
        "General And Administrative Expense": NaN,
        "Salaries And Wages": NaN,
        "Total Revenue": NaN,
        "Operating Revenue": NaN,
        "Loss Adjustment Expense": NaN,
        "Net Policyholder Benefits And Claims": NaN,
        "Policyholder Benefits Gross": NaN
    },
    "2022-12-31": {
        "Tax Effect Of Unusual Items": NaN,
        "Tax Rate For Calcs": NaN,
        "Net Income From Continuing Operation Net Minority Interest": NaN,
        "Reconciled Depreciation": NaN,
        "EBIT": NaN,
        "Net Interest Income": NaN,
        "Interest Expense": NaN,
        "Interest Income": NaN,
        "Normalized Income": NaN,
        "Net Income From Continuing And Discontinued Operation": NaN,
        "Total Expenses": NaN,
        "Diluted Average Shares": NaN,
        "Basic Average Shares": NaN,
        "Diluted EPS": NaN,
        "Basic EPS": NaN,
        "Diluted NI Availto Com Stockholders": NaN,
        "Net Income Common Stockholders": NaN,
        "Preferred Stock Dividends": NaN,
        "Net Income": NaN,
        "Minority Interests": NaN,
        "Net Income Including Noncontrolling Interests": NaN,
        "Net Income Discontinuous Operations": 0.0,
        "Net Income Continuous Operations": NaN,
        "Tax Provision": NaN,
        "Pretax Income": NaN,
        "Other Income Expense": NaN,
        "Net Non Operating Interest Income Expense": NaN,
        "Interest Expense Non Operating": NaN,
        "Interest Income Non Operating": 412000000.0,
        "Other Operating Expenses": NaN,
        "Depreciation And Amortization In Income Statement": NaN,
        "Selling General And Administration": NaN,
        "General And Administrative Expense": NaN,
        "Salaries And Wages": NaN,
        "Total Revenue": NaN,
        "Operating Revenue": NaN,
        "Loss Adjustment Expense": NaN,
        "Net Policyholder Benefits And Claims": NaN,
        "Policyholder Benefits Gross": NaN
    },
    "2023-06-30": {
        "Tax Effect Of Unusual Items": NaN,
        "Tax Rate For Calcs": NaN,
        "Net Income From Continuing Operation Net Minority Interest": NaN,
        "Reconciled Depreciation": NaN,
        "EBIT": NaN,
        "Net Interest Income": NaN,
        "Interest Expense": NaN,
        "Interest Income": NaN,
        "Normalized Income": NaN,
        "Net Income From Continuing And Discontinued Operation": NaN,
        "Total Expenses": NaN,
        "Diluted Average Shares": NaN,
        "Basic Average Shares": NaN,
        "Diluted EPS": NaN,
        "Basic EPS": NaN,
        "Diluted NI Availto Com Stockholders": NaN,
        "Net Income Common Stockholders": NaN,
        "Preferred Stock Dividends": NaN,
        "Net Income": NaN,
        "Minority Interests": 0.0,
        "Net Income Including Noncontrolling Interests": NaN,
        "Net Income Continuous Operations": NaN,
        "Tax Provision": NaN,
        "Pretax Income": NaN,
        "Other Income Expense": 16000000.0,
        "Net Non Operating Interest Income Expense": NaN,
        "Interest Expense Non Operating": NaN,
        "Interest Income Non Operating": 448000000.0,
        "Other Operating Expenses": NaN,
        "Depreciation And Amortization In Income Statement": NaN,
        "Selling General And Administration": NaN,
        "General And Administrative Expense": NaN,
        "Salaries And Wages": NaN,
        "Total Revenue": NaN,
        "Operating Revenue": NaN,
        "Loss Adjustment Expense": NaN,
        "Net Policyholder Benefits And Claims": NaN,
        "Policyholder Benefits Gross": NaN
    },
    "2022-09-30": {
        "Tax Effect Of Unusual Items": NaN,
        "Tax Rate For Calcs": NaN,
        "Net Income From Continuing Operation Net Minority Interest": NaN,
        "Reconciled Depreciation": NaN,
        "EBIT": NaN,
        "Net Interest Income": NaN,
        "Interest Expense": NaN,
        "Interest Income": NaN,
        "Normalized Income": NaN,
        "Net Income From Continuing And Discontinued Operation": NaN,
        "Total Expenses": NaN,
        "Diluted Average Shares": NaN,
        "Basic Average Shares": NaN,
        "Diluted EPS": NaN,
        "Basic EPS": NaN,
        "Diluted NI Availto Com Stockholders": NaN,
        "Net Income Common Stockholders": NaN,
        "Preferred Stock Dividends": NaN,
        "Net Income": NaN,
        "Minority Interests": NaN,
        "Net Income Including Noncontrolling Interests": NaN,
        "Net Income Discontinuous Operations": NaN,
        "Net Income Continuous Operations": NaN,
        "Tax Provision": NaN,
        "Pretax Income": NaN,
        "Other Income Expense": NaN,
        "Net Non Operating Interest Income Expense": NaN,
        "Interest Expense Non Operating": NaN,
        "Interest Income Non Operating": 364000000.0,
        "Other Operating Expenses": NaN,
        "Depreciation And Amortization In Income Statement": NaN,
        "Selling General And Administration": NaN,
        "General And Administrative Expense": NaN,
        "Salaries And Wages": NaN,
        "Total Revenue": NaN,
        "Operating Revenue": NaN
    },
    "2022-06-30": {
        "Tax Effect Of Unusual Items": 0.0,
        "Tax Rate For Calcs": 0.2,
        "Net Income From Continuing Operation Net Minority Interest": 385000000.0,
        "Reconciled Depreciation": 80000000.0,
        "EBIT": 491000000.0,
        "Net Interest Income": -9000000.0,
        "Interest Expense": 9000000.0,
        "Normalized Income": 385000000.0,
        "Net Income From Continuing And Discontinued Operation": 385000000.0,
        "Total Expenses": -470000000.0,
        "Diluted Average Shares": 18836000.0,
        "Basic Average Shares": 18836000.0,
        "Diluted EPS": 20.439584,
        "Basic EPS": 20.439584,
        "Diluted NI Availto Com Stockholders": 385000000.0,
        "Net Income Common Stockholders": 385000000.0,
        "Net Income": 385000000.0,
        "Net Income Including Noncontrolling Interests": 385000000.0,
        "Net Income Discontinuous Operations": NaN,
        "Net Income Continuous Operations": 385000000.0,
        "Tax Provision": 97000000.0,
        "Pretax Income": 482000000.0,
        "Other Income Expense": 13000000.0,
        "Net Non Operating Interest Income Expense": -9000000.0,
        "Interest Expense Non Operating": 9000000.0,
        "Other Operating Expenses": -158000000.0,
        "Depreciation And Amortization In Income Statement": 80000000.0,
        "Selling General And Administration": 34000000.0,
        "General And Administrative Expense": 34000000.0,
        "Salaries And Wages": 34000000.0,
        "Total Revenue": 12000000.0,
        "Operating Revenue": 12000000.0
    },
    "2023-09-30": {
        "Tax Effect Of Unusual Items": 0.0,
        "Tax Rate For Calcs": 0.194737,
        "Net Income From Continuing Operation Net Minority Interest": 306000000.0,
        "Reconciled Depreciation": 108000000.0,
        "EBIT": 404000000.0,
        "Net Interest Income": -24000000.0,
        "Interest Expense": 24000000.0,
        "Interest Income": 568000000.0,
        "Normalized Income": 306000000.0,
        "Net Income From Continuing And Discontinued Operation": 306000000.0,
        "Total Expenses": 403000000.0,
        "Diluted Average Shares": 125000000.0,
        "Basic Average Shares": 124000000.0,
        "Diluted EPS": 2.45,
        "Basic EPS": 2.47,
        "Diluted NI Availto Com Stockholders": 306000000.0,
        "Net Income Common Stockholders": 306000000.0,
        "Preferred Stock Dividends": NaN,
        "Net Income": 306000000.0,
        "Minority Interests": 0.0,
        "Net Income Including Noncontrolling Interests": 306000000.0,
        "Net Income Continuous Operations": 306000000.0,
        "Tax Provision": 74000000.0,
        "Pretax Income": 380000000.0,
        "Other Income Expense": 27000000.0,
        "Net Non Operating Interest Income Expense": -24000000.0,
        "Interest Expense Non Operating": 24000000.0,
        "Interest Income Non Operating": 476000000.0,
        "Other Operating Expenses": -11000000.0,
        "Depreciation And Amortization In Income Statement": 108000000.0,
        "Selling General And Administration": 58000000.0,
        "General And Administrative Expense": 58000000.0,
        "Salaries And Wages": 58000000.0,
        "Total Revenue": 783000000.0,
        "Operating Revenue": 783000000.0,
        "Loss Adjustment Expense": 53000000.0,
        "Net Policyholder Benefits And Claims": 53000000.0,
        "Policyholder Benefits Gross": 53000000.0
    },
    "2023-12-31": {
        "Tax Effect Of Unusual Items": 0.0,
        "Tax Rate For Calcs": 0.202667,
        "Net Income From Continuing Operation Net Minority Interest": -299000000.0,
        "Reconciled Depreciation": 110000000.0,
        "EBIT": -349000000.0,
        "Net Interest Income": -26000000.0,
        "Interest Expense": 26000000.0,
        "Interest Income": 589000000.0,
        "Normalized Income": -299000000.0,
        "Net Income From Continuing And Discontinued Operation": -299000000.0,
        "Total Expenses": 1927000000.0,
        "Diluted Average Shares": 124000000.0,
        "Basic Average Shares": 124000000.0,
        "Diluted EPS": -2.41,
        "Basic EPS": -2.41,
        "Diluted NI Availto Com Stockholders": -299000000.0,
        "Net Income Common Stockholders": -299000000.0,
        "Preferred Stock Dividends": NaN,
        "Net Income": -299000000.0,
        "Minority Interests": NaN,
        "Net Income Including Noncontrolling Interests": -299000000.0,
        "Net Income Continuous Operations": -299000000.0,
        "Tax Provision": -76000000.0,
        "Pretax Income": -375000000.0,
        "Other Income Expense": NaN,
        "Net Non Operating Interest Income Expense": -26000000.0,
        "Interest Expense Non Operating": 26000000.0,
        "Interest Income Non Operating": NaN,
        "Other Operating Expenses": 154000000.0,
        "Depreciation And Amortization In Income Statement": 110000000.0,
        "Selling General And Administration": 65000000.0,
        "General And Administrative Expense": 65000000.0,
        "Salaries And Wages": 65000000.0,
        "Total Revenue": 1552000000.0,
        "Operating Revenue": 1552000000.0,
        "Loss Adjustment Expense": 1344000000.0,
        "Net Policyholder Benefits And Claims": 1344000000.0,
        "Policyholder Benefits Gross": 1344000000.0
    },
    "2024-03-31": {
        "Tax Effect Of Unusual Items": 0.0,
        "Tax Rate For Calcs": 0.18,
        "Net Income From Continuing Operation Net Minority Interest": 115000000.0,
        "Reconciled Depreciation": 123000000.0,
        "EBIT": 172000000.0,
        "Net Interest Income": -30000000.0,
        "Interest Expense": 30000000.0,
        "Interest Income": 622000000.0,
        "Normalized Income": 115000000.0,
        "Net Income From Continuing And Discontinued Operation": 115000000.0,
        "Total Expenses": 1373000000.0,
        "Diluted Average Shares": 130000000.0,
        "Basic Average Shares": 124000000.0,
        "Diluted EPS": 0.88,
        "Basic EPS": 0.9,
        "Diluted NI Availto Com Stockholders": 111000000.0,
        "Net Income Common Stockholders": 111000000.0,
        "Preferred Stock Dividends": 4000000.0,
        "Net Income": 115000000.0,
        "Minority Interests": -1000000.0,
        "Net Income Including Noncontrolling Interests": 116000000.0,
        "Net Income Continuous Operations": 116000000.0,
        "Tax Provision": 26000000.0,
        "Pretax Income": 142000000.0,
        "Other Income Expense": 66000000.0,
        "Net Non Operating Interest Income Expense": -30000000.0,
        "Interest Expense Non Operating": 30000000.0,
        "Interest Income Non Operating": NaN,
        "Other Operating Expenses": 47000000.0,
        "Depreciation And Amortization In Income Statement": 123000000.0,
        "Selling General And Administration": 66000000.0,
        "General And Administrative Expense": 66000000.0,
        "Salaries And Wages": 66000000.0,
        "Total Revenue": 1515000000.0,
        "Operating Revenue": 1515000000.0,
        "Loss Adjustment Expense": 834000000.0,
        "Net Policyholder Benefits And Claims": 834000000.0,
        "Policyholder Benefits Gross": 834000000.0
    },
    "2024-06-30": {
        "Tax Effect Of Unusual Items": 0.0,
        "Tax Rate For Calcs": 0.2,
        "Net Income From Continuing Operation Net Minority Interest": 203000000.0,
        "Reconciled Depreciation": 147000000.0,
        "EBIT": 282000000.0,
        "Net Interest Income": -28000000.0,
        "Interest Expense": 28000000.0,
        "Interest Income": 653000000.0,
        "Normalized Income": 203000000.0,
        "Net Income From Continuing And Discontinued Operation": 203000000.0,
        "Total Expenses": 821000000.0,
        "Diluted Average Shares": 131000000.0,
        "Basic Average Shares": 124000000.0,
        "Diluted EPS": 1.55,
        "Basic EPS": 1.6,
        "Diluted NI Availto Com Stockholders": 198000000.0,
        "Net Income Common Stockholders": 198000000.0,
        "Preferred Stock Dividends": 5000000.0,
        "Net Income": 203000000.0,
        "Minority Interests": -1000000.0,
        "Net Income Including Noncontrolling Interests": 204000000.0,
        "Net Income Continuous Operations": 204000000.0,
        "Tax Provision": 50000000.0,
        "Pretax Income": 254000000.0,
        "Other Income Expense": 88000000.0,
        "Net Non Operating Interest Income Expense": -28000000.0,
        "Interest Expense Non Operating": 28000000.0,
        "Interest Income Non Operating": NaN,
        "Other Operating Expenses": 66000000.0,
        "Depreciation And Amortization In Income Statement": 147000000.0,
        "Selling General And Administration": 69000000.0,
        "General And Administrative Expense": 69000000.0,
        "Salaries And Wages": 69000000.0,
        "Total Revenue": 1075000000.0,
        "Operating Revenue": 1075000000.0,
        "Loss Adjustment Expense": 254000000.0,
        "Net Policyholder Benefits And Claims": 254000000.0,
        "Policyholder Benefits Gross": 254000000.0
    },
    "2024-09-30": {
        "Tax Effect Of Unusual Items": 0.0,
        "Tax Rate For Calcs": 0.21,
        "Net Income From Continuing Operation Net Minority Interest": -6000000.0,
        "Reconciled Depreciation": 147000000.0,
        "EBIT": 6000000.0,
        "Net Interest Income": -36000000.0,
        "Interest Expense": 36000000.0,
        "Interest Income": 694000000.0,
        "Normalized Income": -6000000.0,
        "Net Income From Continuing And Discontinued Operation": -6000000.0,
        "Total Expenses": 1391000000.0,
        "Diluted Average Shares": 124000000.0,
        "Basic Average Shares": 124000000.0,
        "Diluted EPS": -0.08,
        "Basic EPS": -0.08,
        "Diluted NI Availto Com Stockholders": -10000000.0,
        "Net Income Common Stockholders": -10000000.0,
        "Preferred Stock Dividends": 4000000.0,
        "Net Income": -6000000.0,
        "Minority Interests": -1000000.0,
        "Net Income Including Noncontrolling Interests": -5000000.0,
        "Net Income Continuous Operations": -5000000.0,
        "Tax Provision": -25000000.0,
        "Pretax Income": -30000000.0,
        "Other Income Expense": 102000000.0,
        "Net Non Operating Interest Income Expense": -36000000.0,
        "Interest Expense Non Operating": 36000000.0,
        "Interest Income Non Operating": NaN,
        "Other Operating Expenses": 116000000.0,
        "Depreciation And Amortization In Income Statement": 147000000.0,
        "Selling General And Administration": 80000000.0,
        "General And Administrative Expense": 80000000.0,
        "Salaries And Wages": 80000000.0,
        "Total Revenue": 1361000000.0,
        "Operating Revenue": 1361000000.0,
        "Loss Adjustment Expense": 668000000.0,
        "Net Policyholder Benefits And Claims": 668000000.0,
        "Policyholder Benefits Gross": 668000000.0
    }
}