{
    "2023-03-31": {
        "Tax Effect Of Unusual Items": NaN,
        "Tax Rate For Calcs": NaN,
        "Total Unusual Items": -170000.0,
        "Total Unusual Items Excluding Goodwill": -170000.0,
        "Net Income From Continuing Operation Net Minority Interest": NaN,
        "Reconciled Depreciation": NaN,
        "Net Interest Income": NaN,
        "Interest Expense": NaN,
        "Interest Income": NaN,
        "Normalized Income": NaN,
        "Net Income From Continuing And Discontinued Operation": NaN,
        "Diluted Average Shares": NaN,
        "Basic Average Shares": NaN,
        "Diluted EPS": NaN,
        "Basic EPS": NaN,
        "Diluted NI Availto Com Stockholders": NaN,
        "Net Income Common Stockholders": NaN,
        "Preferred Stock Dividends": NaN,
        "Net Income": NaN,
        "Net Income Including Noncontrolling Interests": NaN,
        "Net Income Continuous Operations": NaN,
        "Tax Provision": NaN,
        "Pretax Income": NaN,
        "Special Income Charges": -170000.0,
        "Other Special Charges": 170000.0,
        "Gain On Sale Of Security": NaN,
        "Depreciation Amortization Depletion Income Statement": NaN,
        "Depreciation And Amortization In Income Statement": NaN,
        "Amortization": NaN,
        "Amortization Of Intangibles Income Statement": NaN,
        "Selling General And Administration": NaN,
        "Selling And Marketing Expense": NaN,
        "General And Administrative Expense": NaN,
        "Other Gand A": NaN,
        "Salaries And Wages": NaN,
        "Total Revenue": NaN,
        "Operating Revenue": NaN,
        "Occupancy And Equipment": NaN,
        "Professional Expense And Contract Services Expense": NaN,
        "Other Non Interest Expense": NaN
    },
    "2022-12-31": {
        "Tax Effect Of Unusual Items": -24734.094107,
        "Tax Rate For Calcs": 0.199469,
        "Total Unusual Items": -124000.0,
        "Total Unusual Items Excluding Goodwill": -124000.0,
        "Net Income From Continuing Operation Net Minority Interest": 5121000.0,
        "Reconciled Depreciation": 1109000.0,
        "Net Interest Income": 23300000.0,
        "Interest Expense": 15007000.0,
        "Interest Income": 38307000.0,
        "Normalized Income": 5220265.905893,
        "Net Income From Continuing And Discontinued Operation": 5121000.0,
        "Diluted Average Shares": 10716796.0,
        "Basic Average Shares": 10716796.0,
        "Diluted EPS": 0.42,
        "Basic EPS": 0.42,
        "Diluted NI Availto Com Stockholders": 4540000.0,
        "Net Income Common Stockholders": 4540000.0,
        "Preferred Stock Dividends": 581000.0,
        "Net Income": 5121000.0,
        "Net Income Including Noncontrolling Interests": 5121000.0,
        "Net Income Continuous Operations": 5121000.0,
        "Tax Provision": 1276000.0,
        "Pretax Income": 6397000.0,
        "Special Income Charges": -124000.0,
        "Other Special Charges": 124000.0,
        "Gain On Sale Of Security": 0.0,
        "Depreciation Amortization Depletion Income Statement": 4365000.0,
        "Depreciation And Amortization In Income Statement": 4365000.0,
        "Amortization": 4365000.0,
        "Amortization Of Intangibles Income Statement": 4365000.0,
        "Selling General And Administration": 2799000.0,
        "Selling And Marketing Expense": 580000.0,
        "General And Administrative Expense": 2219000.0,
        "Other Gand A": NaN,
        "Salaries And Wages": 9453000.0,
        "Total Revenue": 25285000.0,
        "Operating Revenue": 25285000.0
    },
    "2022-09-30": {
        "Tax Effect Of Unusual Items": NaN,
        "Tax Rate For Calcs": NaN,
        "Total Unusual Items": NaN,
        "Total Unusual Items Excluding Goodwill": NaN,
        "Net Income From Continuing Operation Net Minority Interest": NaN,
        "Reconciled Depreciation": NaN,
        "Net Interest Income": NaN,
        "Interest Expense": NaN,
        "Interest Income": NaN,
        "Normalized Income": NaN,
        "Net Income From Continuing And Discontinued Operation": NaN,
        "Diluted Average Shares": NaN,
        "Basic Average Shares": NaN,
        "Diluted EPS": NaN,
        "Basic EPS": NaN,
        "Diluted NI Availto Com Stockholders": NaN,
        "Net Income Common Stockholders": NaN,
        "Preferred Stock Dividends": NaN,
        "Net Income": NaN,
        "Net Income Including Noncontrolling Interests": NaN,
        "Net Income Continuous Operations": NaN,
        "Tax Provision": NaN,
        "Pretax Income": NaN,
        "Special Income Charges": NaN,
        "Other Special Charges": NaN,
        "Gain On Sale Of Security": NaN,
        "Depreciation Amortization Depletion Income Statement": NaN,
        "Depreciation And Amortization In Income Statement": NaN,
        "Amortization": NaN,
        "Amortization Of Intangibles Income Statement": NaN,
        "Selling General And Administration": NaN,
        "Selling And Marketing Expense": NaN,
        "General And Administrative Expense": NaN,
        "Other Gand A": 531000.0,
        "Salaries And Wages": NaN,
        "Total Revenue": NaN,
        "Operating Revenue": NaN
    },
    "2022-06-30": {
        "Tax Effect Of Unusual Items": 0.0,
        "Tax Rate For Calcs": 0.208264,
        "Total Unusual Items": -182000.0,
        "Total Unusual Items Excluding Goodwill": -182000.0,
        "Net Income From Continuing Operation Net Minority Interest": 8124000.0,
        "Reconciled Depreciation": 1266000.0,
        "Net Interest Income": 26310000.0,
        "Interest Expense": 6230000.0,
        "Interest Income": 32540000.0,
        "Normalized Income": 8124000.0,
        "Net Income From Continuing And Discontinued Operation": 8124000.0,
        "Diluted Average Shares": 10716796.0,
        "Basic Average Shares": 10716796.0,
        "Diluted EPS": 0.7,
        "Basic EPS": 0.7,
        "Diluted NI Availto Com Stockholders": 7542000.0,
        "Net Income Common Stockholders": 7542000.0,
        "Preferred Stock Dividends": 582000.0,
        "Net Income": 8124000.0,
        "Net Income Including Noncontrolling Interests": 8124000.0,
        "Net Income Continuous Operations": 8124000.0,
        "Tax Provision": 2137000.0,
        "Pretax Income": 10261000.0,
        "Special Income Charges": -182000.0,
        "Other Special Charges": 182000.0,
        "Gain On Sale Of Security": 0.0,
        "Depreciation Amortization Depletion Income Statement": 174000.0,
        "Depreciation And Amortization In Income Statement": 174000.0,
        "Amortization": 174000.0,
        "Amortization Of Intangibles Income Statement": 174000.0,
        "Selling General And Administration": 9085000.0,
        "Selling And Marketing Expense": 342000.0,
        "General And Administrative Expense": 9085000.0,
        "Other Gand A": 2452000.0,
        "Salaries And Wages": 9085000.0,
        "Total Revenue": 28837000.0,
        "Operating Revenue": 28837000.0
    },
    "2022-03-31": {
        "Diluted EPS": 0.65,
        "Total Revenue": 32,
        "Gross Profit": 27,
        "Operating Income": 10,
        "EBIT": NaN,
        "Net Income": 7
    },
    "2021-12-31": {
        "Diluted EPS": 0.7,
        "Total Revenue": 33,
        "Gross Profit": 28,
        "Operating Income": 10,
        "EBIT": NaN,
        "Net Income": 7
    },
    "2021-09-30": {
        "Diluted EPS": 0.67,
        "Total Revenue": 31,
        "Gross Profit": 26,
        "Operating Income": 10,
        "EBIT": NaN,
        "Net Income": 7
    },
    "2021-06-30": {
        "Diluted EPS": 0.58,
        "Total Revenue": 31,
        "Gross Profit": 25,
        "Operating Income": 8,
        "EBIT": NaN,
        "Net Income": 6
    },
    "2021-03-31": {
        "Diluted EPS": 0.47,
        "Total Revenue": 28,
        "Gross Profit": 22,
        "Operating Income": 6,
        "EBIT": NaN,
        "Net Income": 5
    },
    "2020-12-31": {
        "Diluted EPS": 0.58,
        "Total Revenue": 39,
        "Gross Profit": 33,
        "Operating Income": 8,
        "EBIT": NaN,
        "Net Income": 6
    },
    "2020-09-30": {
        "Diluted EPS": 0.48,
        "Total Revenue": 29,
        "Gross Profit": 23,
        "Operating Income": 7,
        "EBIT": NaN,
        "Net Income": 5
    },
    "2020-06-30": {
        "Diluted EPS": 0.48,
        "Total Revenue": 29,
        "Gross Profit": 22,
        "Operating Income": 7,
        "EBIT": NaN,
        "Net Income": 5
    },
    "2020-03-31": {
        "Diluted EPS": 0.36,
        "Total Revenue": 28,
        "Gross Profit": 20,
        "Operating Income": 5,
        "EBIT": NaN,
        "Net Income": 4
    },
    "2019-12-31": {
        "Diluted EPS": 0.39,
        "Total Revenue": 26,
        "Gross Profit": 19,
        "Operating Income": 5,
        "EBIT": NaN,
        "Net Income": 4
    },
    "2019-09-30": {
        "Diluted EPS": 0.36,
        "Total Revenue": 25,
        "Gross Profit": 18,
        "Operating Income": 5,
        "EBIT": NaN,
        "Net Income": 4
    },
    "2019-06-30": {
        "Diluted EPS": 0.3,
        "Total Revenue": 25,
        "Gross Profit": 17,
        "Operating Income": 4,
        "EBIT": NaN,
        "Net Income": 3
    },
    "2019-03-31": {
        "Diluted EPS": 0.29,
        "Total Revenue": 23,
        "Gross Profit": 16,
        "Operating Income": 4,
        "EBIT": NaN,
        "Net Income": 3
    },
    "2018-12-31": {
        "Diluted EPS": 0.14,
        "Total Revenue": 21,
        "Gross Profit": 15,
        "Operating Income": 3,
        "EBIT": NaN,
        "Net Income": 3
    },
    "2018-09-30": {
        "Diluted EPS": 0.36,
        "Total Revenue": 21,
        "Gross Profit": 16,
        "Operating Income": 4,
        "EBIT": NaN,
        "Net Income": 3
    },
    "2018-06-30": {
        "Diluted EPS": 0.47,
        "Total Revenue": 21,
        "Gross Profit": 16,
        "Operating Income": 6,
        "EBIT": NaN,
        "Net Income": 5
    },
    "2018-03-31": {
        "Diluted EPS": 0.37,
        "Total Revenue": 20,
        "Gross Profit": 15,
        "Operating Income": 5,
        "EBIT": NaN,
        "Net Income": 4
    },
    "2017-12-31": {
        "Diluted EPS": 0.11,
        "Total Revenue": 20,
        "Gross Profit": 16,
        "Operating Income": 5,
        "EBIT": NaN,
        "Net Income": 3
    },
    "2017-09-30": {
        "Diluted EPS": 0.32,
        "Total Revenue": 20,
        "Gross Profit": 16,
        "Operating Income": 5,
        "EBIT": NaN,
        "Net Income": 3
    },
    "2017-06-30": {
        "Diluted EPS": 0.32,
        "Total Revenue": 18,
        "Gross Profit": 15,
        "Operating Income": 4,
        "EBIT": NaN,
        "Net Income": 3
    },
    "2017-03-31": {
        "Diluted EPS": 0.36,
        "Total Revenue": 18,
        "Gross Profit": 15,
        "Operating Income": 5,
        "EBIT": NaN,
        "Net Income": 3
    },
    "2016-12-31": {
        "Diluted EPS": 0.35,
        "Total Revenue": 16,
        "Gross Profit": 14,
        "Operating Income": 5,
        "EBIT": NaN,
        "Net Income": 3
    },
    "2016-09-30": {
        "Diluted EPS": 0.36,
        "Total Revenue": 17,
        "Gross Profit": 15,
        "Operating Income": 5,
        "EBIT": NaN,
        "Net Income": 3
    },
    "2016-06-30": {
        "Diluted EPS": 0.48,
        "Total Revenue": 18,
        "Gross Profit": 16,
        "Operating Income": 7,
        "EBIT": NaN,
        "Net Income": 4
    },
    "2016-03-31": {
        "Diluted EPS": 0.34,
        "Total Revenue": 16,
        "Gross Profit": 14,
        "Operating Income": 5,
        "EBIT": NaN,
        "Net Income": 3
    },
    "2015-12-31": {
        "Diluted EPS": 0.37,
        "Total Revenue": 15,
        "Gross Profit": 13,
        "Operating Income": 5,
        "EBIT": NaN,
        "Net Income": 3
    },
    "2015-09-30": {
        "Diluted EPS": 0.46,
        "Total Revenue": 18,
        "Gross Profit": 15,
        "Operating Income": 6,
        "EBIT": NaN,
        "Net Income": 4
    },
    "2015-06-30": {
        "Diluted EPS": 0.45,
        "Total Revenue": 16,
        "Gross Profit": 14,
        "Operating Income": 6,
        "EBIT": NaN,
        "Net Income": 4
    },
    "2015-03-31": {
        "Diluted EPS": 0.4,
        "Total Revenue": 16,
        "Gross Profit": 14,
        "Operating Income": 5,
        "EBIT": NaN,
        "Net Income": 3
    },
    "2014-12-31": {
        "Diluted EPS": 0.33,
        "Total Revenue": 15,
        "Gross Profit": 13,
        "Operating Income": 4,
        "EBIT": NaN,
        "Net Income": 3
    },
    "2014-09-30": {
        "Diluted EPS": 0.34,
        "Total Revenue": 15,
        "Gross Profit": 12,
        "Operating Income": 4,
        "EBIT": NaN,
        "Net Income": 3
    },
    "2014-06-30": {
        "Diluted EPS": 0.31,
        "Total Revenue": 15,
        "Gross Profit": 12,
        "Operating Income": 4,
        "EBIT": NaN,
        "Net Income": 3
    },
    "2014-03-31": {
        "Diluted EPS": 0.32,
        "Total Revenue": 15,
        "Gross Profit": 12,
        "Operating Income": 4,
        "EBIT": NaN,
        "Net Income": 3
    },
    "2013-12-31": {
        "Diluted EPS": 0.3,
        "Total Revenue": 15,
        "Gross Profit": 12,
        "Operating Income": 4,
        "EBIT": NaN,
        "Net Income": 3
    },
    "2013-09-30": {
        "Diluted EPS": 0.26,
        "Total Revenue": 14,
        "Gross Profit": 12,
        "Operating Income": 3,
        "EBIT": NaN,
        "Net Income": 2
    },
    "2013-06-30": {
        "Diluted EPS": 0.23,
        "Total Revenue": 15,
        "Gross Profit": 12,
        "Operating Income": 3,
        "EBIT": NaN,
        "Net Income": 2
    },
    "2013-03-31": {
        "Diluted EPS": 0.22,
        "Total Revenue": 15,
        "Gross Profit": 12,
        "Operating Income": 3,
        "EBIT": NaN,
        "Net Income": 2
    },
    "2012-12-31": {
        "Diluted EPS": 0.3,
        "Total Revenue": 17,
        "Gross Profit": 14,
        "Operating Income": 4,
        "EBIT": NaN,
        "Net Income": 3
    },
    "2012-09-30": {
        "Diluted EPS": 0.3,
        "Total Revenue": 16,
        "Gross Profit": 13,
        "Operating Income": 5,
        "EBIT": NaN,
        "Net Income": 3
    },
    "2012-06-30": {
        "Diluted EPS": 0.29,
        "Total Revenue": 17,
        "Gross Profit": 13,
        "Operating Income": 4,
        "EBIT": NaN,
        "Net Income": 2
    },
    "2012-03-31": {
        "Diluted EPS": 0.31,
        "Total Revenue": 17,
        "Gross Profit": 13,
        "Operating Income": 5,
        "EBIT": NaN,
        "Net Income": 3
    },
    "2011-12-31": {
        "Diluted EPS": 0.06,
        "Total Revenue": 16,
        "Gross Profit": 13,
        "Operating Income": -3,
        "EBIT": NaN,
        "Net Income": 1
    },
    "2011-09-30": {
        "Diluted EPS": 0.17,
        "Total Revenue": 18,
        "Gross Profit": 14,
        "Operating Income": 3,
        "EBIT": NaN,
        "Net Income": 1
    },
    "2011-06-30": {
        "Diluted EPS": 0.26,
        "Total Revenue": 17,
        "Gross Profit": 13,
        "Operating Income": 4,
        "EBIT": NaN,
        "Net Income": 2
    },
    "2011-03-31": {
        "Diluted EPS": 0.26,
        "Total Revenue": 15,
        "Gross Profit": 11,
        "Operating Income": 4,
        "EBIT": NaN,
        "Net Income": 2
    },
    "2010-12-31": {
        "Diluted EPS": 0.0,
        "Total Revenue": NaN,
        "Gross Profit": NaN,
        "Operating Income": NaN,
        "EBIT": NaN,
        "Net Income": NaN
    },
    "2009-12-31": {
        "Diluted EPS": 0.0,
        "Total Revenue": NaN,
        "Gross Profit": NaN,
        "Operating Income": NaN,
        "EBIT": NaN,
        "Net Income": NaN
    },
    "2023-06-30": {
        "Tax Effect Of Unusual Items": 0.0,
        "Tax Rate For Calcs": 0.222545,
        "Total Unusual Items": -256000.0,
        "Total Unusual Items Excluding Goodwill": -256000.0,
        "Net Income From Continuing Operation Net Minority Interest": 2676000.0,
        "Reconciled Depreciation": 1009000.0,
        "Net Interest Income": 20913000.0,
        "Interest Expense": 22868000.0,
        "Interest Income": 43781000.0,
        "Normalized Income": 2676000.0,
        "Net Income From Continuing And Discontinued Operation": 2676000.0,
        "Diluted Average Shares": 10913029.0,
        "Basic Average Shares": 10913029.0,
        "Diluted EPS": 0.19,
        "Basic EPS": 0.19,
        "Diluted NI Availto Com Stockholders": 2094000.0,
        "Net Income Common Stockholders": 2094000.0,
        "Preferred Stock Dividends": 582000.0,
        "Net Income": 2676000.0,
        "Net Income Including Noncontrolling Interests": 2676000.0,
        "Net Income Continuous Operations": 2676000.0,
        "Tax Provision": 766000.0,
        "Pretax Income": 3442000.0,
        "Special Income Charges": -256000.0,
        "Other Special Charges": 256000.0,
        "Gain On Sale Of Security": 0.0,
        "Depreciation Amortization Depletion Income Statement": 1338000.0,
        "Depreciation And Amortization In Income Statement": 1338000.0,
        "Amortization": 1338000.0,
        "Amortization Of Intangibles Income Statement": 1338000.0,
        "Selling General And Administration": 10413000.0,
        "Selling And Marketing Expense": 481000.0,
        "General And Administrative Expense": 9932000.0,
        "Other Gand A": NaN,
        "Salaries And Wages": 9932000.0,
        "Total Revenue": 23299000.0,
        "Operating Revenue": 23299000.0,
        "Occupancy And Equipment": 2219000.0,
        "Professional Expense And Contract Services Expense": 1358000.0,
        "Other Non Interest Expense": 3981000.0
    },
    "2023-09-30": {
        "Tax Effect Of Unusual Items": 0.0,
        "Tax Rate For Calcs": 0.233232,
        "Total Unusual Items": -148000.0,
        "Total Unusual Items Excluding Goodwill": -148000.0,
        "Net Income From Continuing Operation Net Minority Interest": 1772000.0,
        "Reconciled Depreciation": 1011000.0,
        "Net Interest Income": 20445000.0,
        "Interest Expense": 27182000.0,
        "Interest Income": 47627000.0,
        "Normalized Income": 1772000.0,
        "Net Income From Continuing And Discontinued Operation": 1772000.0,
        "Diluted Average Shares": 11431083.0,
        "Basic Average Shares": 11431083.0,
        "Diluted EPS": 0.1,
        "Basic EPS": 0.1,
        "Diluted NI Availto Com Stockholders": 1190000.0,
        "Net Income Common Stockholders": 1190000.0,
        "Preferred Stock Dividends": 582000.0,
        "Net Income": 1772000.0,
        "Net Income Including Noncontrolling Interests": 1772000.0,
        "Net Income Continuous Operations": 1772000.0,
        "Tax Provision": 539000.0,
        "Pretax Income": 2311000.0,
        "Special Income Charges": -148000.0,
        "Other Special Charges": 148000.0,
        "Gain On Sale Of Security": 0.0,
        "Depreciation Amortization Depletion Income Statement": 1540000.0,
        "Depreciation And Amortization In Income Statement": 1540000.0,
        "Amortization": 1540000.0,
        "Amortization Of Intangibles Income Statement": 1540000.0,
        "Selling General And Administration": 11568000.0,
        "Selling And Marketing Expense": 463000.0,
        "General And Administrative Expense": 11105000.0,
        "Other Gand A": 676000.0,
        "Salaries And Wages": 10429000.0,
        "Total Revenue": 22486000.0,
        "Operating Revenue": 22486000.0,
        "Occupancy And Equipment": 2121000.0,
        "Professional Expense And Contract Services Expense": 1296000.0,
        "Other Non Interest Expense": 3023000.0
    },
    "2023-12-31": {
        "Tax Effect Of Unusual Items": 0.0,
        "Tax Rate For Calcs": 0.194685,
        "Total Unusual Items": -21000.0,
        "Total Unusual Items Excluding Goodwill": -21000.0,
        "Net Income From Continuing Operation Net Minority Interest": 1303000.0,
        "Reconciled Depreciation": 995000.0,
        "Net Interest Income": 21046000.0,
        "Interest Expense": 29268000.0,
        "Interest Income": 50314000.0,
        "Normalized Income": 1303000.0,
        "Net Income From Continuing And Discontinued Operation": 1303000.0,
        "Diluted Average Shares": 11587810.0,
        "Basic Average Shares": 11587810.0,
        "Diluted EPS": 0.06,
        "Basic EPS": 0.06,
        "Diluted NI Availto Com Stockholders": 721000.0,
        "Net Income Common Stockholders": 721000.0,
        "Preferred Stock Dividends": 582000.0,
        "Net Income": 1303000.0,
        "Net Income Including Noncontrolling Interests": 1303000.0,
        "Net Income Continuous Operations": 1303000.0,
        "Tax Provision": 315000.0,
        "Pretax Income": 1618000.0,
        "Special Income Charges": -21000.0,
        "Other Special Charges": 21000.0,
        "Gain On Sale Of Security": 0.0,
        "Depreciation Amortization Depletion Income Statement": 1688000.0,
        "Depreciation And Amortization In Income Statement": 1688000.0,
        "Amortization": 1688000.0,
        "Amortization Of Intangibles Income Statement": 1688000.0,
        "Selling General And Administration": 8400000.0,
        "Selling And Marketing Expense": 455000.0,
        "General And Administrative Expense": 7945000.0,
        "Other Gand A": NaN,
        "Salaries And Wages": 10057000.0,
        "Total Revenue": 23085000.0,
        "Operating Revenue": 23085000.0,
        "Occupancy And Equipment": 2485000.0,
        "Professional Expense And Contract Services Expense": 880000.0,
        "Other Non Interest Expense": 5789000.0
    },
    "2024-03-31": {
        "Tax Effect Of Unusual Items": 0.0,
        "Tax Rate For Calcs": 0.227683,
        "Total Unusual Items": -75000.0,
        "Total Unusual Items Excluding Goodwill": -75000.0,
        "Net Income From Continuing Operation Net Minority Interest": 2310000.0,
        "Reconciled Depreciation": 1001000.0,
        "Net Interest Income": 21921000.0,
        "Interest Expense": 30987000.0,
        "Interest Income": 52908000.0,
        "Normalized Income": 2310000.0,
        "Net Income From Continuing And Discontinued Operation": 2310000.0,
        "Diluted Average Shares": 12489910.0,
        "Basic Average Shares": 12489910.0,
        "Diluted EPS": 0.14,
        "Basic EPS": 0.14,
        "Diluted NI Availto Com Stockholders": 1728000.0,
        "Net Income Common Stockholders": 1728000.0,
        "Preferred Stock Dividends": 582000.0,
        "Net Income": 2310000.0,
        "Net Income Including Noncontrolling Interests": 2310000.0,
        "Net Income Continuous Operations": 2310000.0,
        "Tax Provision": 681000.0,
        "Pretax Income": 2991000.0,
        "Special Income Charges": -75000.0,
        "Other Special Charges": 75000.0,
        "Gain On Sale Of Security": 0.0,
        "Depreciation Amortization Depletion Income Statement": 1427000.0,
        "Depreciation And Amortization In Income Statement": 1427000.0,
        "Amortization": 1427000.0,
        "Amortization Of Intangibles Income Statement": 1427000.0,
        "Selling General And Administration": 10232000.0,
        "Selling And Marketing Expense": 332000.0,
        "General And Administrative Expense": 9900000.0,
        "Other Gand A": NaN,
        "Salaries And Wages": 9900000.0,
        "Total Revenue": 23809000.0,
        "Operating Revenue": 23809000.0,
        "Occupancy And Equipment": 2271000.0,
        "Professional Expense And Contract Services Expense": 972000.0,
        "Other Non Interest Expense": 3612000.0
    },
    "2024-06-30": {
        "Tax Effect Of Unusual Items": 0.0,
        "Tax Rate For Calcs": 0.230169,
        "Total Unusual Items": NaN,
        "Total Unusual Items Excluding Goodwill": NaN,
        "Net Income From Continuing Operation Net Minority Interest": 7201000.0,
        "Reconciled Depreciation": 1180000.0,
        "Net Interest Income": 21242000.0,
        "Interest Expense": 32409000.0,
        "Interest Income": 53651000.0,
        "Normalized Income": 7201000.0,
        "Net Income From Continuing And Discontinued Operation": 7201000.0,
        "Diluted Average Shares": 12504717.0,
        "Basic Average Shares": 12504717.0,
        "Diluted EPS": 0.53,
        "Basic EPS": 0.53,
        "Diluted NI Availto Com Stockholders": 6619000.0,
        "Net Income Common Stockholders": 6619000.0,
        "Preferred Stock Dividends": 582000.0,
        "Net Income": 7201000.0,
        "Net Income Including Noncontrolling Interests": 7201000.0,
        "Net Income Continuous Operations": 7201000.0,
        "Tax Provision": 2153000.0,
        "Pretax Income": 9354000.0,
        "Special Income Charges": NaN,
        "Other Special Charges": NaN,
        "Gain On Sale Of Security": 0.0,
        "Depreciation Amortization Depletion Income Statement": 1541000.0,
        "Depreciation And Amortization In Income Statement": 1541000.0,
        "Amortization": 1541000.0,
        "Amortization Of Intangibles Income Statement": 1541000.0,
        "Selling General And Administration": 10810000.0,
        "Selling And Marketing Expense": 370000.0,
        "General And Administrative Expense": 10440000.0,
        "Other Gand A": NaN,
        "Salaries And Wages": 10440000.0,
        "Total Revenue": 36374000.0,
        "Operating Revenue": 36374000.0,
        "Occupancy And Equipment": 2547000.0,
        "Professional Expense And Contract Services Expense": 1504000.0,
        "Other Non Interest Expense": 3813000.0
    }
}