{
    "2023-03-31": {
        "Tax Effect Of Unusual Items": 0.0,
        "Tax Rate For Calcs": 0.21,
        "Normalized EBITDA": 14451.0,
        "Net Income From Continuing Operation Net Minority Interest": -303375.0,
        "Reconciled Depreciation": 35560.0,
        "Reconciled Cost Of Revenue": 19960108.0,
        "EBITDA": 14451.0,
        "EBIT": -21109.0,
        "Net Interest Income": -248262.0,
        "Interest Expense": 249637.0,
        "Interest Income": 1375.0,
        "Normalized Income": -303375.0,
        "Net Income From Continuing And Discontinued Operation": -303375.0,
        "Total Expenses": 27165193.0,
        "Total Operating Income As Reported": -2927.0,
        "Diluted Average Shares": 9500000.0,
        "Basic Average Shares": 9500000.0,
        "Diluted EPS": -0.03,
        "Basic EPS": -0.03,
        "Diluted NI Availto Com Stockholders": -303375.0,
        "Net Income Common Stockholders": -303375.0,
        "Net Income": -303375.0,
        "Minority Interests": NaN,
        "Net Income Including Noncontrolling Interests": -303375.0,
        "Net Income Continuous Operations": -303375.0,
        "Tax Provision": 32629.0,
        "Pretax Income": -270746.0,
        "Other Income Expense": -19557.0,
        "Other Non Operating Income Expenses": -19557.0,
        "Net Non Operating Interest Income Expense": -248262.0,
        "Interest Expense Non Operating": 249637.0,
        "Interest Income Non Operating": 1375.0,
        "Operating Income": -2927.0,
        "Operating Expense": 7205085.0,
        "Research And Development": 351751.0,
        "Selling General And Administration": 6853334.0,
        "Selling And Marketing Expense": 4711089.0,
        "General And Administrative Expense": 2142245.0,
        "Other Gand A": 2142245.0,
        "Gross Profit": 7202158.0,
        "Cost Of Revenue": 19960108.0,
        "Total Revenue": 27162266.0,
        "Operating Revenue": 27162266.0
    },
    "2022-12-31": {
        "Tax Effect Of Unusual Items": 0.0,
        "Tax Rate For Calcs": 0.051478,
        "Normalized EBITDA": 984259.0,
        "Net Income From Continuing Operation Net Minority Interest": 707055.0,
        "Reconciled Depreciation": 36258.0,
        "Reconciled Cost Of Revenue": 24267371.0,
        "EBITDA": 984259.0,
        "EBIT": 948001.0,
        "Net Interest Income": -199853.0,
        "Interest Expense": 202573.0,
        "Interest Income": 2720.0,
        "Normalized Income": 707055.0,
        "Net Income From Continuing And Discontinued Operation": 707055.0,
        "Total Expenses": 30786636.0,
        "Total Operating Income As Reported": 1003591.0,
        "Diluted Average Shares": NaN,
        "Basic Average Shares": NaN,
        "Diluted EPS": NaN,
        "Basic EPS": NaN,
        "Diluted NI Availto Com Stockholders": 707055.0,
        "Net Income Common Stockholders": 707055.0,
        "Net Income": 707055.0,
        "Minority Interests": NaN,
        "Net Income Including Noncontrolling Interests": 707055.0,
        "Net Income Continuous Operations": 707055.0,
        "Tax Provision": 38373.0,
        "Pretax Income": 745428.0,
        "Other Income Expense": -58310.0,
        "Other Non Operating Income Expenses": -58310.0,
        "Net Non Operating Interest Income Expense": -199853.0,
        "Interest Expense Non Operating": 202573.0,
        "Interest Income Non Operating": 2720.0,
        "Operating Income": 1003591.0,
        "Operating Expense": 6519265.0,
        "Research And Development": 265922.0,
        "Selling General And Administration": 6253343.0,
        "Selling And Marketing Expense": 4224614.0,
        "General And Administrative Expense": 2028729.0,
        "Other Gand A": 2028729.0,
        "Gross Profit": 7522856.0,
        "Cost Of Revenue": 24267371.0,
        "Total Revenue": 31790227.0,
        "Operating Revenue": 25984642.0
    },
    "2022-09-30": {
        "Tax Effect Of Unusual Items": NaN,
        "Tax Rate For Calcs": NaN,
        "Normalized EBITDA": NaN,
        "Net Income From Continuing Operation Net Minority Interest": NaN,
        "Reconciled Depreciation": NaN,
        "Reconciled Cost Of Revenue": NaN,
        "EBITDA": NaN,
        "EBIT": NaN,
        "Net Interest Income": NaN,
        "Interest Expense": NaN,
        "Interest Income": NaN,
        "Normalized Income": NaN,
        "Net Income From Continuing And Discontinued Operation": NaN,
        "Total Expenses": NaN,
        "Total Operating Income As Reported": NaN,
        "Diluted Average Shares": NaN,
        "Basic Average Shares": NaN,
        "Diluted EPS": NaN,
        "Basic EPS": NaN,
        "Diluted NI Availto Com Stockholders": NaN,
        "Net Income Common Stockholders": NaN,
        "Net Income": NaN,
        "Minority Interests": 0.0,
        "Net Income Including Noncontrolling Interests": NaN,
        "Net Income Continuous Operations": NaN,
        "Tax Provision": NaN,
        "Pretax Income": NaN,
        "Other Income Expense": NaN,
        "Other Non Operating Income Expenses": NaN,
        "Net Non Operating Interest Income Expense": NaN,
        "Interest Expense Non Operating": NaN,
        "Interest Income Non Operating": NaN,
        "Operating Income": NaN,
        "Operating Expense": NaN,
        "Research And Development": NaN,
        "Selling General And Administration": NaN,
        "Selling And Marketing Expense": NaN,
        "General And Administrative Expense": NaN,
        "Other Gand A": NaN,
        "Gross Profit": NaN,
        "Cost Of Revenue": NaN,
        "Total Revenue": NaN,
        "Operating Revenue": NaN
    },
    "2022-06-30": {
        "Tax Effect Of Unusual Items": 0.0,
        "Tax Rate For Calcs": 0.247701,
        "Normalized EBITDA": 1732633.0,
        "Net Income From Continuing Operation Net Minority Interest": 1170530.0,
        "Reconciled Depreciation": 69256.0,
        "Reconciled Cost Of Revenue": 39388061.0,
        "EBITDA": 1732633.0,
        "EBIT": 1663377.0,
        "Net Interest Income": -107338.0,
        "Interest Expense": 107440.0,
        "Interest Income": 102.0,
        "Normalized Income": 1170530.0,
        "Net Income From Continuing And Discontinued Operation": 1170530.0,
        "Total Expenses": 46079665.0,
        "Total Operating Income As Reported": 1729349.0,
        "Diluted Average Shares": 11662293.0,
        "Basic Average Shares": 9168508.0,
        "Diluted EPS": 0.1,
        "Basic EPS": 0.13,
        "Diluted NI Availto Com Stockholders": 1170530.0,
        "Net Income Common Stockholders": 1170530.0,
        "Net Income": 1170530.0,
        "Net Income Including Noncontrolling Interests": 1170530.0,
        "Net Income Continuous Operations": 1170530.0,
        "Tax Provision": 385407.0,
        "Pretax Income": 1555937.0,
        "Other Income Expense": -66074.0,
        "Other Non Operating Income Expenses": -66074.0,
        "Net Non Operating Interest Income Expense": -107338.0,
        "Interest Expense Non Operating": 107440.0,
        "Interest Income Non Operating": 102.0,
        "Operating Income": 1729349.0,
        "Operating Expense": 6691604.0,
        "Research And Development": 235735.0,
        "Selling General And Administration": 6455869.0,
        "Selling And Marketing Expense": 4362707.0,
        "General And Administrative Expense": 2093162.0,
        "Other Gand A": 2093162.0,
        "Gross Profit": 8420953.0,
        "Cost Of Revenue": 39388061.0,
        "Total Revenue": 47809014.0,
        "Operating Revenue": 47809014.0
    },
    "2022-03-31": {
        "Diluted EPS": 0.05,
        "Total Revenue": 44,
        "Gross Profit": 8,
        "Operating Income": 1,
        "EBIT": 1,
        "Net Income": 1
    },
    "2021-12-31": {
        "Diluted EPS": 0.15,
        "Total Revenue": 52,
        "Gross Profit": 8,
        "Operating Income": 1,
        "EBIT": 1,
        "Net Income": 1
    },
    "2021-09-30": {
        "Diluted EPS": 0.2,
        "Total Revenue": 51,
        "Gross Profit": 8,
        "Operating Income": 2,
        "EBIT": 2,
        "Net Income": 1
    },
    "2021-06-30": {
        "Diluted EPS": 0.36,
        "Total Revenue": 42,
        "Gross Profit": 9,
        "Operating Income": 3,
        "EBIT": 3,
        "Net Income": 3
    },
    "2021-03-31": {
        "Diluted EPS": 0.42,
        "Total Revenue": 36,
        "Gross Profit": 7,
        "Operating Income": 2,
        "EBIT": 2,
        "Net Income": 3
    },
    "2020-12-31": {
        "Diluted EPS": 0.0,
        "Total Revenue": NaN,
        "Gross Profit": NaN,
        "Operating Income": NaN,
        "EBIT": NaN,
        "Net Income": NaN
    },
    "2019-12-31": {
        "Diluted EPS": 0.0,
        "Total Revenue": NaN,
        "Gross Profit": NaN,
        "Operating Income": NaN,
        "EBIT": NaN,
        "Net Income": NaN
    },
    "2023-06-30": {
        "Tax Effect Of Unusual Items": 0.0,
        "Tax Rate For Calcs": 0.21,
        "Normalized EBITDA": 998216.0,
        "Net Income From Continuing Operation Net Minority Interest": 88481.0,
        "Reconciled Depreciation": 424578.0,
        "Reconciled Cost Of Revenue": 21179511.0,
        "EBITDA": 998216.0,
        "EBIT": 573638.0,
        "Net Interest Income": -289664.0,
        "Interest Expense": 293711.0,
        "Interest Income": 4047.0,
        "Normalized Income": 88481.0,
        "Net Income From Continuing And Discontinued Operation": 88481.0,
        "Total Expenses": 28609638.0,
        "Total Operating Income As Reported": 580275.0,
        "Diluted Average Shares": 9692500.0,
        "Basic Average Shares": 9500000.0,
        "Diluted EPS": 0.01,
        "Basic EPS": 0.01,
        "Diluted NI Availto Com Stockholders": 88481.0,
        "Net Income Common Stockholders": 88481.0,
        "Net Income": 88481.0,
        "Minority Interests": 0.0,
        "Net Income Including Noncontrolling Interests": 88481.0,
        "Net Income Continuous Operations": 88481.0,
        "Tax Provision": 191446.0,
        "Pretax Income": 279927.0,
        "Other Income Expense": -10684.0,
        "Other Non Operating Income Expenses": -10684.0,
        "Net Non Operating Interest Income Expense": -289664.0,
        "Interest Expense Non Operating": 293711.0,
        "Interest Income Non Operating": 4047.0,
        "Operating Income": 580275.0,
        "Operating Expense": 7430127.0,
        "Research And Development": 377106.0,
        "Selling General And Administration": 7053021.0,
        "Selling And Marketing Expense": 4800518.0,
        "General And Administrative Expense": 2252503.0,
        "Other Gand A": 2252503.0,
        "Gross Profit": 8010402.0,
        "Cost Of Revenue": 21179511.0,
        "Total Revenue": 29189913.0,
        "Operating Revenue": 27916131.0
    },
    "2023-09-30": {
        "Tax Effect Of Unusual Items": 0.0,
        "Tax Rate For Calcs": 0.334328,
        "Normalized EBITDA": 1069127.0,
        "Net Income From Continuing Operation Net Minority Interest": 409535.0,
        "Reconciled Depreciation": 536737.0,
        "Reconciled Cost Of Revenue": 22103325.0,
        "EBITDA": 1069127.0,
        "EBIT": 532390.0,
        "Net Interest Income": -15280.0,
        "Interest Expense": 16382.0,
        "Interest Income": 1102.0,
        "Normalized Income": 409535.0,
        "Net Income From Continuing And Discontinued Operation": 409535.0,
        "Total Expenses": 29450922.0,
        "Total Operating Income As Reported": 481690.0,
        "Diluted Average Shares": 9786522.0,
        "Basic Average Shares": 9500000.0,
        "Diluted EPS": 0.04,
        "Basic EPS": 0.04,
        "Diluted NI Availto Com Stockholders": 409535.0,
        "Net Income Common Stockholders": 409535.0,
        "Net Income": 409535.0,
        "Minority Interests": 66043.0,
        "Net Income Including Noncontrolling Interests": 343492.0,
        "Net Income Continuous Operations": 343492.0,
        "Tax Provision": 172516.0,
        "Pretax Income": 516008.0,
        "Other Income Expense": 49598.0,
        "Other Non Operating Income Expenses": 49598.0,
        "Net Non Operating Interest Income Expense": -15280.0,
        "Interest Expense Non Operating": 16382.0,
        "Interest Income Non Operating": 1102.0,
        "Operating Income": 481690.0,
        "Operating Expense": 7347597.0,
        "Research And Development": 423697.0,
        "Selling General And Administration": 6923900.0,
        "Selling And Marketing Expense": 4572593.0,
        "General And Administrative Expense": 2351307.0,
        "Other Gand A": 2351307.0,
        "Gross Profit": 7829287.0,
        "Cost Of Revenue": 22103325.0,
        "Total Revenue": 29932612.0,
        "Operating Revenue": 28203247.0
    },
    "2023-12-31": {
        "Tax Effect Of Unusual Items": 0.0,
        "Tax Rate For Calcs": 0.21,
        "Normalized EBITDA": 2934844.0,
        "Net Income From Continuing Operation Net Minority Interest": 538963.0,
        "Reconciled Depreciation": 1882246.0,
        "Reconciled Cost Of Revenue": 21921378.0,
        "EBITDA": 2934844.0,
        "EBIT": 1052598.0,
        "Net Interest Income": -185980.0,
        "Interest Expense": 189999.0,
        "Interest Income": 4019.0,
        "Normalized Income": 538963.0,
        "Net Income From Continuing And Discontinued Operation": 538963.0,
        "Total Expenses": 29711408.0,
        "Total Operating Income As Reported": 1245405.0,
        "Diluted Average Shares": 9870454.0,
        "Basic Average Shares": 9547607.0,
        "Diluted EPS": 0.05,
        "Basic EPS": 0.06,
        "Diluted NI Availto Com Stockholders": 538963.0,
        "Net Income Common Stockholders": 538963.0,
        "Net Income": 538963.0,
        "Minority Interests": 87997.0,
        "Net Income Including Noncontrolling Interests": 450966.0,
        "Net Income Continuous Operations": 450966.0,
        "Tax Provision": 411633.0,
        "Pretax Income": 862599.0,
        "Other Income Expense": -196826.0,
        "Other Non Operating Income Expenses": -196826.0,
        "Net Non Operating Interest Income Expense": -185980.0,
        "Interest Expense Non Operating": 189999.0,
        "Interest Income Non Operating": 4019.0,
        "Operating Income": 1245405.0,
        "Operating Expense": 7790030.0,
        "Research And Development": 224290.0,
        "Selling General And Administration": 7565740.0,
        "Selling And Marketing Expense": 5887712.0,
        "General And Administrative Expense": 1678028.0,
        "Other Gand A": 1678028.0,
        "Gross Profit": 9035435.0,
        "Cost Of Revenue": 21921378.0,
        "Total Revenue": 30956813.0,
        "Operating Revenue": 28816241.0
    },
    "2024-03-31": {
        "Tax Effect Of Unusual Items": 0.0,
        "Tax Rate For Calcs": 0.21,
        "Normalized EBITDA": 292303.0,
        "Net Income From Continuing Operation Net Minority Interest": -412189.0,
        "Reconciled Depreciation": 585666.0,
        "Reconciled Cost Of Revenue": 22340036.0,
        "EBITDA": 292303.0,
        "EBIT": -293363.0,
        "Net Interest Income": -221653.0,
        "Interest Expense": 222207.0,
        "Interest Income": 554.0,
        "Normalized Income": -412189.0,
        "Net Income From Continuing And Discontinued Operation": -412189.0,
        "Total Expenses": 31074453.0,
        "Total Operating Income As Reported": -320934.0,
        "Diluted Average Shares": 9547607.0,
        "Basic Average Shares": 9547607.0,
        "Diluted EPS": -0.04,
        "Basic EPS": -0.04,
        "Diluted NI Availto Com Stockholders": -412189.0,
        "Net Income Common Stockholders": -412189.0,
        "Net Income": -412189.0,
        "Minority Interests": 125670.0,
        "Net Income Including Noncontrolling Interests": -537859.0,
        "Net Income Continuous Operations": -537859.0,
        "Tax Provision": 22289.0,
        "Pretax Income": -515570.0,
        "Other Income Expense": 27017.0,
        "Other Non Operating Income Expenses": 27017.0,
        "Net Non Operating Interest Income Expense": -221653.0,
        "Interest Expense Non Operating": 222207.0,
        "Interest Income Non Operating": 554.0,
        "Operating Income": -320934.0,
        "Operating Expense": 8734417.0,
        "Research And Development": 320673.0,
        "Selling General And Administration": 8413744.0,
        "Selling And Marketing Expense": 6130886.0,
        "General And Administrative Expense": 2282858.0,
        "Other Gand A": 2282858.0,
        "Gross Profit": 8413483.0,
        "Cost Of Revenue": 22340036.0,
        "Total Revenue": 30753519.0,
        "Operating Revenue": 30753519.0
    },
    "2024-06-30": {
        "Tax Effect Of Unusual Items": 0.0,
        "Tax Rate For Calcs": 0.21,
        "Normalized EBITDA": 862462.0,
        "Net Income From Continuing Operation Net Minority Interest": 163565.0,
        "Reconciled Depreciation": 879198.0,
        "Reconciled Cost Of Revenue": 20407647.0,
        "EBITDA": 862462.0,
        "EBIT": -16736.0,
        "Net Interest Income": -300981.0,
        "Interest Expense": 305094.0,
        "Interest Income": 4113.0,
        "Normalized Income": 163565.0,
        "Net Income From Continuing And Discontinued Operation": 163565.0,
        "Total Expenses": 29821311.0,
        "Total Operating Income As Reported": -450362.0,
        "Diluted Average Shares": 9699561.0,
        "Basic Average Shares": 9564779.0,
        "Diluted EPS": 0.02,
        "Basic EPS": 0.02,
        "Diluted NI Availto Com Stockholders": 163565.0,
        "Net Income Common Stockholders": 163565.0,
        "Net Income": 163565.0,
        "Minority Interests": 186980.0,
        "Net Income Including Noncontrolling Interests": -23415.0,
        "Net Income Continuous Operations": -23415.0,
        "Tax Provision": -298415.0,
        "Pretax Income": -321830.0,
        "Other Income Expense": 429513.0,
        "Other Non Operating Income Expenses": 429513.0,
        "Net Non Operating Interest Income Expense": -300981.0,
        "Interest Expense Non Operating": 305094.0,
        "Interest Income Non Operating": 4113.0,
        "Operating Income": -450362.0,
        "Operating Expense": 9413664.0,
        "Research And Development": 530797.0,
        "Selling General And Administration": 8882867.0,
        "Selling And Marketing Expense": 6260847.0,
        "General And Administrative Expense": 2622020.0,
        "Other Gand A": 2622020.0,
        "Gross Profit": 8963302.0,
        "Cost Of Revenue": 20407647.0,
        "Total Revenue": 29370949.0,
        "Operating Revenue": 27255681.0
    },
    "2024-09-30": {
        "Tax Effect Of Unusual Items": 0.0,
        "Tax Rate For Calcs": 0.21,
        "Normalized EBITDA": 613894.0,
        "Net Income From Continuing Operation Net Minority Interest": -550137.0,
        "Reconciled Depreciation": 678185.0,
        "Reconciled Cost Of Revenue": 26790957.0,
        "EBITDA": 613894.0,
        "EBIT": -64291.0,
        "Net Interest Income": -365836.0,
        "Interest Expense": 366420.0,
        "Interest Income": 584.0,
        "Normalized Income": -550137.0,
        "Net Income From Continuing And Discontinued Operation": -550137.0,
        "Total Expenses": 36165005.0,
        "Total Operating Income As Reported": -65826.0,
        "Diluted Average Shares": 9563914.0,
        "Basic Average Shares": 9563914.0,
        "Diluted EPS": -0.06,
        "Basic EPS": -0.06,
        "Diluted NI Availto Com Stockholders": -550137.0,
        "Net Income Common Stockholders": -550137.0,
        "Net Income": -550137.0,
        "Minority Interests": 148111.0,
        "Net Income Including Noncontrolling Interests": -698248.0,
        "Net Income Continuous Operations": -698248.0,
        "Tax Provision": 267537.0,
        "Pretax Income": -430711.0,
        "Other Income Expense": 951.0,
        "Other Non Operating Income Expenses": 951.0,
        "Net Non Operating Interest Income Expense": -365836.0,
        "Interest Expense Non Operating": 366420.0,
        "Interest Income Non Operating": 584.0,
        "Operating Income": -65826.0,
        "Operating Expense": 9374048.0,
        "Research And Development": 451975.0,
        "Selling General And Administration": 8922073.0,
        "Selling And Marketing Expense": 6284932.0,
        "General And Administrative Expense": 2637141.0,
        "Other Gand A": 2637141.0,
        "Gross Profit": 9308222.0,
        "Cost Of Revenue": 26790957.0,
        "Total Revenue": 36099179.0,
        "Operating Revenue": 32756961.0
    }
}