{
    "2023-06-30": {
        "Tax Effect Of Unusual Items": 0.0,
        "Tax Rate For Calcs": 0.233,
        "Net Income From Continuing Operation Net Minority Interest": 62442000.0,
        "Reconciled Depreciation": 11158000.0,
        "Net Interest Income": 159939000.0,
        "Interest Expense": 69266000.0,
        "Interest Income": 229205000.0,
        "Normalized Income": 62442000.0,
        "Net Income From Continuing And Discontinued Operation": 62442000.0,
        "Diluted Average Shares": 127832351.0,
        "Basic Average Shares": 127591371.0,
        "Diluted EPS": 0.49,
        "Basic EPS": 0.49,
        "Diluted NI Availto Com Stockholders": 62442000.0,
        "Net Income Common Stockholders": 62442000.0,
        "Net Income": 62442000.0,
        "Net Income Including Noncontrolling Interests": 62442000.0,
        "Net Income Continuous Operations": 62442000.0,
        "Tax Provision": 18964000.0,
        "Pretax Income": 81406000.0,
        "Selling General And Administration": 59795000.0,
        "Selling And Marketing Expense": 1891000.0,
        "General And Administrative Expense": 57904000.0,
        "Salaries And Wages": 57904000.0,
        "Total Revenue": 199606000.0,
        "Operating Revenue": 199606000.0,
        "Occupancy And Equipment": 18554000.0,
        "Professional Expense And Contract Services Expense": 17498000.0,
        "Other Non Interest Expense": 17353000.0
    },
    "2023-03-31": {
        "Tax Effect Of Unusual Items": 0.0,
        "Tax Rate For Calcs": 0.2484,
        "Net Income From Continuing Operation Net Minority Interest": 66818000.0,
        "Reconciled Depreciation": 10827000.0,
        "Net Interest Income": 167247000.0,
        "Interest Expense": 46298000.0,
        "Interest Income": 213545000.0,
        "Normalized Income": 66818000.0,
        "Net Income From Continuing And Discontinued Operation": 66818000.0,
        "Diluted Average Shares": 128033812.0,
        "Basic Average Shares": 127453820.0,
        "Diluted EPS": 0.52,
        "Basic EPS": 0.52,
        "Diluted NI Availto Com Stockholders": 66818000.0,
        "Net Income Common Stockholders": 66818000.0,
        "Net Income": 66818000.0,
        "Net Income Including Noncontrolling Interests": 66818000.0,
        "Net Income Continuous Operations": 66818000.0,
        "Tax Provision": 22085000.0,
        "Pretax Income": 88903000.0,
        "Gain On Sale Of Security": NaN,
        "Selling General And Administration": 58026000.0,
        "Selling And Marketing Expense": 1994000.0,
        "General And Administrative Expense": 56032000.0,
        "Salaries And Wages": 56032000.0,
        "Total Revenue": 208185000.0,
        "Operating Revenue": 208185000.0,
        "Occupancy And Equipment": 17518000.0,
        "Professional Expense And Contract Services Expense": 16313000.0,
        "Other Non Interest Expense": 18625000.0
    },
    "2022-12-31": {
        "Tax Effect Of Unusual Items": NaN,
        "Tax Rate For Calcs": NaN,
        "Net Income From Continuing Operation Net Minority Interest": NaN,
        "Reconciled Depreciation": NaN,
        "Net Interest Income": NaN,
        "Interest Expense": NaN,
        "Interest Income": NaN,
        "Normalized Income": NaN,
        "Net Income From Continuing And Discontinued Operation": NaN,
        "Diluted Average Shares": NaN,
        "Basic Average Shares": NaN,
        "Diluted EPS": NaN,
        "Basic EPS": NaN,
        "Diluted NI Availto Com Stockholders": NaN,
        "Net Income Common Stockholders": NaN,
        "Net Income": NaN,
        "Net Income Including Noncontrolling Interests": NaN,
        "Net Income Continuous Operations": NaN,
        "Tax Provision": NaN,
        "Pretax Income": NaN,
        "Gain On Sale Of Security": 0.0,
        "Selling General And Administration": NaN,
        "Selling And Marketing Expense": NaN,
        "General And Administrative Expense": NaN,
        "Salaries And Wages": NaN,
        "Total Revenue": NaN,
        "Operating Revenue": NaN,
        "Occupancy And Equipment": NaN,
        "Professional Expense And Contract Services Expense": NaN,
        "Other Non Interest Expense": NaN
    },
    "2022-09-30": {
        "Tax Effect Of Unusual Items": NaN,
        "Tax Rate For Calcs": NaN,
        "Net Income From Continuing Operation Net Minority Interest": NaN,
        "Reconciled Depreciation": NaN,
        "Net Interest Income": NaN,
        "Interest Expense": NaN,
        "Interest Income": NaN,
        "Normalized Income": NaN,
        "Net Income From Continuing And Discontinued Operation": NaN,
        "Diluted Average Shares": NaN,
        "Basic Average Shares": NaN,
        "Diluted EPS": NaN,
        "Basic EPS": NaN,
        "Diluted NI Availto Com Stockholders": NaN,
        "Net Income Common Stockholders": NaN,
        "Net Income": NaN,
        "Net Income Including Noncontrolling Interests": NaN,
        "Net Income Continuous Operations": NaN,
        "Tax Provision": NaN,
        "Pretax Income": NaN,
        "Gain On Sale Of Security": 0.0,
        "Selling General And Administration": NaN,
        "Selling And Marketing Expense": NaN,
        "General And Administrative Expense": NaN,
        "Other Gand A": 2487000.0,
        "Salaries And Wages": NaN,
        "Total Revenue": NaN,
        "Operating Revenue": NaN
    },
    "2022-06-30": {
        "Tax Effect Of Unusual Items": 0.0,
        "Tax Rate For Calcs": 0.25,
        "Net Income From Continuing Operation Net Minority Interest": 59360000.0,
        "Reconciled Depreciation": 15291000.0,
        "Net Interest Income": 145147000.0,
        "Interest Expense": 4597000.0,
        "Interest Income": 149744000.0,
        "Normalized Income": 59360000.0,
        "Net Income From Continuing And Discontinued Operation": 59360000.0,
        "Diluted Average Shares": 128014777.0,
        "Basic Average Shares": 127672244.0,
        "Diluted EPS": 0.46,
        "Basic EPS": 0.46,
        "Diluted NI Availto Com Stockholders": 59360000.0,
        "Net Income Common Stockholders": 59360000.0,
        "Net Income": 59360000.0,
        "Net Income Including Noncontrolling Interests": 59360000.0,
        "Net Income Continuous Operations": 59360000.0,
        "Tax Provision": 19749000.0,
        "Pretax Income": 79109000.0,
        "Gain On Sale Of Security": 0.0,
        "Selling General And Administration": 51896000.0,
        "Selling And Marketing Expense": 1994000.0,
        "General And Administrative Expense": 49902000.0,
        "Other Gand A": 2301000.0,
        "Salaries And Wages": 49902000.0,
        "Total Revenue": 181999000.0,
        "Operating Revenue": 181999000.0
    },
    "2022-03-31": {
        "Diluted EPS": 0.45,
        "Total Revenue": 178,
        "Gross Profit": 175,
        "Operating Income": 77,
        "EBIT": NaN,
        "Net Income": 58
    },
    "2021-12-31": {
        "Diluted EPS": 0.44,
        "Total Revenue": 183,
        "Gross Profit": 179,
        "Operating Income": 70,
        "EBIT": NaN,
        "Net Income": 57
    },
    "2021-09-30": {
        "Diluted EPS": 0.5,
        "Total Revenue": 187,
        "Gross Profit": 183,
        "Operating Income": 86,
        "EBIT": NaN,
        "Net Income": 64
    },
    "2021-06-30": {
        "Diluted EPS": 0.67,
        "Total Revenue": 186,
        "Gross Profit": 181,
        "Operating Income": 116,
        "EBIT": NaN,
        "Net Income": 87
    },
    "2021-03-31": {
        "Diluted EPS": 0.44,
        "Total Revenue": 178,
        "Gross Profit": 173,
        "Operating Income": 77,
        "EBIT": NaN,
        "Net Income": 58
    },
    "2020-12-31": {
        "Diluted EPS": 0.48,
        "Total Revenue": 195,
        "Gross Profit": 189,
        "Operating Income": 81,
        "EBIT": NaN,
        "Net Income": 62
    },
    "2020-09-30": {
        "Diluted EPS": 0.5,
        "Total Revenue": 191,
        "Gross Profit": 183,
        "Operating Income": 86,
        "EBIT": NaN,
        "Net Income": 65
    },
    "2020-06-30": {
        "Diluted EPS": 0.15,
        "Total Revenue": 186,
        "Gross Profit": 173,
        "Operating Income": 27,
        "EBIT": NaN,
        "Net Income": 20
    },
    "2020-03-31": {
        "Diluted EPS": 0.3,
        "Total Revenue": 208,
        "Gross Profit": 188,
        "Operating Income": 50,
        "EBIT": NaN,
        "Net Income": 39
    },
    "2019-12-31": {
        "Diluted EPS": 0.51,
        "Total Revenue": 209,
        "Gross Profit": 186,
        "Operating Income": 91,
        "EBIT": NaN,
        "Net Income": 68
    },
    "2019-09-30": {
        "Diluted EPS": 0.56,
        "Total Revenue": 220,
        "Gross Profit": 193,
        "Operating Income": 100,
        "EBIT": NaN,
        "Net Income": 74
    },
    "2019-06-30": {
        "Diluted EPS": 0.54,
        "Total Revenue": 223,
        "Gross Profit": 194,
        "Operating Income": 97,
        "EBIT": NaN,
        "Net Income": 72
    },
    "2019-03-31": {
        "Diluted EPS": 0.52,
        "Total Revenue": 220,
        "Gross Profit": 192,
        "Operating Income": 94,
        "EBIT": NaN,
        "Net Income": 70
    },
    "2018-12-31": {
        "Diluted EPS": 0.44,
        "Total Revenue": 201,
        "Gross Profit": 177,
        "Operating Income": 82,
        "EBIT": NaN,
        "Net Income": 60
    },
    "2018-09-30": {
        "Diluted EPS": 0.5,
        "Total Revenue": 211,
        "Gross Profit": 189,
        "Operating Income": 91,
        "EBIT": NaN,
        "Net Income": 67
    },
    "2018-06-30": {
        "Diluted EPS": 0.5,
        "Total Revenue": 209,
        "Gross Profit": 191,
        "Operating Income": 93,
        "EBIT": NaN,
        "Net Income": 69
    },
    "2018-03-31": {
        "Diluted EPS": 0.49,
        "Total Revenue": 204,
        "Gross Profit": 188,
        "Operating Income": 92,
        "EBIT": NaN,
        "Net Income": 68
    },
    "2017-12-31": {
        "Diluted EPS": 0.08,
        "Total Revenue": 203,
        "Gross Profit": 189,
        "Operating Income": 94,
        "EBIT": NaN,
        "Net Income": 12
    },
    "2017-09-30": {
        "Diluted EPS": 0.42,
        "Total Revenue": 195,
        "Gross Profit": 183,
        "Operating Income": 94,
        "EBIT": NaN,
        "Net Income": 58
    },
    "2017-06-30": {
        "Diluted EPS": 0.41,
        "Total Revenue": 191,
        "Gross Profit": 182,
        "Operating Income": 90,
        "EBIT": NaN,
        "Net Income": 57
    },
    "2017-03-31": {
        "Diluted EPS": 0.41,
        "Total Revenue": 188,
        "Gross Profit": 180,
        "Operating Income": 90,
        "EBIT": NaN,
        "Net Income": 57
    },
    "2016-12-31": {
        "Diluted EPS": 0.41,
        "Total Revenue": 196,
        "Gross Profit": 189,
        "Operating Income": 94,
        "EBIT": NaN,
        "Net Income": 57
    },
    "2016-09-30": {
        "Diluted EPS": 0.38,
        "Total Revenue": 178,
        "Gross Profit": 171,
        "Operating Income": 86,
        "EBIT": NaN,
        "Net Income": 53
    },
    "2016-06-30": {
        "Diluted EPS": 0.39,
        "Total Revenue": 173,
        "Gross Profit": 167,
        "Operating Income": 86,
        "EBIT": NaN,
        "Net Income": 55
    },
    "2016-03-31": {
        "Diluted EPS": 0.47,
        "Total Revenue": 197,
        "Gross Profit": 191,
        "Operating Income": 105,
        "EBIT": NaN,
        "Net Income": 66
    },
    "2015-12-31": {
        "Diluted EPS": 0.0,
        "Total Revenue": NaN,
        "Gross Profit": NaN,
        "Operating Income": NaN,
        "EBIT": NaN,
        "Net Income": NaN
    },
    "2015-09-30": {
        "Diluted EPS": 0.39,
        "Total Revenue": 176,
        "Gross Profit": 170,
        "Operating Income": 88,
        "EBIT": NaN,
        "Net Income": 55
    },
    "2015-06-30": {
        "Diluted EPS": 0.39,
        "Total Revenue": 177,
        "Gross Profit": 171,
        "Operating Income": 88,
        "EBIT": NaN,
        "Net Income": 55
    },
    "2014-12-31": {
        "Diluted EPS": 0.0,
        "Total Revenue": NaN,
        "Gross Profit": NaN,
        "Operating Income": NaN,
        "EBIT": NaN,
        "Net Income": NaN
    },
    "2023-09-30": {
        "Tax Effect Of Unusual Items": 0.0,
        "Tax Rate For Calcs": 0.237566,
        "Net Income From Continuing Operation Net Minority Interest": 58221000.0,
        "Reconciled Depreciation": 10440000.0,
        "Net Interest Income": 157148000.0,
        "Interest Expense": 82651000.0,
        "Interest Income": 239799000.0,
        "Normalized Income": 58221000.0,
        "Net Income From Continuing And Discontinued Operation": 58221000.0,
        "Diluted Average Shares": 127936440.0,
        "Basic Average Shares": 127609860.0,
        "Diluted EPS": 0.46,
        "Basic EPS": 0.46,
        "Diluted NI Availto Com Stockholders": 58221000.0,
        "Net Income Common Stockholders": 58221000.0,
        "Net Income": 58221000.0,
        "Net Income Including Noncontrolling Interests": 58221000.0,
        "Net Income Continuous Operations": 58221000.0,
        "Tax Provision": 18141000.0,
        "Pretax Income": 76362000.0,
        "Selling General And Administration": 58226000.0,
        "Selling And Marketing Expense": 2289000.0,
        "General And Administrative Expense": 55937000.0,
        "Salaries And Wages": 55937000.0,
        "Total Revenue": 194887000.0,
        "Operating Revenue": 194887000.0,
        "Occupancy And Equipment": 18537000.0,
        "Professional Expense And Contract Services Expense": 16393000.0,
        "Other Non Interest Expense": 17869000.0
    },
    "2023-12-31": {
        "Tax Effect Of Unusual Items": 0.0,
        "Tax Rate For Calcs": 0.240004,
        "Net Income From Continuing Operation Net Minority Interest": 47502000.0,
        "Reconciled Depreciation": 10342000.0,
        "Net Interest Income": 151793000.0,
        "Interest Expense": 89237000.0,
        "Interest Income": 241030000.0,
        "Normalized Income": 47502000.0,
        "Net Income From Continuing And Discontinued Operation": 47502000.0,
        "Diluted Average Shares": 128028964.0,
        "Basic Average Shares": 127612734.0,
        "Diluted EPS": 0.37,
        "Basic EPS": 0.37,
        "Diluted NI Availto Com Stockholders": 47502000.0,
        "Net Income Common Stockholders": 47502000.0,
        "Net Income": 47502000.0,
        "Net Income Including Noncontrolling Interests": 47502000.0,
        "Net Income Continuous Operations": 47502000.0,
        "Tax Provision": 15001000.0,
        "Pretax Income": 62503000.0,
        "Selling General And Administration": 57323000.0,
        "Selling And Marketing Expense": 1441000.0,
        "General And Administrative Expense": 55882000.0,
        "Salaries And Wages": 55882000.0,
        "Total Revenue": 202637000.0,
        "Operating Revenue": 202637000.0,
        "Occupancy And Equipment": 20108000.0,
        "Professional Expense And Contract Services Expense": 16219000.0,
        "Other Non Interest Expense": 41154000.0
    },
    "2024-03-31": {
        "Tax Effect Of Unusual Items": 0.0,
        "Tax Rate For Calcs": 0.2329,
        "Net Income From Continuing Operation Net Minority Interest": 54220000.0,
        "Reconciled Depreciation": 9537000.0,
        "Net Interest Income": 154427000.0,
        "Interest Expense": 90525000.0,
        "Interest Income": 244952000.0,
        "Normalized Income": 54220000.0,
        "Net Income From Continuing And Discontinued Operation": 54220000.0,
        "Diluted Average Shares": 128217689.0,
        "Basic Average Shares": 127707354.0,
        "Diluted EPS": 0.42,
        "Basic EPS": 0.42,
        "Diluted NI Availto Com Stockholders": 54220000.0,
        "Net Income Common Stockholders": 54220000.0,
        "Net Income": 54220000.0,
        "Net Income Including Noncontrolling Interests": 54220000.0,
        "Net Income Continuous Operations": 54220000.0,
        "Tax Provision": 16465000.0,
        "Pretax Income": 70685000.0,
        "Selling General And Administration": 61874000.0,
        "Selling And Marketing Expense": 2612000.0,
        "General And Administrative Expense": 59262000.0,
        "Salaries And Wages": 59262000.0,
        "Total Revenue": 197290000.0,
        "Operating Revenue": 197290000.0,
        "Occupancy And Equipment": 20354000.0,
        "Professional Expense And Contract Services Expense": 15739000.0,
        "Other Non Interest Expense": 22338000.0
    },
    "2024-06-30": {
        "Tax Effect Of Unusual Items": 0.0,
        "Tax Rate For Calcs": 0.233,
        "Net Income From Continuing Operation Net Minority Interest": 61921000.0,
        "Reconciled Depreciation": 9198000.0,
        "Net Interest Income": 152851000.0,
        "Interest Expense": 92083000.0,
        "Interest Income": 244934000.0,
        "Normalized Income": 61921000.0,
        "Net Income From Continuing And Discontinued Operation": 61921000.0,
        "Diluted Average Shares": 128262594.0,
        "Basic Average Shares": 127867853.0,
        "Diluted EPS": 0.48,
        "Basic EPS": 0.48,
        "Diluted NI Availto Com Stockholders": 61921000.0,
        "Net Income Common Stockholders": 61921000.0,
        "Net Income": 61921000.0,
        "Net Income Including Noncontrolling Interests": 61921000.0,
        "Net Income Continuous Operations": 61921000.0,
        "Tax Provision": 18812000.0,
        "Pretax Income": 80733000.0,
        "Selling General And Administration": 59502000.0,
        "Selling And Marketing Expense": 1765000.0,
        "General And Administrative Expense": 57737000.0,
        "Salaries And Wages": 57737000.0,
        "Total Revenue": 195900000.0,
        "Operating Revenue": 195900000.0,
        "Occupancy And Equipment": 20573000.0,
        "Professional Expense And Contract Services Expense": 16067000.0,
        "Other Non Interest Expense": 17225000.0
    },
    "2024-09-30": {
        "Tax Effect Of Unusual Items": 0.0,
        "Tax Rate For Calcs": 0.195636,
        "Net Income From Continuing Operation Net Minority Interest": 61492000.0,
        "Reconciled Depreciation": 9835000.0,
        "Net Interest Income": 156707000.0,
        "Interest Expense": 93289000.0,
        "Interest Income": 249996000.0,
        "Normalized Income": 61492000.0,
        "Net Income From Continuing And Discontinued Operation": 61492000.0,
        "Diluted Average Shares": 128504035.0,
        "Basic Average Shares": 127886167.0,
        "Diluted EPS": 0.48,
        "Basic EPS": 0.48,
        "Diluted NI Availto Com Stockholders": 61492000.0,
        "Net Income Common Stockholders": 61492000.0,
        "Net Income": 61492000.0,
        "Net Income Including Noncontrolling Interests": 61492000.0,
        "Net Income Continuous Operations": 61492000.0,
        "Tax Provision": 14956000.0,
        "Pretax Income": 76448000.0,
        "Selling General And Administration": 61376000.0,
        "Selling And Marketing Expense": 1813000.0,
        "General And Administrative Expense": 59563000.0,
        "Salaries And Wages": 59563000.0,
        "Total Revenue": 201317000.0,
        "Operating Revenue": 201317000.0,
        "Occupancy And Equipment": 20023000.0,
        "Professional Expense And Contract Services Expense": 14634000.0,
        "Other Non Interest Expense": 21436000.0
    }
}