{
    "2023-06-30": {
        "Tax Effect Of Unusual Items": 0.0,
        "Tax Rate For Calcs": 0.212766,
        "Total Unusual Items": NaN,
        "Total Unusual Items Excluding Goodwill": NaN,
        "Net Income From Continuing Operation Net Minority Interest": 74000000.0,
        "Reconciled Depreciation": 0.0,
        "Net Interest Income": -57000000.0,
        "Interest Expense": 157000000.0,
        "Interest Income": 99000000.0,
        "Normalized Income": 74000000.0,
        "Net Income From Continuing And Discontinued Operation": 74000000.0,
        "Diluted Average Shares": NaN,
        "Basic Average Shares": NaN,
        "Diluted EPS": NaN,
        "Basic EPS": NaN,
        "Diluted NI Availto Com Stockholders": 74000000.0,
        "Net Income Common Stockholders": 74000000.0,
        "Preferred Stock Dividends": 0.0,
        "Net Income": 74000000.0,
        "Minority Interests": -1000000.0,
        "Net Income Including Noncontrolling Interests": 74000000.0,
        "Net Income Continuous Operations": 74000000.0,
        "Tax Provision": 20000000.0,
        "Pretax Income": 94000000.0,
        "Special Income Charges": NaN,
        "Gain On Sale Of Security": NaN,
        "Depreciation Amortization Depletion Income Statement": 0.0,
        "Depreciation And Amortization In Income Statement": 0.0,
        "Amortization": 0.0,
        "Amortization Of Intangibles Income Statement": 0.0,
        "Selling General And Administration": -12000000.0,
        "Selling And Marketing Expense": NaN,
        "General And Administrative Expense": 2000000.0,
        "Other Gand A": NaN,
        "Salaries And Wages": 2000000.0,
        "Total Revenue": -30000000.0,
        "Operating Revenue": -30000000.0,
        "Gross Profit": NaN,
        "Operating Income": 429
    },
    "2023-03-31": {
        "Tax Effect Of Unusual Items": 0.0,
        "Tax Rate For Calcs": 0.227,
        "Total Unusual Items": NaN,
        "Total Unusual Items Excluding Goodwill": NaN,
        "Net Income From Continuing Operation Net Minority Interest": 251000000.0,
        "Reconciled Depreciation": 12000000.0,
        "Net Interest Income": 688000000.0,
        "Interest Expense": 236000000.0,
        "Interest Income": 923000000.0,
        "Normalized Income": 251000000.0,
        "Net Income From Continuing And Discontinued Operation": 251000000.0,
        "Diluted Average Shares": 572000000.0,
        "Basic Average Shares": 537000000.0,
        "Diluted EPS": 0.43,
        "Basic EPS": 0.45,
        "Diluted NI Availto Com Stockholders": 243000000.0,
        "Net Income Common Stockholders": 243000000.0,
        "Preferred Stock Dividends": 8000000.0,
        "Net Income": 251000000.0,
        "Minority Interests": -4000000.0,
        "Net Income Including Noncontrolling Interests": 256000000.0,
        "Net Income Continuous Operations": 256000000.0,
        "Tax Provision": 75000000.0,
        "Pretax Income": 331000000.0,
        "Special Income Charges": NaN,
        "Gain On Sale Of Security": 39000000.0,
        "Depreciation Amortization Depletion Income Statement": 12000000.0,
        "Depreciation And Amortization In Income Statement": 12000000.0,
        "Amortization": 12000000.0,
        "Amortization Of Intangibles Income Statement": 12000000.0,
        "Selling General And Administration": 271000000.0,
        "Selling And Marketing Expense": 14000000.0,
        "General And Administrative Expense": 271000000.0,
        "Other Gand A": NaN,
        "Salaries And Wages": 271000000.0,
        "Total Revenue": 858000000.0,
        "Operating Revenue": 858000000.0,
        "Gross Profit": 859,
        "Operating Income": 331,
        "EBIT": NaN
    },
    "2022-12-31": {
        "Tax Effect Of Unusual Items": 0.0,
        "Tax Rate For Calcs": 0.1919,
        "Total Unusual Items": -7000000.0,
        "Total Unusual Items Excluding Goodwill": -7000000.0,
        "Net Income From Continuing Operation Net Minority Interest": 266000000.0,
        "Reconciled Depreciation": 13000000.0,
        "Net Interest Income": 709000000.0,
        "Interest Expense": 151000000.0,
        "Interest Income": 860000000.0,
        "Normalized Income": 266000000.0,
        "Net Income From Continuing And Discontinued Operation": 266000000.0,
        "Diluted Average Shares": 572000000.0,
        "Basic Average Shares": 536000000.0,
        "Diluted EPS": 0.45,
        "Basic EPS": 0.48,
        "Diluted NI Availto Com Stockholders": 258000000.0,
        "Net Income Common Stockholders": 258000000.0,
        "Preferred Stock Dividends": 8000000.0,
        "Net Income": 266000000.0,
        "Minority Interests": -4000000.0,
        "Net Income Including Noncontrolling Interests": 270000000.0,
        "Net Income Continuous Operations": 270000000.0,
        "Tax Provision": 64000000.0,
        "Pretax Income": 334000000.0,
        "Special Income Charges": -7000000.0,
        "Gain On Sale Of Security": 35000000.0,
        "Depreciation Amortization Depletion Income Statement": 13000000.0,
        "Depreciation And Amortization In Income Statement": 13000000.0,
        "Amortization": 13000000.0,
        "Amortization Of Intangibles Income Statement": 13000000.0,
        "Selling General And Administration": 282000000.0,
        "Selling And Marketing Expense": 16000000.0,
        "General And Administrative Expense": 282000000.0,
        "Other Gand A": NaN,
        "Salaries And Wages": 282000000.0,
        "Total Revenue": 884000000.0,
        "Operating Revenue": 884000000.0,
        "Gross Profit": 881,
        "Operating Income": 333,
        "EBIT": NaN
    },
    "2022-09-30": {
        "Tax Effect Of Unusual Items": 0.0,
        "Tax Rate For Calcs": 0.2258,
        "Total Unusual Items": 0.0,
        "Total Unusual Items Excluding Goodwill": 0.0,
        "Net Income From Continuing Operation Net Minority Interest": 265000000.0,
        "Reconciled Depreciation": 13000000.0,
        "Net Interest Income": 662000000.0,
        "Interest Expense": 74000000.0,
        "Interest Income": 737000000.0,
        "Normalized Income": 265000000.0,
        "Net Income From Continuing And Discontinued Operation": 265000000.0,
        "Diluted Average Shares": 570000000.0,
        "Basic Average Shares": 536000000.0,
        "Diluted EPS": 0.45,
        "Basic EPS": 0.48,
        "Diluted NI Availto Com Stockholders": 257000000.0,
        "Net Income Common Stockholders": 257000000.0,
        "Preferred Stock Dividends": 8000000.0,
        "Net Income": 265000000.0,
        "Minority Interests": -3000000.0,
        "Net Income Including Noncontrolling Interests": 268000000.0,
        "Net Income Continuous Operations": 268000000.0,
        "Tax Provision": 78000000.0,
        "Pretax Income": 346000000.0,
        "Special Income Charges": 0.0,
        "Gain On Sale Of Security": 46000000.0,
        "Depreciation Amortization Depletion Income Statement": 13000000.0,
        "Depreciation And Amortization In Income Statement": 13000000.0,
        "Amortization": 13000000.0,
        "Amortization Of Intangibles Income Statement": 13000000.0,
        "Selling General And Administration": 276000000.0,
        "Selling And Marketing Expense": 12000000.0,
        "General And Administrative Expense": 276000000.0,
        "Other Gand A": NaN,
        "Salaries And Wages": 276000000.0,
        "Total Revenue": 875000000.0,
        "Operating Revenue": 875000000.0,
        "Gross Profit": 875,
        "Operating Income": 346,
        "EBIT": NaN
    },
    "2022-06-30": {
        "Tax Effect Of Unusual Items": 0.0,
        "Tax Rate For Calcs": 0.213,
        "Total Unusual Items": NaN,
        "Total Unusual Items Excluding Goodwill": NaN,
        "Net Income From Continuing Operation Net Minority Interest": 174000000.0,
        "Reconciled Depreciation": 13000000.0,
        "Net Interest Income": 542000000.0,
        "Interest Expense": 44000000.0,
        "Interest Income": 586000000.0,
        "Normalized Income": 174000000.0,
        "Net Income From Continuing And Discontinued Operation": 174000000.0,
        "Diluted Average Shares": 569000000.0,
        "Basic Average Shares": 535000000.0,
        "Diluted EPS": 0.29,
        "Basic EPS": 0.31,
        "Diluted NI Availto Com Stockholders": 166000000.0,
        "Net Income Common Stockholders": 166000000.0,
        "Preferred Stock Dividends": 8000000.0,
        "Net Income": 174000000.0,
        "Minority Interests": -3000000.0,
        "Net Income Including Noncontrolling Interests": 177000000.0,
        "Net Income Continuous Operations": 177000000.0,
        "Tax Provision": 48000000.0,
        "Pretax Income": 225000000.0,
        "Special Income Charges": NaN,
        "Gain On Sale Of Security": 51000000.0,
        "Depreciation Amortization Depletion Income Statement": 13000000.0,
        "Depreciation And Amortization In Income Statement": 13000000.0,
        "Amortization": 13000000.0,
        "Amortization Of Intangibles Income Statement": 13000000.0,
        "Selling General And Administration": 265000000.0,
        "Selling And Marketing Expense": 10000000.0,
        "General And Administrative Expense": 265000000.0,
        "Other Gand A": 9000000.0,
        "Salaries And Wages": 265000000.0,
        "Total Revenue": 742000000.0,
        "Operating Revenue": 742000000.0,
        "Gross Profit": 743,
        "Operating Income": 225,
        "EBIT": NaN
    },
    "2022-03-31": {
        "Diluted EPS": 0.34,
        "Total Revenue": 739,
        "Gross Profit": 708,
        "Operating Income": 255,
        "EBIT": NaN,
        "Net Income": 187
    },
    "2021-12-31": {
        "Diluted EPS": 0.4,
        "Total Revenue": 777,
        "Gross Profit": 743,
        "Operating Income": 314,
        "EBIT": NaN,
        "Net Income": 218
    },
    "2021-09-30": {
        "Diluted EPS": 0.41,
        "Total Revenue": 780,
        "Gross Profit": 739,
        "Operating Income": 298,
        "EBIT": NaN,
        "Net Income": 224
    },
    "2021-06-30": {
        "Diluted EPS": 0.53,
        "Total Revenue": 827,
        "Gross Profit": 782,
        "Operating Income": 399,
        "EBIT": NaN,
        "Net Income": 295
    },
    "2021-03-31": {
        "Diluted EPS": 0.4,
        "Total Revenue": 850,
        "Gross Profit": 806,
        "Operating Income": 307,
        "EBIT": NaN,
        "Net Income": 225
    },
    "2020-12-31": {
        "Diluted EPS": 0.73,
        "Total Revenue": 865,
        "Gross Profit": 811,
        "Operating Income": 308,
        "EBIT": NaN,
        "Net Income": 235
    },
    "2020-09-30": {
        "Diluted EPS": 0.95,
        "Total Revenue": NaN,
        "Gross Profit": NaN,
        "Operating Income": 541,
        "EBIT": NaN,
        "Net Income": 523
    },
    "2020-06-30": {
        "Diluted EPS": 0.17,
        "Total Revenue": 552,
        "Gross Profit": 511,
        "Operating Income": 70,
        "EBIT": NaN,
        "Net Income": 52
    },
    "2020-03-31": {
        "Diluted EPS": 0.04,
        "Total Revenue": 552,
        "Gross Profit": 477,
        "Operating Income": 21,
        "EBIT": NaN,
        "Net Income": 12
    },
    "2019-12-31": {
        "Diluted EPS": 0.37,
        "Total Revenue": 587,
        "Gross Profit": 494,
        "Operating Income": 172,
        "EBIT": NaN,
        "Net Income": 117
    },
    "2019-09-30": {
        "Diluted EPS": 0.35,
        "Total Revenue": 579,
        "Gross Profit": 472,
        "Operating Income": 150,
        "EBIT": NaN,
        "Net Income": 110
    },
    "2019-06-30": {
        "Diluted EPS": 0.35,
        "Total Revenue": 570,
        "Gross Profit": 462,
        "Operating Income": 148,
        "EBIT": NaN,
        "Net Income": 109
    },
    "2019-03-31": {
        "Diluted EPS": 0.31,
        "Total Revenue": 542,
        "Gross Profit": 436,
        "Operating Income": 130,
        "EBIT": NaN,
        "Net Income": 99
    },
    "2018-12-31": {
        "Diluted EPS": 0.3,
        "Total Revenue": 512,
        "Gross Profit": 413,
        "Operating Income": 98,
        "EBIT": NaN,
        "Net Income": 97
    },
    "2018-09-30": {
        "Diluted EPS": 0.83,
        "Total Revenue": 743,
        "Gross Profit": 655,
        "Operating Income": 359,
        "EBIT": NaN,
        "Net Income": 270
    },
    "2018-06-30": {
        "Diluted EPS": 0.25,
        "Total Revenue": 515,
        "Gross Profit": 438,
        "Operating Income": 106,
        "EBIT": NaN,
        "Net Income": 82
    },
    "2018-03-31": {
        "Diluted EPS": 0.27,
        "Total Revenue": 499,
        "Gross Profit": 437,
        "Operating Income": 125,
        "EBIT": NaN,
        "Net Income": 91
    },
    "2017-12-31": {
        "Diluted EPS": -0.24,
        "Total Revenue": 421,
        "Gross Profit": 375,
        "Operating Income": 29,
        "EBIT": NaN,
        "Net Income": -53
    },
    "2017-09-30": {
        "Diluted EPS": 0.28,
        "Total Revenue": 361,
        "Gross Profit": 322,
        "Operating Income": 85,
        "EBIT": NaN,
        "Net Income": 67
    },
    "2017-06-30": {
        "Diluted EPS": 0.38,
        "Total Revenue": 363,
        "Gross Profit": 328,
        "Operating Income": 112,
        "EBIT": NaN,
        "Net Income": 91
    },
    "2017-03-31": {
        "Diluted EPS": 0.23,
        "Total Revenue": 336,
        "Gross Profit": 307,
        "Operating Income": 85,
        "EBIT": NaN,
        "Net Income": 54
    },
    "2016-12-31": {
        "Diluted EPS": 0.23,
        "Total Revenue": 344,
        "Gross Profit": 320,
        "Operating Income": 82,
        "EBIT": NaN,
        "Net Income": 53
    },
    "2016-09-30": {
        "Diluted EPS": 0.27,
        "Total Revenue": 356,
        "Gross Profit": 334,
        "Operating Income": 96,
        "EBIT": NaN,
        "Net Income": 63
    },
    "2016-06-30": {
        "Diluted EPS": 0.24,
        "Total Revenue": 343,
        "Gross Profit": 322,
        "Operating Income": 91,
        "EBIT": NaN,
        "Net Income": 57
    },
    "2016-03-31": {
        "Diluted EPS": 0.2,
        "Total Revenue": 328,
        "Gross Profit": 306,
        "Operating Income": 76,
        "EBIT": NaN,
        "Net Income": 48
    },
    "2015-12-31": {
        "Diluted EPS": 0.2,
        "Total Revenue": 320,
        "Gross Profit": 299,
        "Operating Income": 53,
        "EBIT": NaN,
        "Net Income": 47
    },
    "2015-09-30": {
        "Diluted EPS": 0.25,
        "Total Revenue": 309,
        "Gross Profit": 289,
        "Operating Income": 72,
        "EBIT": NaN,
        "Net Income": 59
    },
    "2015-06-30": {
        "Diluted EPS": 0.22,
        "Total Revenue": 317,
        "Gross Profit": 297,
        "Operating Income": 77,
        "EBIT": NaN,
        "Net Income": 51
    },
    "2015-03-31": {
        "Diluted EPS": -0.33,
        "Total Revenue": 308,
        "Gross Profit": 287,
        "Operating Income": -95,
        "EBIT": NaN,
        "Net Income": -77
    },
    "2014-12-31": {
        "Diluted EPS": 0.2,
        "Total Revenue": 299,
        "Gross Profit": 279,
        "Operating Income": 65,
        "EBIT": NaN,
        "Net Income": 47
    },
    "2014-09-30": {
        "Diluted EPS": 0.19,
        "Total Revenue": 337,
        "Gross Profit": 317,
        "Operating Income": 67,
        "EBIT": NaN,
        "Net Income": 46
    },
    "2014-06-30": {
        "Diluted EPS": 0.33,
        "Total Revenue": 304,
        "Gross Profit": 284,
        "Operating Income": 116,
        "EBIT": NaN,
        "Net Income": 78
    },
    "2014-03-31": {
        "Diluted EPS": 0.19,
        "Total Revenue": 319,
        "Gross Profit": 298,
        "Operating Income": 70,
        "EBIT": NaN,
        "Net Income": 46
    },
    "2013-12-31": {
        "Diluted EPS": 0.2,
        "Total Revenue": 314,
        "Gross Profit": 292,
        "Operating Income": 30,
        "EBIT": NaN,
        "Net Income": 47
    },
    "2013-09-30": {
        "Diluted EPS": -0.45,
        "Total Revenue": 333,
        "Gross Profit": 309,
        "Operating Income": -134,
        "EBIT": NaN,
        "Net Income": -107
    },
    "2013-06-30": {
        "Diluted EPS": 0.17,
        "Total Revenue": 327,
        "Gross Profit": 303,
        "Operating Income": 60,
        "EBIT": NaN,
        "Net Income": 41
    },
    "2013-03-31": {
        "Diluted EPS": 0.17,
        "Total Revenue": 343,
        "Gross Profit": 318,
        "Operating Income": 62,
        "EBIT": NaN,
        "Net Income": 41
    },
    "2012-12-31": {
        "Diluted EPS": 0.17,
        "Total Revenue": 343,
        "Gross Profit": 317,
        "Operating Income": 31,
        "EBIT": NaN,
        "Net Income": 41
    },
    "2012-09-30": {
        "Diluted EPS": 0.1,
        "Total Revenue": 364,
        "Gross Profit": 337,
        "Operating Income": 34,
        "EBIT": NaN,
        "Net Income": 26
    },
    "2012-06-30": {
        "Diluted EPS": -0.5,
        "Total Revenue": 360,
        "Gross Profit": 332,
        "Operating Income": -211,
        "EBIT": NaN,
        "Net Income": -125
    },
    "2012-03-31": {
        "Diluted EPS": 0.12,
        "Total Revenue": 404,
        "Gross Profit": 374,
        "Operating Income": 44,
        "EBIT": NaN,
        "Net Income": 31
    },
    "2011-12-31": {
        "Diluted EPS": 0.13,
        "Total Revenue": 391,
        "Gross Profit": 360,
        "Operating Income": -24,
        "EBIT": NaN,
        "Net Income": 35
    },
    "2011-09-30": {
        "Diluted EPS": 0.14,
        "Total Revenue": 429,
        "Gross Profit": 397,
        "Operating Income": 43,
        "EBIT": NaN,
        "Net Income": 36
    },
    "2011-06-30": {
        "Diluted EPS": 0.08,
        "Total Revenue": 394,
        "Gross Profit": 360,
        "Operating Income": 40,
        "EBIT": NaN,
        "Net Income": 20
    },
    "2011-03-31": {
        "Diluted EPS": 0.15,
        "Total Revenue": 404,
        "Gross Profit": 369,
        "Operating Income": 91,
        "EBIT": NaN,
        "Net Income": 40
    },
    "2010-12-31": {
        "Diluted EPS": -0.21,
        "Total Revenue": 420,
        "Gross Profit": 385,
        "Operating Income": -131,
        "EBIT": NaN,
        "Net Income": -49
    },
    "2010-09-30": {
        "Diluted EPS": 0.07,
        "Total Revenue": 466,
        "Gross Profit": 429,
        "Operating Income": 86,
        "EBIT": NaN,
        "Net Income": 16
    },
    "2010-06-30": {
        "Diluted EPS": 0.01,
        "Total Revenue": 464,
        "Gross Profit": 426,
        "Operating Income": 75,
        "EBIT": NaN,
        "Net Income": 3
    },
    "2010-03-31": {
        "Diluted EPS": -0.12,
        "Total Revenue": 463,
        "Gross Profit": 424,
        "Operating Income": 21,
        "EBIT": NaN,
        "Net Income": -28
    },
    "2009-12-31": {
        "Diluted EPS": -0.31,
        "Total Revenue": 480,
        "Gross Profit": 439,
        "Operating Income": 8,
        "EBIT": NaN,
        "Net Income": -71
    },
    "2009-09-30": {
        "Diluted EPS": -0.23,
        "Total Revenue": 539,
        "Gross Profit": 493,
        "Operating Income": -16,
        "EBIT": NaN,
        "Net Income": -53
    },
    "2009-06-30": {
        "Diluted EPS": -0.52,
        "Total Revenue": 540,
        "Gross Profit": 483,
        "Operating Income": -150,
        "EBIT": NaN,
        "Net Income": -123
    },
    "2009-03-31": {
        "Diluted EPS": -0.35,
        "Total Revenue": 669,
        "Gross Profit": 596,
        "Operating Income": -100,
        "EBIT": NaN,
        "Net Income": -83
    }
}