{
    "2023-06-30": {
        "Tax Effect Of Unusual Items": 0.0,
        "Tax Rate For Calcs": 0.229,
        "Total Unusual Items": 0.0,
        "Total Unusual Items Excluding Goodwill": 0.0,
        "Net Income From Continuing Operation Net Minority Interest": 67000000.0,
        "Reconciled Depreciation": 13500000.0,
        "Net Interest Income": 218400000.0,
        "Interest Expense": 98900000.0,
        "Interest Income": 317300000.0,
        "Normalized Income": 67000000.0,
        "Net Income From Continuing And Discontinued Operation": 67000000.0,
        "Diluted Average Shares": 103823000.0,
        "Basic Average Shares": 103821000.0,
        "Diluted EPS": 0.65,
        "Basic EPS": 0.65,
        "Diluted NI Availto Com Stockholders": 67000000.0,
        "Net Income Common Stockholders": 67000000.0,
        "Net Income": 67000000.0,
        "Net Income Including Noncontrolling Interests": 67000000.0,
        "Net Income Continuous Operations": 67000000.0,
        "Tax Provision": 19900000.0,
        "Pretax Income": 86900000.0,
        "Special Income Charges": 0.0,
        "Restructuring And Mergern Acquisition": 0.0,
        "Gain On Sale Of Security": -100000.0,
        "Depreciation Amortization Depletion Income Statement": 3900000.0,
        "Depreciation And Amortization In Income Statement": 3900000.0,
        "Amortization": 3900000.0,
        "Amortization Of Intangibles Income Statement": 3900000.0,
        "Selling General And Administration": 92100000.0,
        "General And Administrative Expense": 92100000.0,
        "Insurance And Claims": 4700000.0,
        "Salaries And Wages": 87400000.0,
        "Total Revenue": 262500000.0,
        "Operating Revenue": 262500000.0,
        "Occupancy And Equipment": 17300000.0,
        "Professional Expense And Contract Services Expense": 5300000.0,
        "Other Non Interest Expense": 45300000.0
    },
    "2023-03-31": {
        "Tax Effect Of Unusual Items": 0.0,
        "Tax Rate For Calcs": 0.242,
        "Total Unusual Items": 0.0,
        "Total Unusual Items Excluding Goodwill": 0.0,
        "Net Income From Continuing Operation Net Minority Interest": 56300000.0,
        "Reconciled Depreciation": 13700000.0,
        "Net Interest Income": 238900000.0,
        "Interest Expense": 77000000.0,
        "Interest Income": 315900000.0,
        "Normalized Income": 56300000.0,
        "Net Income From Continuing And Discontinued Operation": 56300000.0,
        "Diluted Average Shares": 103819000.0,
        "Basic Average Shares": 103738000.0,
        "Diluted EPS": 0.54,
        "Basic EPS": 0.54,
        "Diluted NI Availto Com Stockholders": 56300000.0,
        "Net Income Common Stockholders": 56300000.0,
        "Net Income": 56300000.0,
        "Net Income Including Noncontrolling Interests": 56300000.0,
        "Net Income Continuous Operations": 56300000.0,
        "Tax Provision": 18000000.0,
        "Pretax Income": 74300000.0,
        "Special Income Charges": 0.0,
        "Restructuring And Mergern Acquisition": 0.0,
        "Gain On Sale Of Security": -23400000.0,
        "Depreciation Amortization Depletion Income Statement": 4000000.0,
        "Depreciation And Amortization In Income Statement": 4000000.0,
        "Amortization": 4000000.0,
        "Amortization Of Intangibles Income Statement": 4000000.0,
        "Selling General And Administration": 94100000.0,
        "General And Administrative Expense": 94100000.0,
        "Insurance And Claims": 5700000.0,
        "Salaries And Wages": 88400000.0,
        "Total Revenue": 255300000.0,
        "Operating Revenue": 255300000.0,
        "Occupancy And Equipment": 18400000.0,
        "Professional Expense And Contract Services Expense": 4500000.0,
        "Other Non Interest Expense": 44800000.0
    },
    "2022-12-31": {
        "Tax Effect Of Unusual Items": NaN,
        "Tax Rate For Calcs": NaN,
        "Total Unusual Items": -3900000.0,
        "Total Unusual Items Excluding Goodwill": -3900000.0,
        "Net Income From Continuing Operation Net Minority Interest": NaN,
        "Reconciled Depreciation": NaN,
        "Net Interest Income": NaN,
        "Interest Expense": NaN,
        "Interest Income": NaN,
        "Normalized Income": NaN,
        "Net Income From Continuing And Discontinued Operation": NaN,
        "Diluted Average Shares": NaN,
        "Basic Average Shares": NaN,
        "Diluted EPS": NaN,
        "Basic EPS": NaN,
        "Diluted NI Availto Com Stockholders": NaN,
        "Net Income Common Stockholders": NaN,
        "Net Income": NaN,
        "Net Income Including Noncontrolling Interests": NaN,
        "Net Income Continuous Operations": NaN,
        "Tax Provision": NaN,
        "Pretax Income": NaN,
        "Special Income Charges": -3900000.0,
        "Restructuring And Mergern Acquisition": 3900000.0,
        "Gain On Sale Of Security": NaN,
        "Depreciation Amortization Depletion Income Statement": NaN,
        "Depreciation And Amortization In Income Statement": NaN,
        "Amortization": NaN,
        "Amortization Of Intangibles Income Statement": NaN,
        "Selling General And Administration": NaN,
        "General And Administrative Expense": NaN,
        "Insurance And Claims": NaN,
        "Salaries And Wages": NaN,
        "Total Revenue": NaN,
        "Operating Revenue": NaN,
        "Occupancy And Equipment": NaN,
        "Professional Expense And Contract Services Expense": NaN,
        "Other Non Interest Expense": NaN
    },
    "2022-09-30": {
        "Tax Effect Of Unusual Items": NaN,
        "Tax Rate For Calcs": NaN,
        "Total Unusual Items": NaN,
        "Total Unusual Items Excluding Goodwill": NaN,
        "Net Income From Continuing Operation Net Minority Interest": NaN,
        "Reconciled Depreciation": NaN,
        "Net Interest Income": NaN,
        "Interest Expense": NaN,
        "Interest Income": NaN,
        "Normalized Income": NaN,
        "Net Income From Continuing And Discontinued Operation": NaN,
        "Diluted Average Shares": NaN,
        "Basic Average Shares": NaN,
        "Diluted EPS": NaN,
        "Basic EPS": NaN,
        "Diluted NI Availto Com Stockholders": NaN,
        "Net Income Common Stockholders": NaN,
        "Net Income": NaN,
        "Net Income Including Noncontrolling Interests": NaN,
        "Net Income Continuous Operations": NaN,
        "Tax Provision": NaN,
        "Pretax Income": NaN,
        "Special Income Charges": NaN,
        "Restructuring And Mergern Acquisition": NaN,
        "Gain On Sale Of Security": NaN,
        "Depreciation Amortization Depletion Income Statement": NaN,
        "Depreciation And Amortization In Income Statement": NaN,
        "Amortization": NaN,
        "Amortization Of Intangibles Income Statement": NaN,
        "Selling General And Administration": NaN,
        "General And Administrative Expense": NaN,
        "Other Gand A": 15900000.0,
        "Insurance And Claims": NaN,
        "Salaries And Wages": NaN,
        "Total Revenue": NaN,
        "Operating Revenue": NaN
    },
    "2022-06-30": {
        "Tax Effect Of Unusual Items": -9239850.560399,
        "Tax Rate For Calcs": 0.201743,
        "Total Unusual Items": -45800000.0,
        "Total Unusual Items Excluding Goodwill": -45800000.0,
        "Net Income From Continuing Operation Net Minority Interest": 64100000.0,
        "Reconciled Depreciation": 4100000.0,
        "Net Interest Income": 237900000.0,
        "Interest Expense": 9500000.0,
        "Interest Income": 247400000.0,
        "Normalized Income": 100660149.439601,
        "Net Income From Continuing And Discontinued Operation": 64100000.0,
        "Diluted Average Shares": 109131718.0,
        "Basic Average Shares": 109106891.0,
        "Diluted EPS": 0.59,
        "Basic EPS": 0.59,
        "Diluted NI Availto Com Stockholders": 64100000.0,
        "Net Income Common Stockholders": 64100000.0,
        "Net Income": 64100000.0,
        "Net Income Including Noncontrolling Interests": 64100000.0,
        "Net Income Continuous Operations": 64100000.0,
        "Tax Provision": 16200000.0,
        "Pretax Income": 80300000.0,
        "Special Income Charges": -45800000.0,
        "Restructuring And Mergern Acquisition": 45800000.0,
        "Gain On Sale Of Security": -100000.0,
        "Depreciation Amortization Depletion Income Statement": 4100000.0,
        "Depreciation And Amortization In Income Statement": 4100000.0,
        "Amortization": 4100000.0,
        "Amortization Of Intangibles Income Statement": 4100000.0,
        "Selling General And Administration": 94200000.0,
        "General And Administrative Expense": 94200000.0,
        "Other Gand A": 12800000.0,
        "Insurance And Claims": 2800000.0,
        "Salaries And Wages": 94200000.0,
        "Total Revenue": 288900000.0,
        "Operating Revenue": 288900000.0
    },
    "2022-03-31": {
        "Diluted EPS": -0.36,
        "Total Revenue": 233,
        "Gross Profit": 227,
        "Operating Income": 24,
        "EBIT": NaN,
        "Net Income": -33
    },
    "2021-12-31": {
        "Diluted EPS": 0.83,
        "Total Revenue": 163,
        "Gross Profit": 159,
        "Operating Income": 72,
        "EBIT": NaN,
        "Net Income": 51
    },
    "2021-09-30": {
        "Diluted EPS": 0.76,
        "Total Revenue": 171,
        "Gross Profit": 167,
        "Operating Income": 67,
        "EBIT": NaN,
        "Net Income": 47
    },
    "2021-06-30": {
        "Diluted EPS": 0.69,
        "Total Revenue": 159,
        "Gross Profit": 154,
        "Operating Income": 55,
        "EBIT": NaN,
        "Net Income": 43
    },
    "2021-03-31": {
        "Diluted EPS": 0.83,
        "Total Revenue": 163,
        "Gross Profit": 159,
        "Operating Income": 66,
        "EBIT": NaN,
        "Net Income": 51
    },
    "2020-12-31": {
        "Diluted EPS": 0.75,
        "Total Revenue": 168,
        "Gross Profit": 162,
        "Operating Income": 62,
        "EBIT": NaN,
        "Net Income": 47
    },
    "2020-09-30": {
        "Diluted EPS": 0.76,
        "Total Revenue": 174,
        "Gross Profit": 168,
        "Operating Income": 63,
        "EBIT": NaN,
        "Net Income": 48
    },
    "2020-06-30": {
        "Diluted EPS": 0.57,
        "Total Revenue": 169,
        "Gross Profit": 162,
        "Operating Income": 47,
        "EBIT": NaN,
        "Net Income": 37
    },
    "2020-03-31": {
        "Diluted EPS": 0.45,
        "Total Revenue": 171,
        "Gross Profit": 162,
        "Operating Income": 38,
        "EBIT": NaN,
        "Net Income": 29
    },
    "2019-12-31": {
        "Diluted EPS": 0.79,
        "Total Revenue": 174,
        "Gross Profit": 162,
        "Operating Income": 70,
        "EBIT": NaN,
        "Net Income": 52
    },
    "2019-09-30": {
        "Diluted EPS": 0.76,
        "Total Revenue": 180,
        "Gross Profit": 164,
        "Operating Income": 68,
        "EBIT": NaN,
        "Net Income": 49
    },
    "2019-06-30": {
        "Diluted EPS": 0.59,
        "Total Revenue": 180,
        "Gross Profit": 163,
        "Operating Income": 62,
        "EBIT": NaN,
        "Net Income": 38
    },
    "2019-03-31": {
        "Diluted EPS": 0.69,
        "Total Revenue": 164,
        "Gross Profit": 149,
        "Operating Income": 55,
        "EBIT": NaN,
        "Net Income": 42
    },
    "2018-12-31": {
        "Diluted EPS": 0.65,
        "Total Revenue": 161,
        "Gross Profit": 149,
        "Operating Income": 58,
        "EBIT": NaN,
        "Net Income": 40
    },
    "2018-09-30": {
        "Diluted EPS": 0.71,
        "Total Revenue": 157,
        "Gross Profit": 146,
        "Operating Income": 57,
        "EBIT": NaN,
        "Net Income": 41
    },
    "2018-06-30": {
        "Diluted EPS": 0.74,
        "Total Revenue": 151,
        "Gross Profit": 141,
        "Operating Income": 54,
        "EBIT": NaN,
        "Net Income": 42
    },
    "2018-03-31": {
        "Diluted EPS": 0.65,
        "Total Revenue": 143,
        "Gross Profit": 135,
        "Operating Income": 50,
        "EBIT": NaN,
        "Net Income": 37
    },
    "2017-12-31": {
        "Diluted EPS": 0.61,
        "Total Revenue": 146,
        "Gross Profit": 138,
        "Operating Income": 53,
        "EBIT": NaN,
        "Net Income": 34
    },
    "2017-09-30": {
        "Diluted EPS": 0.48,
        "Total Revenue": 147,
        "Gross Profit": 139,
        "Operating Income": 54,
        "EBIT": NaN,
        "Net Income": 27
    },
    "2017-06-30": {
        "Diluted EPS": 0.45,
        "Total Revenue": 123,
        "Gross Profit": 117,
        "Operating Income": 44,
        "EBIT": NaN,
        "Net Income": 22
    },
    "2017-03-31": {
        "Diluted EPS": 0.51,
        "Total Revenue": 104,
        "Gross Profit": 98,
        "Operating Income": 33,
        "EBIT": NaN,
        "Net Income": 23
    },
    "2016-12-31": {
        "Diluted EPS": 0.55,
        "Total Revenue": 114,
        "Gross Profit": 109,
        "Operating Income": 39,
        "EBIT": NaN,
        "Net Income": 25
    },
    "2016-09-30": {
        "Diluted EPS": 0.56,
        "Total Revenue": 110,
        "Gross Profit": 106,
        "Operating Income": 39,
        "EBIT": NaN,
        "Net Income": 25
    },
    "2016-06-30": {
        "Diluted EPS": 0.57,
        "Total Revenue": 109,
        "Gross Profit": 105,
        "Operating Income": 39,
        "EBIT": NaN,
        "Net Income": 26
    },
    "2016-03-31": {
        "Diluted EPS": 0.45,
        "Total Revenue": 101,
        "Gross Profit": 97,
        "Operating Income": 30,
        "EBIT": NaN,
        "Net Income": 20
    },
    "2015-12-31": {
        "Diluted EPS": 0.51,
        "Total Revenue": 104,
        "Gross Profit": 99,
        "Operating Income": 35,
        "EBIT": NaN,
        "Net Income": 23
    },
    "2015-09-30": {
        "Diluted EPS": 0.44,
        "Total Revenue": 102,
        "Gross Profit": 98,
        "Operating Income": 31,
        "EBIT": NaN,
        "Net Income": 20
    },
    "2015-06-30": {
        "Diluted EPS": 0.49,
        "Total Revenue": 101,
        "Gross Profit": 97,
        "Operating Income": 34,
        "EBIT": NaN,
        "Net Income": 22
    },
    "2015-03-31": {
        "Diluted EPS": 0.46,
        "Total Revenue": 97,
        "Gross Profit": 92,
        "Operating Income": 31,
        "EBIT": NaN,
        "Net Income": 21
    },
    "2014-12-31": {
        "Diluted EPS": 0.5,
        "Total Revenue": 102,
        "Gross Profit": 97,
        "Operating Income": 37,
        "EBIT": NaN,
        "Net Income": 23
    },
    "2014-09-30": {
        "Diluted EPS": 0.42,
        "Total Revenue": 99,
        "Gross Profit": 94,
        "Operating Income": 30,
        "EBIT": NaN,
        "Net Income": 19
    },
    "2014-06-30": {
        "Diluted EPS": 0.47,
        "Total Revenue": 91,
        "Gross Profit": 86,
        "Operating Income": 33,
        "EBIT": NaN,
        "Net Income": 21
    },
    "2014-03-31": {
        "Diluted EPS": 0.48,
        "Total Revenue": 87,
        "Gross Profit": 82,
        "Operating Income": 33,
        "EBIT": NaN,
        "Net Income": 21
    },
    "2013-12-31": {
        "Diluted EPS": 0.47,
        "Total Revenue": 90,
        "Gross Profit": 86,
        "Operating Income": 32,
        "EBIT": NaN,
        "Net Income": 21
    },
    "2013-09-30": {
        "Diluted EPS": 0.54,
        "Total Revenue": 92,
        "Gross Profit": 87,
        "Operating Income": 37,
        "EBIT": NaN,
        "Net Income": 24
    },
    "2013-06-30": {
        "Diluted EPS": 0.49,
        "Total Revenue": 94,
        "Gross Profit": 88,
        "Operating Income": 33,
        "EBIT": NaN,
        "Net Income": 22
    },
    "2013-03-31": {
        "Diluted EPS": 0.46,
        "Total Revenue": 94,
        "Gross Profit": 88,
        "Operating Income": 31,
        "EBIT": NaN,
        "Net Income": 20
    },
    "2012-12-31": {
        "Diluted EPS": 0.38,
        "Total Revenue": 98,
        "Gross Profit": 92,
        "Operating Income": 26,
        "EBIT": NaN,
        "Net Income": 16
    },
    "2012-09-30": {
        "Diluted EPS": 0.35,
        "Total Revenue": 98,
        "Gross Profit": 91,
        "Operating Income": 25,
        "EBIT": NaN,
        "Net Income": 15
    },
    "2012-06-30": {
        "Diluted EPS": 0.28,
        "Total Revenue": 97,
        "Gross Profit": 89,
        "Operating Income": 20,
        "EBIT": NaN,
        "Net Income": 12
    },
    "2012-03-31": {
        "Diluted EPS": 0.26,
        "Total Revenue": 95,
        "Gross Profit": 87,
        "Operating Income": 17,
        "EBIT": NaN,
        "Net Income": 11
    },
    "2011-12-31": {
        "Diluted EPS": 0.29,
        "Total Revenue": 99,
        "Gross Profit": 90,
        "Operating Income": 20,
        "EBIT": NaN,
        "Net Income": 12
    },
    "2011-09-30": {
        "Diluted EPS": 0.26,
        "Total Revenue": 97,
        "Gross Profit": 87,
        "Operating Income": 19,
        "EBIT": NaN,
        "Net Income": 11
    },
    "2011-06-30": {
        "Diluted EPS": 0.21,
        "Total Revenue": 95,
        "Gross Profit": 84,
        "Operating Income": 15,
        "EBIT": NaN,
        "Net Income": 9
    },
    "2011-03-31": {
        "Diluted EPS": 0.2,
        "Total Revenue": 94,
        "Gross Profit": 82,
        "Operating Income": 14,
        "EBIT": NaN,
        "Net Income": 9
    },
    "2010-12-31": {
        "Diluted EPS": 0.21,
        "Total Revenue": 102,
        "Gross Profit": 88,
        "Operating Income": 13,
        "EBIT": NaN,
        "Net Income": 10
    },
    "2010-09-30": {
        "Diluted EPS": 0.18,
        "Total Revenue": 104,
        "Gross Profit": 89,
        "Operating Income": 15,
        "EBIT": NaN,
        "Net Income": 8
    },
    "2010-06-30": {
        "Diluted EPS": 0.14,
        "Total Revenue": 101,
        "Gross Profit": 84,
        "Operating Income": 10,
        "EBIT": NaN,
        "Net Income": 6
    },
    "2010-03-31": {
        "Diluted EPS": 0.32,
        "Total Revenue": 99,
        "Gross Profit": 81,
        "Operating Income": 16,
        "EBIT": NaN,
        "Net Income": 10
    },
    "2009-12-31": {
        "Diluted EPS": 0.35,
        "Total Revenue": 105,
        "Gross Profit": 86,
        "Operating Income": 17,
        "EBIT": NaN,
        "Net Income": 11
    },
    "2009-09-30": {
        "Diluted EPS": 0.36,
        "Total Revenue": 107,
        "Gross Profit": 86,
        "Operating Income": 19,
        "EBIT": NaN,
        "Net Income": 11
    },
    "2009-06-30": {
        "Diluted EPS": 0.39,
        "Total Revenue": 108,
        "Gross Profit": 86,
        "Operating Income": 16,
        "EBIT": NaN,
        "Net Income": 12
    },
    "2009-03-31": {
        "Diluted EPS": 0.49,
        "Total Revenue": 108,
        "Gross Profit": 85,
        "Operating Income": 22,
        "EBIT": NaN,
        "Net Income": 16
    },
    "2023-09-30": {
        "Tax Effect Of Unusual Items": 0.0,
        "Tax Rate For Calcs": 0.232,
        "Total Unusual Items": 0.0,
        "Total Unusual Items Excluding Goodwill": 0.0,
        "Net Income From Continuing Operation Net Minority Interest": 72700000.0,
        "Reconciled Depreciation": 13300000.0,
        "Net Interest Income": 213700000.0,
        "Interest Expense": 108900000.0,
        "Interest Income": 322600000.0,
        "Normalized Income": 72700000.0,
        "Net Income From Continuing And Discontinued Operation": 72700000.0,
        "Diluted Average Shares": 103826000.0,
        "Basic Average Shares": 103822000.0,
        "Diluted EPS": 0.7,
        "Basic EPS": 0.7,
        "Diluted NI Availto Com Stockholders": 72700000.0,
        "Net Income Common Stockholders": 72700000.0,
        "Net Income": 72700000.0,
        "Net Income Including Noncontrolling Interests": 72700000.0,
        "Net Income Continuous Operations": 72700000.0,
        "Tax Provision": 22000000.0,
        "Pretax Income": 94700000.0,
        "Special Income Charges": 0.0,
        "Restructuring And Mergern Acquisition": 0.0,
        "Gain On Sale Of Security": 0.0,
        "Depreciation Amortization Depletion Income Statement": 3900000.0,
        "Depreciation And Amortization In Income Statement": 3900000.0,
        "Amortization": 3900000.0,
        "Amortization Of Intangibles Income Statement": 3900000.0,
        "Selling General And Administration": 90100000.0,
        "General And Administrative Expense": 90100000.0,
        "Insurance And Claims": 5000000.0,
        "Salaries And Wages": 85100000.0,
        "Total Revenue": 255700000.0,
        "Operating Revenue": 255700000.0,
        "Occupancy And Equipment": 17000000.0,
        "Professional Expense And Contract Services Expense": 5100000.0,
        "Other Non Interest Expense": 45000000.0
    },
    "2023-12-31": {
        "Tax Effect Of Unusual Items": 0.0,
        "Tax Rate For Calcs": 0.239802,
        "Total Unusual Items": 0.0,
        "Total Unusual Items Excluding Goodwill": 0.0,
        "Net Income From Continuing Operation Net Minority Interest": 61500000.0,
        "Reconciled Depreciation": 13300000.0,
        "Net Interest Income": 207800000.0,
        "Interest Expense": 116500000.0,
        "Interest Income": 324300000.0,
        "Normalized Income": 61500000.0,
        "Net Income From Continuing And Discontinued Operation": 61500000.0,
        "Diluted Average Shares": 103651000.0,
        "Basic Average Shares": 103629000.0,
        "Diluted EPS": 0.59,
        "Basic EPS": 0.59,
        "Diluted NI Availto Com Stockholders": 61500000.0,
        "Net Income Common Stockholders": 61500000.0,
        "Net Income": 61500000.0,
        "Net Income Including Noncontrolling Interests": 61500000.0,
        "Net Income Continuous Operations": 61500000.0,
        "Tax Provision": 19400000.0,
        "Pretax Income": 80900000.0,
        "Special Income Charges": 0.0,
        "Restructuring And Mergern Acquisition": 0.0,
        "Gain On Sale Of Security": 0.0,
        "Depreciation Amortization Depletion Income Statement": 3900000.0,
        "Depreciation And Amortization In Income Statement": 3900000.0,
        "Amortization": 3900000.0,
        "Amortization Of Intangibles Income Statement": 3900000.0,
        "Selling General And Administration": 93600000.0,
        "General And Administrative Expense": 93600000.0,
        "Insurance And Claims": 16100000.0,
        "Salaries And Wages": 77500000.0,
        "Total Revenue": 252300000.0,
        "Operating Revenue": 252300000.0,
        "Occupancy And Equipment": 17400000.0,
        "Professional Expense And Contract Services Expense": 4200000.0,
        "Other Non Interest Expense": 46900000.0
    },
    "2024-03-31": {
        "Tax Effect Of Unusual Items": 0.0,
        "Tax Rate For Calcs": 0.239,
        "Total Unusual Items": NaN,
        "Total Unusual Items Excluding Goodwill": NaN,
        "Net Income From Continuing Operation Net Minority Interest": 58400000.0,
        "Reconciled Depreciation": 15900000.0,
        "Net Interest Income": 200100000.0,
        "Interest Expense": 124600000.0,
        "Interest Income": 324700000.0,
        "Normalized Income": 58400000.0,
        "Net Income From Continuing And Discontinued Operation": 58400000.0,
        "Diluted Average Shares": 103040034.0,
        "Basic Average Shares": 102844397.0,
        "Diluted EPS": 0.57,
        "Basic EPS": 0.57,
        "Diluted NI Availto Com Stockholders": 58400000.0,
        "Net Income Common Stockholders": 58400000.0,
        "Net Income": 58400000.0,
        "Net Income Including Noncontrolling Interests": 58400000.0,
        "Net Income Continuous Operations": 58400000.0,
        "Tax Provision": 18300000.0,
        "Pretax Income": 76700000.0,
        "Special Income Charges": NaN,
        "Restructuring And Mergern Acquisition": NaN,
        "Gain On Sale Of Security": 0.0,
        "Depreciation Amortization Depletion Income Statement": 3700000.0,
        "Depreciation And Amortization In Income Statement": 3700000.0,
        "Amortization": 3700000.0,
        "Amortization Of Intangibles Income Statement": 3700000.0,
        "Selling General And Administration": 91900000.0,
        "General And Administrative Expense": 91900000.0,
        "Insurance And Claims": 7400000.0,
        "Salaries And Wages": 84500000.0,
        "Total Revenue": 242200000.0,
        "Operating Revenue": 242200000.0,
        "Occupancy And Equipment": 17300000.0,
        "Professional Expense And Contract Services Expense": 6800000.0,
        "Other Non Interest Expense": 40500000.0
    },
    "2024-06-30": {
        "Tax Effect Of Unusual Items": 0.0,
        "Tax Rate For Calcs": 0.234694,
        "Total Unusual Items": NaN,
        "Total Unusual Items Excluding Goodwill": NaN,
        "Net Income From Continuing Operation Net Minority Interest": 60000000.0,
        "Reconciled Depreciation": 10100000.0,
        "Net Interest Income": 201700000.0,
        "Interest Expense": 122300000.0,
        "Interest Income": 324000000.0,
        "Normalized Income": 60000000.0,
        "Net Income From Continuing And Discontinued Operation": 60000000.0,
        "Diluted Average Shares": 103093000.0,
        "Basic Average Shares": 102937000.0,
        "Diluted EPS": 0.58,
        "Basic EPS": 0.58,
        "Diluted NI Availto Com Stockholders": 60000000.0,
        "Net Income Common Stockholders": 60000000.0,
        "Net Income": 60000000.0,
        "Net Income Including Noncontrolling Interests": 60000000.0,
        "Net Income Continuous Operations": 60000000.0,
        "Tax Provision": 18400000.0,
        "Pretax Income": 78400000.0,
        "Special Income Charges": NaN,
        "Restructuring And Mergern Acquisition": NaN,
        "Gain On Sale Of Security": 0.0,
        "Depreciation Amortization Depletion Income Statement": 3700000.0,
        "Depreciation And Amortization In Income Statement": 3700000.0,
        "Amortization": 3700000.0,
        "Amortization Of Intangibles Income Statement": 3700000.0,
        "Selling General And Administration": 89800000.0,
        "General And Administrative Expense": 89800000.0,
        "Insurance And Claims": 6600000.0,
        "Salaries And Wages": 83200000.0,
        "Total Revenue": 244300000.0,
        "Operating Revenue": 244300000.0,
        "Occupancy And Equipment": 16900000.0,
        "Professional Expense And Contract Services Expense": 5100000.0,
        "Other Non Interest Expense": 41400000.0
    }
}