{
    "2023-03-31": {
        "Tax Effect Of Unusual Items": NaN,
        "Tax Rate For Calcs": NaN,
        "Normalized EBITDA": NaN,
        "Total Unusual Items": NaN,
        "Total Unusual Items Excluding Goodwill": NaN,
        "Net Income From Continuing Operation Net Minority Interest": NaN,
        "Reconciled Depreciation": NaN,
        "Reconciled Cost Of Revenue": NaN,
        "EBITDA": NaN,
        "EBIT": NaN,
        "Net Interest Income": NaN,
        "Interest Expense": NaN,
        "Normalized Income": NaN,
        "Net Income From Continuing And Discontinued Operation": NaN,
        "Total Expenses": NaN,
        "Total Operating Income As Reported": NaN,
        "Diluted Average Shares": NaN,
        "Basic Average Shares": NaN,
        "Diluted EPS": NaN,
        "Basic EPS": NaN,
        "Diluted NI Availto Com Stockholders": NaN,
        "Net Income Common Stockholders": NaN,
        "Net Income": NaN,
        "Net Income Including Noncontrolling Interests": NaN,
        "Net Income Continuous Operations": NaN,
        "Tax Provision": NaN,
        "Pretax Income": NaN,
        "Other Income Expense": NaN,
        "Other Non Operating Income Expenses": NaN,
        "Special Income Charges": NaN,
        "Gain On Sale Of Ppe": 0.0,
        "Net Non Operating Interest Income Expense": NaN,
        "Interest Expense Non Operating": NaN,
        "Operating Income": NaN,
        "Operating Expense": NaN,
        "Depreciation Amortization Depletion Income Statement": NaN,
        "Depreciation And Amortization In Income Statement": NaN,
        "Amortization": NaN,
        "Amortization Of Intangibles Income Statement": NaN,
        "Research And Development": NaN,
        "Selling General And Administration": NaN,
        "Gross Profit": NaN,
        "Cost Of Revenue": NaN,
        "Total Revenue": NaN,
        "Operating Revenue": NaN
    },
    "2022-12-31": {
        "Tax Effect Of Unusual Items": NaN,
        "Tax Rate For Calcs": NaN,
        "Normalized EBITDA": NaN,
        "Total Unusual Items": NaN,
        "Total Unusual Items Excluding Goodwill": NaN,
        "Net Income From Continuing Operation Net Minority Interest": NaN,
        "Reconciled Depreciation": NaN,
        "Reconciled Cost Of Revenue": NaN,
        "EBITDA": NaN,
        "EBIT": NaN,
        "Net Interest Income": NaN,
        "Interest Expense": NaN,
        "Normalized Income": NaN,
        "Net Income From Continuing And Discontinued Operation": NaN,
        "Total Expenses": NaN,
        "Total Operating Income As Reported": NaN,
        "Diluted Average Shares": NaN,
        "Basic Average Shares": NaN,
        "Diluted EPS": NaN,
        "Basic EPS": NaN,
        "Diluted NI Availto Com Stockholders": NaN,
        "Net Income Common Stockholders": NaN,
        "Net Income": NaN,
        "Net Income Including Noncontrolling Interests": NaN,
        "Net Income Continuous Operations": NaN,
        "Tax Provision": NaN,
        "Pretax Income": NaN,
        "Other Income Expense": NaN,
        "Other Non Operating Income Expenses": NaN,
        "Special Income Charges": NaN,
        "Gain On Sale Of Ppe": NaN,
        "Gain On Sale Of Business": 1941000.0,
        "Net Non Operating Interest Income Expense": NaN,
        "Interest Expense Non Operating": NaN,
        "Operating Income": NaN,
        "Operating Expense": NaN,
        "Depreciation Amortization Depletion Income Statement": NaN,
        "Depreciation And Amortization In Income Statement": NaN,
        "Amortization": NaN,
        "Amortization Of Intangibles Income Statement": NaN,
        "Research And Development": NaN,
        "Selling General And Administration": NaN,
        "Gross Profit": NaN,
        "Cost Of Revenue": NaN,
        "Total Revenue": NaN,
        "Operating Revenue": NaN
    },
    "2022-09-30": {
        "Tax Effect Of Unusual Items": 0.0,
        "Tax Rate For Calcs": 0.198135,
        "Normalized EBITDA": 134598000.0,
        "Total Unusual Items": 0.0,
        "Total Unusual Items Excluding Goodwill": 0.0,
        "Net Income From Continuing Operation Net Minority Interest": 90699000.0,
        "Reconciled Depreciation": 442000.0,
        "Reconciled Cost Of Revenue": 82486000.0,
        "EBITDA": 134598000.0,
        "EBIT": 134156000.0,
        "Net Interest Income": -20840000.0,
        "Interest Expense": 20840000.0,
        "Normalized Income": 90699000.0,
        "Net Income From Continuing And Discontinued Operation": 90699000.0,
        "Total Expenses": 214592000.0,
        "Total Operating Income As Reported": 134156000.0,
        "Diluted Average Shares": 25573000.0,
        "Basic Average Shares": 25221000.0,
        "Diluted EPS": 3.55,
        "Basic EPS": 3.6,
        "Diluted NI Availto Com Stockholders": 90699000.0,
        "Net Income Common Stockholders": 90699000.0,
        "Net Income": 90699000.0,
        "Net Income Including Noncontrolling Interests": 90699000.0,
        "Net Income Continuous Operations": 90699000.0,
        "Tax Provision": 22411000.0,
        "Pretax Income": 113110000.0,
        "Other Income Expense": -21046000.0,
        "Other Non Operating Income Expenses": -21046000.0,
        "Special Income Charges": 0.0,
        "Gain On Sale Of Ppe": NaN,
        "Gain On Sale Of Business": 0.0,
        "Restructuring And Mergern Acquisition": 0.0,
        "Net Non Operating Interest Income Expense": -20840000.0,
        "Interest Expense Non Operating": 20840000.0,
        "Operating Income": 134156000.0,
        "Operating Expense": 132106000.0,
        "Depreciation Amortization Depletion Income Statement": 442000.0,
        "Depreciation And Amortization In Income Statement": 442000.0,
        "Amortization": 442000.0,
        "Amortization Of Intangibles Income Statement": 442000.0,
        "Research And Development": 35511000.0,
        "Selling General And Administration": 96153000.0,
        "Gross Profit": 266262000.0,
        "Cost Of Revenue": 82486000.0,
        "Total Revenue": 348748000.0,
        "Operating Revenue": 348748000.0
    },
    "2022-06-30": {
        "Tax Effect Of Unusual Items": 0.0,
        "Tax Rate For Calcs": 0.227,
        "Normalized EBITDA": 144778000.0,
        "Total Unusual Items": 0.0,
        "Total Unusual Items Excluding Goodwill": 0.0,
        "Net Income From Continuing Operation Net Minority Interest": 93500000.0,
        "Reconciled Depreciation": 5163000.0,
        "Reconciled Cost Of Revenue": 74060000.0,
        "EBITDA": 144778000.0,
        "EBIT": 139615000.0,
        "Net Interest Income": -18721000.0,
        "Interest Expense": 18721000.0,
        "Normalized Income": 93500000.0,
        "Net Income From Continuing And Discontinued Operation": 93500000.0,
        "Total Expenses": 208351000.0,
        "Total Operating Income As Reported": 140615000.0,
        "Diluted Average Shares": 25867000.0,
        "Basic Average Shares": 25634000.0,
        "Diluted EPS": 3.61,
        "Basic EPS": 3.65,
        "Diluted NI Availto Com Stockholders": 93500000.0,
        "Net Income Common Stockholders": 93500000.0,
        "Net Income": 93500000.0,
        "Net Income Including Noncontrolling Interests": 93500000.0,
        "Net Income Continuous Operations": 93500000.0,
        "Tax Provision": 27394000.0,
        "Pretax Income": 120894000.0,
        "Other Income Expense": -1000000.0,
        "Other Non Operating Income Expenses": -1000000.0,
        "Special Income Charges": 0.0,
        "Gain On Sale Of Ppe": 0.0,
        "Gain On Sale Of Business": NaN,
        "Restructuring And Mergern Acquisition": NaN,
        "Net Non Operating Interest Income Expense": -18721000.0,
        "Interest Expense Non Operating": 18721000.0,
        "Operating Income": 140615000.0,
        "Operating Expense": 129660000.0,
        "Depreciation Amortization Depletion Income Statement": 532000.0,
        "Depreciation And Amortization In Income Statement": 532000.0,
        "Amortization": 532000.0,
        "Amortization Of Intangibles Income Statement": 532000.0,
        "Research And Development": 35880000.0,
        "Selling General And Administration": 93248000.0,
        "Gross Profit": 270275000.0,
        "Cost Of Revenue": 78691000.0,
        "Total Revenue": 348966000.0,
        "Operating Revenue": 348966000.0
    },
    "2023-06-30": {
        "Tax Effect Of Unusual Items": NaN,
        "Tax Rate For Calcs": NaN,
        "Normalized EBITDA": NaN,
        "Total Unusual Items": NaN,
        "Total Unusual Items Excluding Goodwill": NaN,
        "Net Income From Continuing Operation Net Minority Interest": NaN,
        "Reconciled Depreciation": NaN,
        "Reconciled Cost Of Revenue": NaN,
        "EBITDA": NaN,
        "EBIT": NaN,
        "Net Interest Income": NaN,
        "Interest Expense": NaN,
        "Normalized Income": NaN,
        "Net Income From Continuing And Discontinued Operation": NaN,
        "Total Expenses": NaN,
        "Total Operating Income As Reported": NaN,
        "Diluted Average Shares": 25337000.0,
        "Basic Average Shares": 24959000.0,
        "Diluted EPS": 5.08,
        "Basic EPS": 5.16,
        "Diluted NI Availto Com Stockholders": NaN,
        "Net Income Common Stockholders": NaN,
        "Net Income": NaN,
        "Net Income Including Noncontrolling Interests": NaN,
        "Net Income Continuous Operations": NaN,
        "Tax Provision": NaN,
        "Pretax Income": NaN,
        "Other Income Expense": NaN,
        "Other Non Operating Income Expenses": NaN,
        "Special Income Charges": NaN,
        "Gain On Sale Of Ppe": 0.0,
        "Net Non Operating Interest Income Expense": NaN,
        "Interest Expense Non Operating": NaN,
        "Operating Income": NaN,
        "Operating Expense": NaN,
        "Depreciation Amortization Depletion Income Statement": NaN,
        "Depreciation And Amortization In Income Statement": NaN,
        "Amortization": NaN,
        "Amortization Of Intangibles Income Statement": NaN,
        "Research And Development": NaN,
        "Selling General And Administration": NaN,
        "Gross Profit": NaN,
        "Cost Of Revenue": NaN,
        "Total Revenue": NaN,
        "Operating Revenue": NaN
    },
    "2022-03-31": {
        "Diluted EPS": 3.95,
        "Total Revenue": 357,
        "Gross Profit": 285,
        "Operating Income": 152,
        "EBIT": 157,
        "Net Income": 104
    },
    "2021-12-31": {
        "Diluted EPS": 3.09,
        "Total Revenue": 322,
        "Gross Profit": 253,
        "Operating Income": 116,
        "EBIT": 121,
        "Net Income": 85
    },
    "2021-09-30": {
        "Diluted EPS": 2.99,
        "Total Revenue": 335,
        "Gross Profit": 262,
        "Operating Income": 115,
        "EBIT": 121,
        "Net Income": 86
    },
    "2021-06-30": {
        "Diluted EPS": 5.18,
        "Total Revenue": 338,
        "Gross Profit": 256,
        "Operating Income": 194,
        "EBIT": 201,
        "Net Income": 151
    },
    "2021-03-31": {
        "Diluted EPS": 2.33,
        "Total Revenue": 331,
        "Gross Profit": 243,
        "Operating Income": 101,
        "EBIT": 108,
        "Net Income": 69
    },
    "2020-12-31": {
        "Diluted EPS": 2.9,
        "Total Revenue": 312,
        "Gross Profit": 223,
        "Operating Income": 95,
        "EBIT": 102,
        "Net Income": 86
    },
    "2020-09-30": {
        "Diluted EPS": 1.99,
        "Total Revenue": 374,
        "Gross Profit": 281,
        "Operating Income": 85,
        "EBIT": 92,
        "Net Income": 59
    },
    "2020-06-30": {
        "Diluted EPS": 2.15,
        "Total Revenue": 314,
        "Gross Profit": 225,
        "Operating Income": 83,
        "EBIT": 91,
        "Net Income": 64
    },
    "2020-03-31": {
        "Diluted EPS": 1.94,
        "Total Revenue": 308,
        "Gross Profit": 220,
        "Operating Income": 76,
        "EBIT": 83,
        "Net Income": 58
    },
    "2019-12-31": {
        "Diluted EPS": 1.82,
        "Total Revenue": 299,
        "Gross Profit": 208,
        "Operating Income": 52,
        "EBIT": 60,
        "Net Income": 55
    },
    "2019-09-30": {
        "Diluted EPS": 1.8,
        "Total Revenue": 305,
        "Gross Profit": 217,
        "Operating Income": 70,
        "EBIT": 78,
        "Net Income": 55
    },
    "2019-06-30": {
        "Diluted EPS": 2.12,
        "Total Revenue": 314,
        "Gross Profit": 227,
        "Operating Income": 86,
        "EBIT": 94,
        "Net Income": 64
    },
    "2019-03-31": {
        "Diluted EPS": 1.1,
        "Total Revenue": 278,
        "Gross Profit": 193,
        "Operating Income": 49,
        "EBIT": 56,
        "Net Income": 33
    },
    "2018-12-31": {
        "Diluted EPS": 1.32,
        "Total Revenue": 262,
        "Gross Profit": 186,
        "Operating Income": 49,
        "EBIT": 57,
        "Net Income": 40
    },
    "2018-09-30": {
        "Diluted EPS": 1.07,
        "Total Revenue": 257,
        "Gross Profit": 177,
        "Operating Income": 48,
        "EBIT": 55,
        "Net Income": 33
    },
    "2018-06-30": {
        "Diluted EPS": 0.95,
        "Total Revenue": 255,
        "Gross Profit": 176,
        "Operating Income": 45,
        "EBIT": 52,
        "Net Income": 30
    },
    "2018-03-31": {
        "Diluted EPS": 1.0,
        "Total Revenue": 256,
        "Gross Profit": 177,
        "Operating Income": 46,
        "EBIT": 54,
        "Net Income": 31
    },
    "2017-12-31": {
        "Diluted EPS": 1.04,
        "Total Revenue": 232,
        "Gross Profit": 158,
        "Operating Income": 37,
        "EBIT": 45,
        "Net Income": 33
    },
    "2017-09-30": {
        "Diluted EPS": 1.42,
        "Total Revenue": 256,
        "Gross Profit": 180,
        "Operating Income": 66,
        "EBIT": 75,
        "Net Income": 45
    },
    "2017-06-30": {
        "Diluted EPS": 0.78,
        "Total Revenue": 231,
        "Gross Profit": 161,
        "Operating Income": 41,
        "EBIT": 51,
        "Net Income": 25
    },
    "2017-03-31": {
        "Diluted EPS": 0.78,
        "Total Revenue": 228,
        "Gross Profit": 156,
        "Operating Income": 40,
        "EBIT": 49,
        "Net Income": 25
    },
    "2016-12-31": {
        "Diluted EPS": 1.16,
        "Total Revenue": 220,
        "Gross Profit": 150,
        "Operating Income": 35,
        "EBIT": 44,
        "Net Income": 38
    },
    "2016-09-30": {
        "Diluted EPS": 1.0,
        "Total Revenue": 236,
        "Gross Profit": 162,
        "Operating Income": 45,
        "EBIT": 53,
        "Net Income": 32
    },
    "2016-06-30": {
        "Diluted EPS": 1.08,
        "Total Revenue": 239,
        "Gross Profit": 172,
        "Operating Income": 55,
        "EBIT": 63,
        "Net Income": 35
    },
    "2016-03-31": {
        "Diluted EPS": 0.72,
        "Total Revenue": 207,
        "Gross Profit": 144,
        "Operating Income": 39,
        "EBIT": 46,
        "Net Income": 23
    },
    "2015-12-31": {
        "Diluted EPS": 0.59,
        "Total Revenue": 200,
        "Gross Profit": 138,
        "Operating Income": 31,
        "EBIT": 38,
        "Net Income": 19
    },
    "2015-09-30": {
        "Diluted EPS": 1.02,
        "Total Revenue": 233,
        "Gross Profit": 166,
        "Operating Income": 41,
        "EBIT": 49,
        "Net Income": 33
    },
    "2015-06-30": {
        "Diluted EPS": 0.62,
        "Total Revenue": 209,
        "Gross Profit": 143,
        "Operating Income": 37,
        "EBIT": 46,
        "Net Income": 20
    },
    "2015-03-31": {
        "Diluted EPS": 0.58,
        "Total Revenue": 207,
        "Gross Profit": 136,
        "Operating Income": 34,
        "EBIT": 43,
        "Net Income": 19
    },
    "2014-12-31": {
        "Diluted EPS": 0.43,
        "Total Revenue": 190,
        "Gross Profit": 123,
        "Operating Income": 25,
        "EBIT": 33,
        "Net Income": 14
    },
    "2014-09-30": {
        "Diluted EPS": 1.08,
        "Total Revenue": 222,
        "Gross Profit": 151,
        "Operating Income": 51,
        "EBIT": 60,
        "Net Income": 37
    },
    "2014-06-30": {
        "Diluted EPS": 0.58,
        "Total Revenue": 198,
        "Gross Profit": 135,
        "Operating Income": 36,
        "EBIT": 45,
        "Net Income": 21
    },
    "2014-03-31": {
        "Diluted EPS": 0.59,
        "Total Revenue": 185,
        "Gross Profit": 127,
        "Operating Income": 39,
        "EBIT": 47,
        "Net Income": 21
    },
    "2013-12-31": {
        "Diluted EPS": 0.47,
        "Total Revenue": 184,
        "Gross Profit": 127,
        "Operating Income": 35,
        "EBIT": 43,
        "Net Income": 17
    },
    "2013-09-30": {
        "Diluted EPS": 0.78,
        "Total Revenue": 190,
        "Gross Profit": 134,
        "Operating Income": 50,
        "EBIT": 58,
        "Net Income": 29
    },
    "2013-06-30": {
        "Diluted EPS": 0.54,
        "Total Revenue": 184,
        "Gross Profit": 126,
        "Operating Income": 35,
        "EBIT": 44,
        "Net Income": 20
    },
    "2013-03-31": {
        "Diluted EPS": 0.51,
        "Total Revenue": 179,
        "Gross Profit": 120,
        "Operating Income": 33,
        "EBIT": 42,
        "Net Income": 18
    },
    "2012-12-31": {
        "Diluted EPS": 0.65,
        "Total Revenue": 190,
        "Gross Profit": 134,
        "Operating Income": 43,
        "EBIT": 51,
        "Net Income": 23
    },
    "2012-09-30": {
        "Diluted EPS": 0.6,
        "Total Revenue": 186,
        "Gross Profit": 131,
        "Operating Income": 41,
        "EBIT": 48,
        "Net Income": 21
    },
    "2012-06-30": {
        "Diluted EPS": 0.59,
        "Total Revenue": 160,
        "Gross Profit": 113,
        "Operating Income": 37,
        "EBIT": 42,
        "Net Income": 21
    },
    "2012-03-31": {
        "Diluted EPS": 0.55,
        "Total Revenue": 160,
        "Gross Profit": 111,
        "Operating Income": 38,
        "EBIT": 43,
        "Net Income": 20
    },
    "2011-12-31": {
        "Diluted EPS": 0.81,
        "Total Revenue": 170,
        "Gross Profit": 124,
        "Operating Income": 52,
        "EBIT": 58,
        "Net Income": 30
    },
    "2011-09-30": {
        "Diluted EPS": 0.62,
        "Total Revenue": 160,
        "Gross Profit": 111,
        "Operating Income": 41,
        "EBIT": 47,
        "Net Income": 25
    },
    "2011-06-30": {
        "Diluted EPS": 0.58,
        "Total Revenue": 151,
        "Gross Profit": 107,
        "Operating Income": 37,
        "EBIT": 43,
        "Net Income": 23
    },
    "2011-03-31": {
        "Diluted EPS": 0.19,
        "Total Revenue": 153,
        "Gross Profit": 104,
        "Operating Income": 19,
        "EBIT": 26,
        "Net Income": 8
    },
    "2010-12-31": {
        "Diluted EPS": 0.4,
        "Total Revenue": 156,
        "Gross Profit": 110,
        "Operating Income": 30,
        "EBIT": 36,
        "Net Income": 16
    },
    "2010-09-30": {
        "Diluted EPS": 0.37,
        "Total Revenue": 155,
        "Gross Profit": 107,
        "Operating Income": 28,
        "EBIT": 35,
        "Net Income": 16
    },
    "2010-06-30": {
        "Diluted EPS": 0.4,
        "Total Revenue": 155,
        "Gross Profit": 110,
        "Operating Income": 31,
        "EBIT": 39,
        "Net Income": 18
    },
    "2010-03-31": {
        "Diluted EPS": 0.28,
        "Total Revenue": 144,
        "Gross Profit": 99,
        "Operating Income": 23,
        "EBIT": 32,
        "Net Income": 13
    },
    "2009-12-31": {
        "Diluted EPS": 0.37,
        "Total Revenue": 151,
        "Gross Profit": 109,
        "Operating Income": 32,
        "EBIT": 40,
        "Net Income": 18
    },
    "2009-09-30": {
        "Diluted EPS": 0.35,
        "Total Revenue": 152,
        "Gross Profit": 106,
        "Operating Income": 33,
        "EBIT": 43,
        "Net Income": 17
    },
    "2009-06-30": {
        "Diluted EPS": 0.37,
        "Total Revenue": 156,
        "Gross Profit": 108,
        "Operating Income": 33,
        "EBIT": 43,
        "Net Income": 18
    },
    "2009-03-31": {
        "Diluted EPS": 0.36,
        "Total Revenue": 159,
        "Gross Profit": 106,
        "Operating Income": 30,
        "EBIT": 40,
        "Net Income": 18
    },
    "2023-09-30": {
        "Tax Effect Of Unusual Items": 0.0,
        "Tax Rate For Calcs": 0.277941,
        "Normalized EBITDA": 167765000.0,
        "Total Unusual Items": 0.0,
        "Total Unusual Items Excluding Goodwill": 0.0,
        "Net Income From Continuing Operation Net Minority Interest": 101424000.0,
        "Reconciled Depreciation": 2996000.0,
        "Reconciled Cost Of Revenue": 80111000.0,
        "EBITDA": 167765000.0,
        "EBIT": 164769000.0,
        "Net Interest Income": -24304000.0,
        "Interest Expense": 24304000.0,
        "Normalized Income": 101424000.0,
        "Net Income From Continuing And Discontinued Operation": 101424000.0,
        "Total Expenses": 224034000.0,
        "Total Operating Income As Reported": 165699000.0,
        "Diluted Average Shares": 25273000.0,
        "Basic Average Shares": 24826000.0,
        "Diluted EPS": 4.01,
        "Basic EPS": 4.09,
        "Diluted NI Availto Com Stockholders": 101424000.0,
        "Net Income Common Stockholders": 101424000.0,
        "Net Income": 101424000.0,
        "Net Income Including Noncontrolling Interests": 101424000.0,
        "Net Income Continuous Operations": 101424000.0,
        "Tax Provision": 39041000.0,
        "Pretax Income": 140465000.0,
        "Other Income Expense": -930000.0,
        "Other Non Operating Income Expenses": -930000.0,
        "Special Income Charges": 0.0,
        "Gain On Sale Of Ppe": NaN,
        "Net Non Operating Interest Income Expense": -24304000.0,
        "Interest Expense Non Operating": 24304000.0,
        "Operating Income": 165699000.0,
        "Operating Expense": 141202000.0,
        "Depreciation Amortization Depletion Income Statement": 275000.0,
        "Depreciation And Amortization In Income Statement": 275000.0,
        "Amortization": 275000.0,
        "Amortization Of Intangibles Income Statement": 275000.0,
        "Research And Development": 41596000.0,
        "Selling General And Administration": 99331000.0,
        "Gross Profit": 306901000.0,
        "Cost Of Revenue": 82832000.0,
        "Total Revenue": 389733000.0,
        "Operating Revenue": 389733000.0
    },
    "2023-12-31": {
        "Tax Effect Of Unusual Items": 0.0,
        "Tax Rate For Calcs": 0.073,
        "Normalized EBITDA": 157576000.0,
        "Total Unusual Items": 0.0,
        "Total Unusual Items Excluding Goodwill": 0.0,
        "Net Income From Continuing Operation Net Minority Interest": 121065000.0,
        "Reconciled Depreciation": 2824000.0,
        "Reconciled Cost Of Revenue": 80912000.0,
        "EBITDA": 157576000.0,
        "EBIT": 154752000.0,
        "Net Interest Income": -24162000.0,
        "Interest Expense": 24162000.0,
        "Normalized Income": 121065000.0,
        "Net Income From Continuing And Discontinued Operation": 121065000.0,
        "Total Expenses": 230700000.0,
        "Total Operating Income As Reported": 151359000.0,
        "Diluted Average Shares": 25219000.0,
        "Basic Average Shares": 24764000.0,
        "Diluted EPS": 4.8,
        "Basic EPS": 4.89,
        "Diluted NI Availto Com Stockholders": 121065000.0,
        "Net Income Common Stockholders": 121065000.0,
        "Net Income": 121065000.0,
        "Net Income Including Noncontrolling Interests": 121065000.0,
        "Net Income Continuous Operations": 121065000.0,
        "Tax Provision": 9525000.0,
        "Pretax Income": 130590000.0,
        "Other Income Expense": 3393000.0,
        "Other Non Operating Income Expenses": 3393000.0,
        "Special Income Charges": 0.0,
        "Gain On Sale Of Ppe": 0.0,
        "Net Non Operating Interest Income Expense": -24162000.0,
        "Interest Expense Non Operating": 24162000.0,
        "Operating Income": 151359000.0,
        "Operating Expense": 147239000.0,
        "Depreciation Amortization Depletion Income Statement": 275000.0,
        "Depreciation And Amortization In Income Statement": 275000.0,
        "Amortization": 275000.0,
        "Amortization Of Intangibles Income Statement": 275000.0,
        "Research And Development": 42635000.0,
        "Selling General And Administration": 104329000.0,
        "Gross Profit": 298598000.0,
        "Cost Of Revenue": 83461000.0,
        "Total Revenue": 382059000.0,
        "Operating Revenue": 382059000.0
    },
    "2024-03-31": {
        "Tax Effect Of Unusual Items": 0.0,
        "Tax Rate For Calcs": 0.249,
        "Normalized EBITDA": 202181000.0,
        "Total Unusual Items": 0.0,
        "Total Unusual Items Excluding Goodwill": 0.0,
        "Net Income From Continuing Operation Net Minority Interest": 129799000.0,
        "Reconciled Depreciation": 3354000.0,
        "Reconciled Cost Of Revenue": 83867000.0,
        "EBITDA": 202181000.0,
        "EBIT": 198827000.0,
        "Net Interest Income": -26093000.0,
        "Interest Expense": 26093000.0,
        "Normalized Income": 129799000.0,
        "Net Income From Continuing And Discontinued Operation": 129799000.0,
        "Total Expenses": 238968000.0,
        "Total Operating Income As Reported": 194841000.0,
        "Diluted Average Shares": 25154000.0,
        "Basic Average Shares": 24819000.0,
        "Diluted EPS": 5.16,
        "Basic EPS": 5.23,
        "Diluted NI Availto Com Stockholders": 129799000.0,
        "Net Income Common Stockholders": 129799000.0,
        "Net Income": 129799000.0,
        "Net Income Including Noncontrolling Interests": 129799000.0,
        "Net Income Continuous Operations": 129799000.0,
        "Tax Provision": 42935000.0,
        "Pretax Income": 172734000.0,
        "Other Income Expense": 3986000.0,
        "Other Non Operating Income Expenses": 3986000.0,
        "Special Income Charges": 0.0,
        "Gain On Sale Of Ppe": 0.0,
        "Net Non Operating Interest Income Expense": -26093000.0,
        "Interest Expense Non Operating": 26093000.0,
        "Operating Income": 194841000.0,
        "Operating Expense": 152022000.0,
        "Depreciation Amortization Depletion Income Statement": 275000.0,
        "Depreciation And Amortization In Income Statement": 275000.0,
        "Amortization": 275000.0,
        "Amortization Of Intangibles Income Statement": 275000.0,
        "Research And Development": 40880000.0,
        "Selling General And Administration": 110867000.0,
        "Gross Profit": 346863000.0,
        "Cost Of Revenue": 86946000.0,
        "Total Revenue": 433809000.0,
        "Operating Revenue": 433809000.0
    },
    "2024-06-30": {
        "Tax Effect Of Unusual Items": 0.0,
        "Tax Rate For Calcs": 0.245,
        "Normalized EBITDA": 198020000.0,
        "Total Unusual Items": 0.0,
        "Total Unusual Items Excluding Goodwill": 0.0,
        "Net Income From Continuing Operation Net Minority Interest": 126256000.0,
        "Reconciled Depreciation": 3834000.0,
        "Reconciled Cost Of Revenue": 84666000.0,
        "EBITDA": 198020000.0,
        "EBIT": 194186000.0,
        "Net Interest Income": -26868000.0,
        "Interest Expense": 26868000.0,
        "Normalized Income": 126256000.0,
        "Net Income From Continuing And Discontinued Operation": 126256000.0,
        "Total Expenses": 257598000.0,
        "Total Operating Income As Reported": 190251000.0,
        "Diluted Average Shares": 25015000.0,
        "Basic Average Shares": 24646000.0,
        "Diluted EPS": 5.05,
        "Basic EPS": 5.12,
        "Diluted NI Availto Com Stockholders": 126256000.0,
        "Net Income Common Stockholders": 126256000.0,
        "Net Income": 126256000.0,
        "Net Income Including Noncontrolling Interests": 126256000.0,
        "Net Income Continuous Operations": 126256000.0,
        "Tax Provision": 41062000.0,
        "Pretax Income": 167318000.0,
        "Other Income Expense": 3935000.0,
        "Other Non Operating Income Expenses": 3935000.0,
        "Special Income Charges": 0.0,
        "Gain On Sale Of Ppe": 0.0,
        "Net Non Operating Interest Income Expense": -26868000.0,
        "Interest Expense Non Operating": 26868000.0,
        "Operating Income": 190251000.0,
        "Operating Expense": 169373000.0,
        "Depreciation Amortization Depletion Income Statement": 275000.0,
        "Depreciation And Amortization In Income Statement": 275000.0,
        "Amortization": 275000.0,
        "Amortization Of Intangibles Income Statement": 275000.0,
        "Research And Development": 44217000.0,
        "Selling General And Administration": 124881000.0,
        "Gross Profit": 359624000.0,
        "Cost Of Revenue": 88225000.0,
        "Total Revenue": 447849000.0,
        "Operating Revenue": 447849000.0
    },
    "2024-09-30": {
        "Tax Effect Of Unusual Items": 0.0,
        "Tax Rate For Calcs": 0.208259,
        "Normalized EBITDA": 203713000.0,
        "Total Unusual Items": 0.0,
        "Total Unusual Items Excluding Goodwill": 0.0,
        "Net Income From Continuing Operation Net Minority Interest": 135691000.0,
        "Reconciled Depreciation": 3815000.0,
        "Reconciled Cost Of Revenue": 85851000.0,
        "EBITDA": 203713000.0,
        "EBIT": 199898000.0,
        "Net Interest Income": -28515000.0,
        "Interest Expense": 28515000.0,
        "Normalized Income": 135691000.0,
        "Net Income From Continuing And Discontinued Operation": 135691000.0,
        "Total Expenses": 256631000.0,
        "Total Operating Income As Reported": 197178000.0,
        "Diluted Average Shares": NaN,
        "Basic Average Shares": NaN,
        "Diluted EPS": NaN,
        "Basic EPS": NaN,
        "Diluted NI Availto Com Stockholders": 135691000.0,
        "Net Income Common Stockholders": 135691000.0,
        "Net Income": 135691000.0,
        "Net Income Including Noncontrolling Interests": 135691000.0,
        "Net Income Continuous Operations": 135691000.0,
        "Tax Provision": 35692000.0,
        "Pretax Income": 171383000.0,
        "Other Income Expense": 2720000.0,
        "Other Non Operating Income Expenses": 2720000.0,
        "Special Income Charges": 0.0,
        "Gain On Sale Of Ppe": NaN,
        "Net Non Operating Interest Income Expense": -28515000.0,
        "Interest Expense Non Operating": 28515000.0,
        "Operating Income": 197178000.0,
        "Operating Expense": 167057000.0,
        "Depreciation Amortization Depletion Income Statement": 92000.0,
        "Depreciation And Amortization In Income Statement": 92000.0,
        "Amortization": 92000.0,
        "Amortization Of Intangibles Income Statement": 92000.0,
        "Research And Development": 44208000.0,
        "Selling General And Administration": 122757000.0,
        "Gross Profit": 364235000.0,
        "Cost Of Revenue": 89574000.0,
        "Total Revenue": 453809000.0,
        "Operating Revenue": 453809000.0
    }
}