{
    "2023-03-31": {
        "Tax Effect Of Unusual Items": 0.0,
        "Tax Rate For Calcs": 0.4,
        "Normalized EBITDA": 3956000.0,
        "Net Income From Continuing Operation Net Minority Interest": 1909000.0,
        "Reconciled Depreciation": 659000.0,
        "Reconciled Cost Of Revenue": 34556000.0,
        "EBITDA": 3956000.0,
        "EBIT": 3297000.0,
        "Net Interest Income": 1072000.0,
        "Interest Income": 1072000.0,
        "Normalized Income": 1909000.0,
        "Net Income From Continuing And Discontinued Operation": 1909000.0,
        "Total Expenses": 116935000.0,
        "Total Operating Income As Reported": 3297000.0,
        "Diluted Average Shares": 182853746.0,
        "Basic Average Shares": 166773335.0,
        "Diluted EPS": 0.01,
        "Basic EPS": 0.01,
        "Diluted NI Availto Com Stockholders": 1909000.0,
        "Net Income Common Stockholders": 1909000.0,
        "Net Income": 1909000.0,
        "Net Income Including Noncontrolling Interests": 1909000.0,
        "Net Income Continuous Operations": 1909000.0,
        "Tax Provision": 2459000.0,
        "Pretax Income": 4368000.0,
        "Other Income Expense": -1000.0,
        "Other Non Operating Income Expenses": -1000.0,
        "Net Non Operating Interest Income Expense": 1072000.0,
        "Total Other Finance Cost": NaN,
        "Interest Income Non Operating": 1072000.0,
        "Operating Income": 3297000.0,
        "Operating Expense": 82379000.0,
        "Selling General And Administration": 82379000.0,
        "Selling And Marketing Expense": 48222000.0,
        "General And Administrative Expense": 34157000.0,
        "Other Gand A": 34157000.0,
        "Gross Profit": 85676000.0,
        "Cost Of Revenue": 34556000.0,
        "Total Revenue": 120232000.0,
        "Operating Revenue": 120232000.0
    },
    "2022-12-31": {
        "Tax Effect Of Unusual Items": 0.0,
        "Tax Rate For Calcs": 0.067894,
        "Normalized EBITDA": 3260000.0,
        "Net Income From Continuing Operation Net Minority Interest": 3391000.0,
        "Reconciled Depreciation": 637000.0,
        "Reconciled Cost Of Revenue": 46050000.0,
        "EBITDA": 3260000.0,
        "EBIT": 3260000.0,
        "Net Interest Income": 880000.0,
        "Interest Income": NaN,
        "Normalized Income": 3391000.0,
        "Net Income From Continuing And Discontinued Operation": 3391000.0,
        "Total Expenses": 141638000.0,
        "Total Operating Income As Reported": 3260000.0,
        "Diluted Average Shares": 180892774.0,
        "Basic Average Shares": 166181027.0,
        "Diluted EPS": 0.02,
        "Basic EPS": 0.02,
        "Diluted NI Availto Com Stockholders": 3391000.0,
        "Net Income Common Stockholders": 3391000.0,
        "Net Income": 3391000.0,
        "Net Income Including Noncontrolling Interests": 3391000.0,
        "Net Income Continuous Operations": 3391000.0,
        "Tax Provision": 247000.0,
        "Pretax Income": 3638000.0,
        "Other Income Expense": -502000.0,
        "Other Non Operating Income Expenses": -502000.0,
        "Net Non Operating Interest Income Expense": 880000.0,
        "Total Other Finance Cost": -880000.0,
        "Interest Income Non Operating": NaN,
        "Operating Income": 3260000.0,
        "Operating Expense": 95588000.0,
        "Selling General And Administration": 95588000.0,
        "Selling And Marketing Expense": 59077000.0,
        "General And Administrative Expense": 36511000.0,
        "Other Gand A": 36511000.0,
        "Gross Profit": 98848000.0,
        "Cost Of Revenue": 46050000.0,
        "Total Revenue": 144898000.0,
        "Operating Revenue": 144898000.0
    },
    "2022-09-30": {
        "Tax Effect Of Unusual Items": 0.0,
        "Tax Rate For Calcs": 0.4,
        "Normalized EBITDA": 11689000.0,
        "Net Income From Continuing Operation Net Minority Interest": 4044000.0,
        "Reconciled Depreciation": 479000.0,
        "Reconciled Cost Of Revenue": 37756000.0,
        "EBITDA": 11689000.0,
        "EBIT": 11210000.0,
        "Net Interest Income": 604000.0,
        "Interest Income": NaN,
        "Normalized Income": 4044000.0,
        "Net Income From Continuing And Discontinued Operation": 4044000.0,
        "Total Expenses": 117379000.0,
        "Total Operating Income As Reported": 11210000.0,
        "Diluted Average Shares": 186991769.0,
        "Basic Average Shares": 165543067.0,
        "Diluted EPS": 0.02,
        "Basic EPS": 0.02,
        "Diluted NI Availto Com Stockholders": 4044000.0,
        "Net Income Common Stockholders": 4044000.0,
        "Net Income": 4044000.0,
        "Net Income Including Noncontrolling Interests": 4044000.0,
        "Net Income Continuous Operations": 4044000.0,
        "Tax Provision": 7771000.0,
        "Pretax Income": 11815000.0,
        "Other Income Expense": 1000.0,
        "Other Non Operating Income Expenses": 1000.0,
        "Net Non Operating Interest Income Expense": 604000.0,
        "Total Other Finance Cost": -604000.0,
        "Interest Income Non Operating": NaN,
        "Operating Income": 11210000.0,
        "Operating Expense": 79623000.0,
        "Selling General And Administration": 79623000.0,
        "Selling And Marketing Expense": 51971000.0,
        "General And Administrative Expense": 27652000.0,
        "Other Gand A": 27652000.0,
        "Gross Profit": 90833000.0,
        "Cost Of Revenue": 37756000.0,
        "Total Revenue": 128589000.0,
        "Operating Revenue": 128589000.0
    },
    "2022-06-30": {
        "Tax Effect Of Unusual Items": 0.0,
        "Tax Rate For Calcs": 0.4,
        "Normalized EBITDA": 9884000.0,
        "Net Income From Continuing Operation Net Minority Interest": 4852000.0,
        "Reconciled Depreciation": 433000.0,
        "Reconciled Cost Of Revenue": 35899000.0,
        "EBITDA": 9884000.0,
        "EBIT": 9451000.0,
        "Net Interest Income": 70000.0,
        "Interest Income": NaN,
        "Normalized Income": 4852000.0,
        "Net Income From Continuing And Discontinued Operation": 4852000.0,
        "Total Expenses": 112796000.0,
        "Total Operating Income As Reported": 9451000.0,
        "Diluted Average Shares": 188903553.0,
        "Basic Average Shares": 164919979.0,
        "Diluted EPS": 0.03,
        "Basic EPS": 0.03,
        "Diluted NI Availto Com Stockholders": 4852000.0,
        "Net Income Common Stockholders": 4852000.0,
        "Net Income": 4852000.0,
        "Net Income Including Noncontrolling Interests": 4852000.0,
        "Net Income Continuous Operations": 4852000.0,
        "Tax Provision": 4669000.0,
        "Pretax Income": 9521000.0,
        "Other Income Expense": NaN,
        "Other Non Operating Income Expenses": NaN,
        "Net Non Operating Interest Income Expense": 70000.0,
        "Total Other Finance Cost": -70000.0,
        "Interest Income Non Operating": NaN,
        "Operating Income": 9451000.0,
        "Operating Expense": 76897000.0,
        "Selling General And Administration": 76897000.0,
        "Selling And Marketing Expense": 47627000.0,
        "General And Administrative Expense": 29270000.0,
        "Other Gand A": 29270000.0,
        "Gross Profit": 86348000.0,
        "Cost Of Revenue": 35899000.0,
        "Total Revenue": 122247000.0,
        "Operating Revenue": 122247000.0
    },
    "2022-03-31": {
        "Diluted EPS": 0.05,
        "Total Revenue": 110,
        "Gross Profit": 78,
        "Operating Income": 14,
        "EBIT": 14,
        "Net Income": 9
    },
    "2021-12-31": {
        "Diluted EPS": 0.1,
        "Total Revenue": 129,
        "Gross Profit": 90,
        "Operating Income": 16,
        "EBIT": 17,
        "Net Income": 13
    },
    "2021-09-30": {
        "Diluted EPS": 0.03,
        "Total Revenue": 103,
        "Gross Profit": 75,
        "Operating Income": 11,
        "EBIT": 11,
        "Net Income": 7
    },
    "2021-06-30": {
        "Diluted EPS": -0.26,
        "Total Revenue": 101,
        "Gross Profit": 74,
        "Operating Income": -32,
        "EBIT": -32,
        "Net Income": -41
    },
    "2021-03-31": {
        "Diluted EPS": 0.07,
        "Total Revenue": 87,
        "Gross Profit": 62,
        "Operating Income": 16,
        "EBIT": 16,
        "Net Income": 11
    },
    "2020-12-31": {
        "Diluted EPS": 0.06,
        "Total Revenue": 90,
        "Gross Profit": 64,
        "Operating Income": 13,
        "EBIT": 13,
        "Net Income": 12
    },
    "2020-09-30": {
        "Diluted EPS": 0.12,
        "Total Revenue": 77,
        "Gross Profit": 57,
        "Operating Income": 25,
        "EBIT": 25,
        "Net Income": 19
    },
    "2020-06-30": {
        "Diluted EPS": 0.09,
        "Total Revenue": 64,
        "Gross Profit": 45,
        "Operating Income": 17,
        "EBIT": 17,
        "Net Income": 14
    },
    "2020-03-31": {
        "Diluted EPS": 0.03,
        "Total Revenue": 32,
        "Gross Profit": 24,
        "Operating Income": 4,
        "EBIT": 4,
        "Net Income": 4
    },
    "2019-12-31": {
        "Diluted EPS": 0.0,
        "Total Revenue": NaN,
        "Gross Profit": NaN,
        "Operating Income": NaN,
        "EBIT": NaN,
        "Net Income": NaN
    },
    "2023-06-30": {
        "Tax Effect Of Unusual Items": 0.0,
        "Tax Rate For Calcs": 0.4,
        "Normalized EBITDA": 7279000.0,
        "Net Income From Continuing Operation Net Minority Interest": 4582000.0,
        "Reconciled Depreciation": 713000.0,
        "Reconciled Cost Of Revenue": 42098000.0,
        "EBITDA": 7279000.0,
        "EBIT": 6566000.0,
        "Net Interest Income": 1521000.0,
        "Interest Income": 1521000.0,
        "Normalized Income": 4582000.0,
        "Net Income From Continuing And Discontinued Operation": 4582000.0,
        "Total Expenses": 131566000.0,
        "Total Operating Income As Reported": 6566000.0,
        "Diluted Average Shares": 183332560.0,
        "Basic Average Shares": 167423656.0,
        "Diluted EPS": 0.02,
        "Basic EPS": 0.03,
        "Diluted NI Availto Com Stockholders": 4582000.0,
        "Net Income Common Stockholders": 4582000.0,
        "Net Income": 4582000.0,
        "Net Income Including Noncontrolling Interests": 4582000.0,
        "Net Income Continuous Operations": 4582000.0,
        "Tax Provision": 3501000.0,
        "Pretax Income": 8083000.0,
        "Other Income Expense": -4000.0,
        "Other Non Operating Income Expenses": -4000.0,
        "Net Non Operating Interest Income Expense": 1521000.0,
        "Total Other Finance Cost": NaN,
        "Interest Income Non Operating": 1521000.0,
        "Operating Income": 6566000.0,
        "Operating Expense": 89468000.0,
        "Selling General And Administration": 89468000.0,
        "Selling And Marketing Expense": 54628000.0,
        "General And Administrative Expense": 34840000.0,
        "Other Gand A": 34840000.0,
        "Gross Profit": 96034000.0,
        "Cost Of Revenue": 42098000.0,
        "Total Revenue": 138132000.0,
        "Operating Revenue": 138132000.0
    }
}