{
    "2023-03-31": {
        "Tax Effect Of Unusual Items": 0.0,
        "Tax Rate For Calcs": 0.163912,
        "Normalized EBITDA": 742280000.0,
        "Net Income From Continuing Operation Net Minority Interest": 695884000.0,
        "Reconciled Cost Of Revenue": 512428000.0,
        "EBITDA": 742280000.0,
        "EBIT": 742280000.0,
        "Normalized Income": 695884000.0,
        "Net Income From Continuing And Discontinued Operation": 695884000.0,
        "Total Expenses": 2308363000.0,
        "Total Operating Income As Reported": 742280000.0,
        "Diluted Average Shares": 287377913.0,
        "Basic Average Shares": 282114749.0,
        "Diluted EPS": 2.4,
        "Basic EPS": 2.45,
        "Diluted NI Availto Com Stockholders": 695884000.0,
        "Net Income Common Stockholders": 695884000.0,
        "Net Income": 695884000.0,
        "Minority Interests": 6064000.0,
        "Net Income Including Noncontrolling Interests": 689820000.0,
        "Net Income Continuous Operations": 689820000.0,
        "Tax Provision": 135237000.0,
        "Pretax Income": 825057000.0,
        "Other Income Expense": 82777000.0,
        "Other Non Operating Income Expenses": 82777000.0,
        "Operating Income": 742280000.0,
        "Operating Expense": 1795935000.0,
        "Other Operating Expenses": 980683000.0,
        "Provision For Doubtful Accounts": 206516000.0,
        "Research And Development": 126216000.0,
        "Selling General And Administration": 482520000.0,
        "Selling And Marketing Expense": 397118000.0,
        "General And Administrative Expense": 85402000.0,
        "Other Gand A": 85402000.0,
        "Gross Profit": 2538215000.0,
        "Cost Of Revenue": 512428000.0,
        "Total Revenue": 3050643000.0,
        "Operating Revenue": 2927576000.0
    },
    "2022-12-31": {
        "Tax Effect Of Unusual Items": 0.0,
        "Tax Rate For Calcs": 0.183454,
        "Normalized EBITDA": 616774000.0,
        "Net Income From Continuing Operation Net Minority Interest": 551475000.0,
        "Reconciled Cost Of Revenue": 662529000.0,
        "EBITDA": 616774000.0,
        "EBIT": 616774000.0,
        "Normalized Income": 551475000.0,
        "Net Income From Continuing And Discontinued Operation": 551475000.0,
        "Total Expenses": 2579508000.0,
        "Total Operating Income As Reported": NaN,
        "Diluted Average Shares": 289015063.0,
        "Basic Average Shares": 283925538.0,
        "Diluted EPS": 1.9,
        "Basic EPS": 1.95,
        "Diluted NI Availto Com Stockholders": 551475000.0,
        "Net Income Common Stockholders": 551475000.0,
        "Net Income": 551475000.0,
        "Minority Interests": -4836000.0,
        "Net Income Including Noncontrolling Interests": 556311000.0,
        "Net Income Continuous Operations": 556311000.0,
        "Tax Provision": 124987000.0,
        "Pretax Income": 681298000.0,
        "Other Income Expense": 64524000.0,
        "Other Non Operating Income Expenses": 64524000.0,
        "Operating Income": 616774000.0,
        "Operating Expense": 1916979000.0,
        "Other Operating Expenses": 935903000.0,
        "Provision For Doubtful Accounts": 238464000.0,
        "Research And Development": 137519000.0,
        "Selling General And Administration": 605093000.0,
        "Selling And Marketing Expense": 490735000.0,
        "General And Administrative Expense": 114358000.0,
        "Other Gand A": 114358000.0,
        "Gross Profit": 2533753000.0,
        "Cost Of Revenue": 662529000.0,
        "Total Revenue": 3196282000.0,
        "Operating Revenue": 3064458000.0
    },
    "2022-09-30": {
        "Tax Effect Of Unusual Items": NaN,
        "Tax Rate For Calcs": NaN,
        "Normalized EBITDA": NaN,
        "Net Income From Continuing Operation Net Minority Interest": NaN,
        "Reconciled Cost Of Revenue": NaN,
        "EBITDA": NaN,
        "EBIT": NaN,
        "Normalized Income": NaN,
        "Net Income From Continuing And Discontinued Operation": NaN,
        "Total Expenses": NaN,
        "Total Operating Income As Reported": 659837000.0,
        "Diluted Average Shares": NaN,
        "Basic Average Shares": NaN,
        "Diluted EPS": NaN,
        "Basic EPS": NaN,
        "Diluted NI Availto Com Stockholders": NaN,
        "Net Income Common Stockholders": NaN,
        "Net Income": NaN,
        "Minority Interests": NaN,
        "Net Income Including Noncontrolling Interests": NaN,
        "Net Income Continuous Operations": NaN,
        "Tax Provision": NaN,
        "Pretax Income": NaN,
        "Other Income Expense": NaN,
        "Other Non Operating Income Expenses": NaN,
        "Operating Income": NaN,
        "Operating Expense": NaN,
        "Other Operating Expenses": NaN,
        "Provision For Doubtful Accounts": NaN,
        "Research And Development": NaN,
        "Selling General And Administration": NaN,
        "Selling And Marketing Expense": NaN,
        "General And Administrative Expense": NaN,
        "Other Gand A": NaN,
        "Gross Profit": NaN,
        "Cost Of Revenue": NaN,
        "Total Revenue": NaN,
        "Operating Revenue": NaN
    },
    "2022-06-30": {
        "Tax Effect Of Unusual Items": 0.0,
        "Tax Rate For Calcs": 0.168299,
        "Normalized EBITDA": 656686000.0,
        "Net Income From Continuing Operation Net Minority Interest": 581210000.0,
        "Reconciled Cost Of Revenue": 529675000.0,
        "EBITDA": 656686000.0,
        "EBIT": 656686000.0,
        "Normalized Income": 581210000.0,
        "Net Income From Continuing And Discontinued Operation": 581210000.0,
        "Total Expenses": 2009302000.0,
        "Total Operating Income As Reported": 656686000.0,
        "Diluted Average Shares": 294031220.0,
        "Basic Average Shares": 284566725.0,
        "Diluted EPS": 2.0,
        "Basic EPS": 2.05,
        "Diluted NI Availto Com Stockholders": 581210000.0,
        "Net Income Common Stockholders": 581210000.0,
        "Net Income": 581210000.0,
        "Minority Interests": -3977000.0,
        "Net Income Including Noncontrolling Interests": 585187000.0,
        "Net Income Continuous Operations": 585187000.0,
        "Tax Provision": 118416000.0,
        "Pretax Income": 703603000.0,
        "Other Income Expense": 46917000.0,
        "Other Non Operating Income Expenses": 46917000.0,
        "Operating Income": 656686000.0,
        "Operating Expense": 1479627000.0,
        "Other Operating Expenses": 787136000.0,
        "Provision For Doubtful Accounts": 153567000.0,
        "Research And Development": 115967000.0,
        "Selling General And Administration": 422957000.0,
        "Selling And Marketing Expense": 327149000.0,
        "General And Administrative Expense": 95808000.0,
        "Other Gand A": 95808000.0,
        "Gross Profit": 2136313000.0,
        "Cost Of Revenue": 529675000.0,
        "Total Revenue": 2665988000.0,
        "Operating Revenue": 2527359000.0
    },
    "2022-03-31": {
        "Diluted EPS": 0.29,
        "Total Revenue": 386,
        "Gross Profit": 307,
        "Operating Income": 92,
        "EBIT": 92,
        "Net Income": 84
    },
    "2021-12-31": {
        "Diluted EPS": -0.76,
        "Total Revenue": -850,
        "Gross Profit": -691,
        "Operating Income": -258,
        "EBIT": -258,
        "Net Income": -224
    },
    "2021-09-30": {
        "Diluted EPS": 0.33,
        "Total Revenue": 392,
        "Gross Profit": 321,
        "Operating Income": 113,
        "EBIT": 113,
        "Net Income": 99
    },
    "2021-06-30": {
        "Diluted EPS": 0.33,
        "Total Revenue": 369,
        "Gross Profit": 299,
        "Operating Income": 109,
        "EBIT": 109,
        "Net Income": 97
    },
    "2021-03-31": {
        "Diluted EPS": 0.31,
        "Total Revenue": 322,
        "Gross Profit": 259,
        "Operating Income": 100,
        "EBIT": 100,
        "Net Income": 90
    },
    "2020-12-31": {
        "Diluted EPS": 0.31,
        "Total Revenue": 341,
        "Gross Profit": 262,
        "Operating Income": -5,
        "EBIT": -5,
        "Net Income": 90
    },
    "2020-09-30": {
        "Diluted EPS": 0.3,
        "Total Revenue": 264,
        "Gross Profit": 214,
        "Operating Income": 101,
        "EBIT": 101,
        "Net Income": 89
    },
    "2020-06-30": {
        "Diluted EPS": 0.21,
        "Total Revenue": 256,
        "Gross Profit": 218,
        "Operating Income": 80,
        "EBIT": 80,
        "Net Income": 65
    },
    "2020-03-31": {
        "Diluted EPS": 0.19,
        "Total Revenue": 297,
        "Gross Profit": 262,
        "Operating Income": 177,
        "EBIT": 177,
        "Net Income": 59
    },
    "2019-12-31": {
        "Diluted EPS": 0.19,
        "Total Revenue": 200,
        "Gross Profit": 157,
        "Operating Income": 59,
        "EBIT": 59,
        "Net Income": 56
    },
    "2019-09-30": {
        "Diluted EPS": 0.27,
        "Total Revenue": 212,
        "Gross Profit": 165,
        "Operating Income": 91,
        "EBIT": 91,
        "Net Income": 84
    },
    "2019-06-30": {
        "Diluted EPS": 0.31,
        "Total Revenue": 228,
        "Gross Profit": 183,
        "Operating Income": 112,
        "EBIT": 112,
        "Net Income": 96
    },
    "2019-03-31": {
        "Diluted EPS": 0.34,
        "Total Revenue": 217,
        "Gross Profit": 178,
        "Operating Income": 118,
        "EBIT": 118,
        "Net Income": 105
    },
    "2018-09-30": {
        "Diluted EPS": 0.3,
        "Total Revenue": 158,
        "Gross Profit": 125,
        "Operating Income": 71,
        "EBIT": 71,
        "Net Income": 95
    },
    "2018-06-30": {
        "Diluted EPS": 0.28,
        "Total Revenue": 160,
        "Gross Profit": 125,
        "Operating Income": 71,
        "EBIT": 71,
        "Net Income": 92
    },
    "2018-03-31": {
        "Diluted EPS": 0.23,
        "Total Revenue": 150,
        "Gross Profit": 111,
        "Operating Income": 64,
        "Net Income": 70
    },
    "2017-09-30": {
        "Diluted EPS": -0.32,
        "Total Revenue": 187,
        "Gross Profit": 143,
        "Operating Income": 87,
        "EBIT": 87,
        "Net Income": -42
    },
    "2017-06-30": {
        "Diluted EPS": 0.0,
        "Total Revenue": NaN,
        "Gross Profit": NaN,
        "Operating Income": NaN,
        "EBIT": NaN,
        "Net Income": NaN
    },
    "2016-12-31": {
        "Diluted EPS": 0.0,
        "Total Revenue": NaN,
        "Gross Profit": NaN,
        "Operating Income": NaN,
        "EBIT": NaN,
        "Net Income": NaN
    },
    "2023-06-30": {
        "Tax Effect Of Unusual Items": 0.0,
        "Tax Rate For Calcs": 0.151334,
        "Normalized EBITDA": 575447000.0,
        "Net Income From Continuing Operation Net Minority Interest": 554434000.0,
        "Reconciled Cost Of Revenue": 515960000.0,
        "EBITDA": 575447000.0,
        "EBIT": 575447000.0,
        "Normalized Income": 554434000.0,
        "Net Income From Continuing And Discontinued Operation": 554434000.0,
        "Total Expenses": 2500231000.0,
        "Total Operating Income As Reported": 575447000.0,
        "Diluted Average Shares": 284795160.0,
        "Basic Average Shares": 277418036.0,
        "Diluted EPS": 1.95,
        "Basic EPS": 2.0,
        "Diluted NI Availto Com Stockholders": 554434000.0,
        "Net Income Common Stockholders": 554434000.0,
        "Net Income": 554434000.0,
        "Minority Interests": -35684000.0,
        "Net Income Including Noncontrolling Interests": 590118000.0,
        "Net Income Continuous Operations": 590118000.0,
        "Tax Provision": 105230000.0,
        "Pretax Income": 695348000.0,
        "Other Income Expense": 119901000.0,
        "Other Non Operating Income Expenses": 119901000.0,
        "Operating Income": 575447000.0,
        "Operating Expense": 1984271000.0,
        "Other Operating Expenses": 1073451000.0,
        "Provision For Doubtful Accounts": 226640000.0,
        "Research And Development": 124577000.0,
        "Selling General And Administration": 559603000.0,
        "Selling And Marketing Expense": 468833000.0,
        "General And Administrative Expense": 90770000.0,
        "Other Gand A": 90770000.0,
        "Gross Profit": 2559718000.0,
        "Cost Of Revenue": 515960000.0,
        "Total Revenue": 3075678000.0,
        "Operating Revenue": 2939188000.0
    },
    "2023-09-30": {
        "Tax Effect Of Unusual Items": 0.0,
        "Tax Rate For Calcs": 0.152058,
        "Normalized EBITDA": 553389000.0,
        "Net Income From Continuing Operation Net Minority Interest": 565958000.0,
        "Reconciled Cost Of Revenue": 519985000.0,
        "EBITDA": 553389000.0,
        "EBIT": 553389000.0,
        "Normalized Income": 565958000.0,
        "Net Income From Continuing And Discontinued Operation": 565958000.0,
        "Total Expenses": 2644138000.0,
        "Total Operating Income As Reported": 553389000.0,
        "Diluted Average Shares": 276409963.0,
        "Basic Average Shares": 271360524.0,
        "Diluted EPS": 2.05,
        "Basic EPS": 2.1,
        "Diluted NI Availto Com Stockholders": 565958000.0,
        "Net Income Common Stockholders": 565958000.0,
        "Net Income": 565958000.0,
        "Minority Interests": -8757000.0,
        "Net Income Including Noncontrolling Interests": 574715000.0,
        "Net Income Continuous Operations": 574715000.0,
        "Tax Provision": 103061000.0,
        "Pretax Income": 677776000.0,
        "Other Income Expense": 124387000.0,
        "Other Non Operating Income Expenses": 124387000.0,
        "Operating Income": 553389000.0,
        "Operating Expense": 2124153000.0,
        "Other Operating Expenses": 1099154000.0,
        "Provision For Doubtful Accounts": 263660000.0,
        "Research And Development": 132588000.0,
        "Selling General And Administration": 628751000.0,
        "Selling And Marketing Expense": 530110000.0,
        "General And Administrative Expense": 98641000.0,
        "Other Gand A": 98641000.0,
        "Gross Profit": 2677542000.0,
        "Cost Of Revenue": 519985000.0,
        "Total Revenue": 3197527000.0,
        "Operating Revenue": 3054013000.0
    },
    "2023-12-31": {
        "Tax Effect Of Unusual Items": 0.0,
        "Tax Rate For Calcs": 0.088855,
        "Normalized EBITDA": 512771000.0,
        "Net Income From Continuing Operation Net Minority Interest": 524559000.0,
        "Reconciled Cost Of Revenue": 616256000.0,
        "EBITDA": 512771000.0,
        "EBIT": 512771000.0,
        "Normalized Income": 524559000.0,
        "Net Income From Continuing And Discontinued Operation": 524559000.0,
        "Total Expenses": 2763940000.0,
        "Total Operating Income As Reported": NaN,
        "Diluted Average Shares": 273486056.0,
        "Basic Average Shares": 268588149.0,
        "Diluted EPS": 1.9,
        "Basic EPS": 1.95,
        "Diluted NI Availto Com Stockholders": 524559000.0,
        "Net Income Common Stockholders": 524559000.0,
        "Net Income": 524559000.0,
        "Minority Interests": -4273000.0,
        "Net Income Including Noncontrolling Interests": 528832000.0,
        "Net Income Continuous Operations": 528832000.0,
        "Tax Provision": 51572000.0,
        "Pretax Income": 580404000.0,
        "Other Income Expense": 67633000.0,
        "Other Non Operating Income Expenses": 67633000.0,
        "Operating Income": 512771000.0,
        "Operating Expense": 2147684000.0,
        "Other Operating Expenses": 1269514000.0,
        "Provision For Doubtful Accounts": 143975000.0,
        "Research And Development": 127605000.0,
        "Selling General And Administration": 606590000.0,
        "Selling And Marketing Expense": 491381000.0,
        "General And Administrative Expense": 115209000.0,
        "Other Gand A": 115209000.0,
        "Gross Profit": 2660455000.0,
        "Cost Of Revenue": 616256000.0,
        "Total Revenue": 3276711000.0,
        "Operating Revenue": 3150920000.0
    },
    "2024-03-31": {
        "Tax Effect Of Unusual Items": 0.0,
        "Tax Rate For Calcs": 0.193307,
        "Normalized EBITDA": 628449000.0,
        "Net Income From Continuing Operation Net Minority Interest": 527701000.0,
        "Reconciled Cost Of Revenue": 539555000.0,
        "EBITDA": 628449000.0,
        "EBIT": 628449000.0,
        "Normalized Income": 527701000.0,
        "Net Income From Continuing And Discontinued Operation": 527701000.0,
        "Total Expenses": 2536632000.0,
        "Total Operating Income As Reported": 628449000.0,
        "Diluted Average Shares": 268238632.0,
        "Basic Average Shares": 262302044.0,
        "Diluted EPS": 1.95,
        "Basic EPS": 2.0,
        "Diluted NI Availto Com Stockholders": 527701000.0,
        "Net Income Common Stockholders": 527701000.0,
        "Net Income": 527701000.0,
        "Minority Interests": -4275000.0,
        "Net Income Including Noncontrolling Interests": 531976000.0,
        "Net Income Continuous Operations": 531976000.0,
        "Tax Provision": 127477000.0,
        "Pretax Income": 659453000.0,
        "Other Income Expense": 31004000.0,
        "Other Non Operating Income Expenses": 31004000.0,
        "Operating Income": 628449000.0,
        "Operating Expense": 1997077000.0,
        "Other Operating Expenses": 1198099000.0,
        "Provision For Doubtful Accounts": 146947000.0,
        "Research And Development": 120495000.0,
        "Selling General And Administration": 531536000.0,
        "Selling And Marketing Expense": 449209000.0,
        "General And Administrative Expense": 82327000.0,
        "Other Gand A": 82327000.0,
        "Gross Profit": 2625526000.0,
        "Cost Of Revenue": 539555000.0,
        "Total Revenue": 3165081000.0,
        "Operating Revenue": 3028554000.0
    }
}