{
    "2023-06-30": {
        "Tax Effect Of Unusual Items": 88477.055449,
        "Tax Rate For Calcs": 0.260994,
        "Total Unusual Items": 339000.0,
        "Total Unusual Items Excluding Goodwill": 339000.0,
        "Net Income From Continuing Operation Net Minority Interest": 4638000.0,
        "Reconciled Depreciation": 1385000.0,
        "Net Interest Income": 13675000.0,
        "Interest Expense": 2194000.0,
        "Interest Income": 15869000.0,
        "Normalized Income": 4387477.055449,
        "Net Income From Continuing And Discontinued Operation": 4638000.0,
        "Diluted Average Shares": 12989530.0,
        "Basic Average Shares": 12603463.0,
        "Diluted EPS": 0.35,
        "Basic EPS": 0.36,
        "Diluted NI Availto Com Stockholders": 4550000.0,
        "Net Income Common Stockholders": 4550000.0,
        "Otherunder Preferred Stock Dividend": 88000.0,
        "Net Income": 4638000.0,
        "Net Income Including Noncontrolling Interests": 4638000.0,
        "Net Income Continuous Operations": 4638000.0,
        "Tax Provision": 1638000.0,
        "Pretax Income": 6276000.0,
        "Special Income Charges": 339000.0,
        "Write Off": -339000.0,
        "Gain On Sale Of Security": 120000.0,
        "Selling General And Administration": 6681000.0,
        "General And Administrative Expense": 6681000.0,
        "Salaries And Wages": 6681000.0,
        "Total Revenue": 18963000.0,
        "Operating Revenue": 18963000.0
    },
    "2023-03-31": {
        "Tax Effect Of Unusual Items": 66033.0,
        "Tax Rate For Calcs": 0.261,
        "Total Unusual Items": 253000.0,
        "Total Unusual Items Excluding Goodwill": 253000.0,
        "Net Income From Continuing Operation Net Minority Interest": 3861000.0,
        "Reconciled Depreciation": 636000.0,
        "Net Interest Income": 12106000.0,
        "Interest Expense": 1295000.0,
        "Interest Income": 13401000.0,
        "Normalized Income": 3674033.0,
        "Net Income From Continuing And Discontinued Operation": 3861000.0,
        "Diluted Average Shares": 13172288.0,
        "Basic Average Shares": 12708326.0,
        "Diluted EPS": 0.29,
        "Basic EPS": 0.3,
        "Diluted NI Availto Com Stockholders": 3824000.0,
        "Net Income Common Stockholders": 3824000.0,
        "Otherunder Preferred Stock Dividend": 37000.0,
        "Net Income": 3861000.0,
        "Net Income Including Noncontrolling Interests": 3861000.0,
        "Net Income Continuous Operations": 3861000.0,
        "Tax Provision": 1364000.0,
        "Pretax Income": 5225000.0,
        "Special Income Charges": 253000.0,
        "Write Off": -253000.0,
        "Gain On Sale Of Security": -85000.0,
        "Selling General And Administration": 5257000.0,
        "General And Administrative Expense": 5257000.0,
        "Salaries And Wages": 5257000.0,
        "Total Revenue": 16933000.0,
        "Operating Revenue": 16933000.0
    },
    "2022-12-31": {
        "Tax Effect Of Unusual Items": NaN,
        "Tax Rate For Calcs": NaN,
        "Total Unusual Items": NaN,
        "Total Unusual Items Excluding Goodwill": NaN,
        "Net Income From Continuing Operation Net Minority Interest": NaN,
        "Reconciled Depreciation": NaN,
        "Net Interest Income": NaN,
        "Interest Expense": NaN,
        "Interest Income": NaN,
        "Normalized Income": NaN,
        "Net Income From Continuing And Discontinued Operation": NaN,
        "Diluted Average Shares": NaN,
        "Basic Average Shares": NaN,
        "Diluted EPS": NaN,
        "Basic EPS": NaN,
        "Diluted NI Availto Com Stockholders": NaN,
        "Net Income Common Stockholders": NaN,
        "Otherunder Preferred Stock Dividend": NaN,
        "Net Income": NaN,
        "Net Income Including Noncontrolling Interests": NaN,
        "Net Income Continuous Operations": NaN,
        "Tax Provision": NaN,
        "Pretax Income": NaN,
        "Special Income Charges": NaN,
        "Write Off": NaN,
        "Gain On Sale Of Security": 430000.0,
        "Selling General And Administration": NaN,
        "General And Administrative Expense": NaN,
        "Salaries And Wages": NaN,
        "Total Revenue": NaN,
        "Operating Revenue": NaN
    },
    "2022-09-30": {
        "Tax Effect Of Unusual Items": NaN,
        "Tax Rate For Calcs": NaN,
        "Total Unusual Items": NaN,
        "Total Unusual Items Excluding Goodwill": NaN,
        "Net Income From Continuing Operation Net Minority Interest": NaN,
        "Reconciled Depreciation": NaN,
        "Net Interest Income": NaN,
        "Interest Expense": NaN,
        "Interest Income": NaN,
        "Normalized Income": NaN,
        "Net Income From Continuing And Discontinued Operation": NaN,
        "Diluted Average Shares": NaN,
        "Basic Average Shares": NaN,
        "Diluted EPS": NaN,
        "Basic EPS": NaN,
        "Diluted NI Availto Com Stockholders": NaN,
        "Net Income Common Stockholders": NaN,
        "Otherunder Preferred Stock Dividend": NaN,
        "Net Income": NaN,
        "Net Income Including Noncontrolling Interests": NaN,
        "Net Income Continuous Operations": NaN,
        "Tax Provision": NaN,
        "Pretax Income": NaN,
        "Special Income Charges": NaN,
        "Write Off": NaN,
        "Gain On Sale Of Security": -100000.0,
        "Selling General And Administration": NaN,
        "General And Administrative Expense": NaN,
        "Salaries And Wages": NaN,
        "Total Revenue": NaN,
        "Operating Revenue": NaN
    },
    "2022-06-30": {
        "Tax Effect Of Unusual Items": -278908.915795,
        "Tax Rate For Calcs": 0.245735,
        "Total Unusual Items": -1135000.0,
        "Total Unusual Items Excluding Goodwill": -1135000.0,
        "Net Income From Continuing Operation Net Minority Interest": 5482000.0,
        "Reconciled Depreciation": 725000.0,
        "Net Interest Income": 12769000.0,
        "Interest Expense": 244000.0,
        "Interest Income": 13013000.0,
        "Normalized Income": 6338091.084205,
        "Net Income From Continuing And Discontinued Operation": 5482000.0,
        "Diluted Average Shares": 13417390.0,
        "Basic Average Shares": 12716010.0,
        "Diluted EPS": 0.41,
        "Basic EPS": 0.43,
        "Diluted NI Availto Com Stockholders": 5482000.0,
        "Net Income Common Stockholders": 5482000.0,
        "Otherunder Preferred Stock Dividend": 41000.0,
        "Net Income": 5482000.0,
        "Net Income Including Noncontrolling Interests": 5482000.0,
        "Net Income Continuous Operations": 5482000.0,
        "Tax Provision": 1786000.0,
        "Pretax Income": 7268000.0,
        "Special Income Charges": -1135000.0,
        "Write Off": 1135000.0,
        "Gain On Sale Of Security": -575000.0,
        "Selling General And Administration": 7182000.0,
        "General And Administrative Expense": 7182000.0,
        "Salaries And Wages": 7182000.0,
        "Total Revenue": 21200000.0,
        "Operating Revenue": 21200000.0
    },
    "2022-03-31": {
        "Diluted EPS": 0.7,
        "Total Revenue": 25,
        "Gross Profit": 25,
        "Operating Income": 13,
        "EBIT": NaN,
        "Net Income": 9
    },
    "2021-12-31": {
        "Diluted EPS": 0.93,
        "Total Revenue": 25,
        "Gross Profit": 24,
        "Operating Income": 14,
        "EBIT": NaN,
        "Net Income": 9
    },
    "2021-09-30": {
        "Diluted EPS": 0.91,
        "Total Revenue": 22,
        "Gross Profit": 22,
        "Operating Income": 11,
        "EBIT": NaN,
        "Net Income": 8
    },
    "2021-06-30": {
        "Diluted EPS": 0.84,
        "Total Revenue": 19,
        "Gross Profit": 19,
        "Operating Income": 10,
        "EBIT": NaN,
        "Net Income": 8
    },
    "2021-03-31": {
        "Diluted EPS": 0.59,
        "Total Revenue": 15,
        "Gross Profit": 15,
        "Operating Income": 7,
        "EBIT": NaN,
        "Net Income": 5
    },
    "2020-12-31": {
        "Diluted EPS": 0.0,
        "Total Revenue": NaN,
        "Gross Profit": NaN,
        "Operating Income": NaN,
        "EBIT": NaN,
        "Net Income": NaN
    },
    "2020-09-30": {
        "Diluted EPS": 0.0,
        "Total Revenue": NaN,
        "Gross Profit": NaN,
        "Operating Income": NaN,
        "EBIT": NaN,
        "Net Income": NaN
    },
    "2019-12-31": {
        "Diluted EPS": 0.0,
        "Total Revenue": NaN,
        "Gross Profit": NaN,
        "Operating Income": NaN,
        "EBIT": NaN,
        "Net Income": NaN
    },
    "2023-09-30": {
        "Tax Effect Of Unusual Items": -87931.076923,
        "Tax Rate For Calcs": 0.260923,
        "Total Unusual Items": -337000.0,
        "Total Unusual Items Excluding Goodwill": -337000.0,
        "Net Income From Continuing Operation Net Minority Interest": 4804000.0,
        "Reconciled Depreciation": 823000.0,
        "Net Interest Income": 14411000.0,
        "Interest Expense": 2801000.0,
        "Interest Income": 17212000.0,
        "Normalized Income": 5053068.923077,
        "Net Income From Continuing And Discontinued Operation": 4804000.0,
        "Diluted Average Shares": 12868207.0,
        "Basic Average Shares": 12387392.0,
        "Diluted EPS": 0.37,
        "Basic EPS": 0.38,
        "Diluted NI Availto Com Stockholders": 4715000.0,
        "Net Income Common Stockholders": 4715000.0,
        "Otherunder Preferred Stock Dividend": 89000.0,
        "Net Income": 4804000.0,
        "Net Income Including Noncontrolling Interests": 4804000.0,
        "Net Income Continuous Operations": 4804000.0,
        "Tax Provision": 1696000.0,
        "Pretax Income": 6500000.0,
        "Special Income Charges": -337000.0,
        "Write Off": 337000.0,
        "Gain On Sale Of Security": -500000.0,
        "Selling General And Administration": 6416000.0,
        "General And Administrative Expense": 6416000.0,
        "Salaries And Wages": 6416000.0,
        "Total Revenue": 19640000.0,
        "Operating Revenue": 19640000.0
    },
    "2023-12-31": {
        "Tax Effect Of Unusual Items": 34455.437027,
        "Tax Rate For Calcs": 0.284756,
        "Total Unusual Items": 121000.0,
        "Total Unusual Items Excluding Goodwill": 121000.0,
        "Net Income From Continuing Operation Net Minority Interest": 4157000.0,
        "Reconciled Depreciation": 967000.0,
        "Net Interest Income": 14367000.0,
        "Interest Expense": 3685000.0,
        "Interest Income": 18052000.0,
        "Normalized Income": 4070455.437027,
        "Net Income From Continuing And Discontinued Operation": 4157000.0,
        "Diluted Average Shares": 12752051.0,
        "Basic Average Shares": 12261101.0,
        "Diluted EPS": 0.32,
        "Basic EPS": 0.33,
        "Diluted NI Availto Com Stockholders": 4078000.0,
        "Net Income Common Stockholders": 4078000.0,
        "Otherunder Preferred Stock Dividend": 79000.0,
        "Net Income": 4157000.0,
        "Net Income Including Noncontrolling Interests": 4157000.0,
        "Net Income Continuous Operations": 4157000.0,
        "Tax Provision": 1655000.0,
        "Pretax Income": 5812000.0,
        "Special Income Charges": 121000.0,
        "Write Off": -121000.0,
        "Gain On Sale Of Security": NaN,
        "Selling General And Administration": 7397000.0,
        "General And Administrative Expense": 7397000.0,
        "Salaries And Wages": 7397000.0,
        "Total Revenue": 21003000.0,
        "Operating Revenue": 21003000.0
    },
    "2024-03-31": {
        "Tax Effect Of Unusual Items": 52470.0,
        "Tax Rate For Calcs": 0.265,
        "Total Unusual Items": 198000.0,
        "Total Unusual Items Excluding Goodwill": 198000.0,
        "Net Income From Continuing Operation Net Minority Interest": 3315000.0,
        "Reconciled Depreciation": 1077000.0,
        "Net Interest Income": 14006000.0,
        "Interest Expense": 3639000.0,
        "Interest Income": 17645000.0,
        "Normalized Income": 3169470.0,
        "Net Income From Continuing And Discontinued Operation": 3315000.0,
        "Diluted Average Shares": 13041605.0,
        "Basic Average Shares": 12502448.0,
        "Diluted EPS": 0.25,
        "Basic EPS": 0.26,
        "Diluted NI Availto Com Stockholders": 3263000.0,
        "Net Income Common Stockholders": 3263000.0,
        "Otherunder Preferred Stock Dividend": 52000.0,
        "Net Income": 3315000.0,
        "Net Income Including Noncontrolling Interests": 3315000.0,
        "Net Income Continuous Operations": 3315000.0,
        "Tax Provision": 1194000.0,
        "Pretax Income": 4509000.0,
        "Special Income Charges": 198000.0,
        "Write Off": -198000.0,
        "Gain On Sale Of Security": NaN,
        "Selling General And Administration": 7562000.0,
        "General And Administrative Expense": 7562000.0,
        "Salaries And Wages": 7562000.0,
        "Total Revenue": 19594000.0,
        "Operating Revenue": 19594000.0
    }
}