{
    "2023-04-30": {
        "Tax Effect Of Unusual Items": NaN,
        "Tax Rate For Calcs": NaN,
        "Normalized EBITDA": NaN,
        "Net Income From Continuing Operation Net Minority Interest": NaN,
        "Reconciled Depreciation": NaN,
        "Reconciled Cost Of Revenue": NaN,
        "EBITDA": NaN,
        "EBIT": NaN,
        "Net Interest Income": NaN,
        "Interest Income": NaN,
        "Normalized Income": NaN,
        "Net Income From Continuing And Discontinued Operation": NaN,
        "Total Expenses": NaN,
        "Total Operating Income As Reported": NaN,
        "Diluted Average Shares": NaN,
        "Basic Average Shares": NaN,
        "Diluted EPS": NaN,
        "Basic EPS": NaN,
        "Diluted NI Availto Com Stockholders": NaN,
        "Net Income Common Stockholders": NaN,
        "Net Income": NaN,
        "Net Income Including Noncontrolling Interests": NaN,
        "Net Income Continuous Operations": NaN,
        "Tax Provision": NaN,
        "Pretax Income": NaN,
        "Net Non Operating Interest Income Expense": NaN,
        "Total Other Finance Cost": -3647000.0,
        "Interest Income Non Operating": NaN,
        "Operating Income": NaN,
        "Operating Expense": NaN,
        "Depreciation Amortization Depletion Income Statement": NaN,
        "Depreciation And Amortization In Income Statement": NaN,
        "Selling General And Administration": NaN,
        "Gross Profit": NaN,
        "Cost Of Revenue": NaN,
        "Total Revenue": NaN,
        "Operating Revenue": NaN
    },
    "2023-01-31": {
        "Tax Effect Of Unusual Items": NaN,
        "Tax Rate For Calcs": NaN,
        "Normalized EBITDA": NaN,
        "Net Income From Continuing Operation Net Minority Interest": NaN,
        "Reconciled Depreciation": NaN,
        "Reconciled Cost Of Revenue": NaN,
        "EBITDA": NaN,
        "EBIT": NaN,
        "Net Interest Income": NaN,
        "Interest Income": NaN,
        "Normalized Income": NaN,
        "Net Income From Continuing And Discontinued Operation": NaN,
        "Total Expenses": NaN,
        "Total Operating Income As Reported": NaN,
        "Diluted Average Shares": NaN,
        "Basic Average Shares": NaN,
        "Diluted EPS": NaN,
        "Basic EPS": NaN,
        "Diluted NI Availto Com Stockholders": NaN,
        "Net Income Common Stockholders": NaN,
        "Net Income": NaN,
        "Net Income Including Noncontrolling Interests": NaN,
        "Net Income Continuous Operations": NaN,
        "Tax Provision": NaN,
        "Pretax Income": NaN,
        "Net Non Operating Interest Income Expense": NaN,
        "Total Other Finance Cost": -2150000.0,
        "Interest Income Non Operating": NaN,
        "Operating Income": NaN,
        "Operating Expense": NaN,
        "Depreciation Amortization Depletion Income Statement": NaN,
        "Depreciation And Amortization In Income Statement": NaN,
        "Selling General And Administration": NaN,
        "Gross Profit": NaN,
        "Cost Of Revenue": NaN,
        "Total Revenue": NaN,
        "Operating Revenue": NaN
    },
    "2022-10-31": {
        "Tax Effect Of Unusual Items": NaN,
        "Tax Rate For Calcs": NaN,
        "Normalized EBITDA": NaN,
        "Net Income From Continuing Operation Net Minority Interest": NaN,
        "Reconciled Depreciation": NaN,
        "Reconciled Cost Of Revenue": NaN,
        "EBITDA": NaN,
        "EBIT": NaN,
        "Net Interest Income": NaN,
        "Interest Income": 483000.0,
        "Normalized Income": NaN,
        "Net Income From Continuing And Discontinued Operation": NaN,
        "Total Expenses": NaN,
        "Total Operating Income As Reported": NaN,
        "Diluted Average Shares": NaN,
        "Basic Average Shares": NaN,
        "Diluted EPS": NaN,
        "Basic EPS": NaN,
        "Diluted NI Availto Com Stockholders": NaN,
        "Net Income Common Stockholders": NaN,
        "Net Income": NaN,
        "Net Income Including Noncontrolling Interests": NaN,
        "Net Income Continuous Operations": NaN,
        "Tax Provision": NaN,
        "Pretax Income": NaN,
        "Net Non Operating Interest Income Expense": NaN,
        "Total Other Finance Cost": -483000.0,
        "Interest Income Non Operating": 483000.0,
        "Operating Income": NaN,
        "Operating Expense": NaN,
        "Depreciation Amortization Depletion Income Statement": NaN,
        "Depreciation And Amortization In Income Statement": NaN,
        "Selling General And Administration": NaN,
        "Gross Profit": NaN,
        "Cost Of Revenue": NaN,
        "Total Revenue": NaN,
        "Operating Revenue": NaN
    },
    "2022-07-31": {
        "Tax Effect Of Unusual Items": 0.0,
        "Tax Rate For Calcs": 0.263,
        "Normalized EBITDA": 81154000.0,
        "Net Income From Continuing Operation Net Minority Interest": 41344000.0,
        "Reconciled Depreciation": 25143000.0,
        "Reconciled Cost Of Revenue": 440418000.0,
        "EBITDA": 81154000.0,
        "EBIT": 56011000.0,
        "Net Interest Income": 95000.0,
        "Interest Income": NaN,
        "Normalized Income": 41344000.0,
        "Net Income From Continuing And Discontinued Operation": 41344000.0,
        "Total Expenses": 612916000.0,
        "Total Operating Income As Reported": 56011000.0,
        "Diluted Average Shares": 55646039.0,
        "Basic Average Shares": 55498471.0,
        "Diluted EPS": 0.74,
        "Basic EPS": 0.74,
        "Diluted NI Availto Com Stockholders": 41344000.0,
        "Net Income Common Stockholders": 41344000.0,
        "Net Income": 41344000.0,
        "Net Income Including Noncontrolling Interests": 41344000.0,
        "Net Income Continuous Operations": 41344000.0,
        "Tax Provision": 14762000.0,
        "Pretax Income": 56106000.0,
        "Net Non Operating Interest Income Expense": 95000.0,
        "Total Other Finance Cost": -95000.0,
        "Interest Income Non Operating": NaN,
        "Operating Income": 56011000.0,
        "Operating Expense": 172498000.0,
        "Selling General And Administration": 172498000.0,
        "Gross Profit": 228509000.0,
        "Cost Of Revenue": 440418000.0,
        "Total Revenue": 668927000.0,
        "Operating Revenue": 668927000.0
    },
    "2022-04-30": {
        "Diluted EPS": 0.59,
        "Total Revenue": 640,
        "Gross Profit": 207,
        "Operating Income": 42,
        "EBIT": 66,
        "Net Income": 33
    },
    "2022-01-31": {
        "Diluted EPS": 2.49,
        "Total Revenue": 996,
        "Gross Profit": 397,
        "Operating Income": 188,
        "EBIT": 210,
        "Net Income": 140
    },
    "2021-10-31": {
        "Diluted EPS": 0.43,
        "Total Revenue": 608,
        "Gross Profit": 202,
        "Operating Income": 42,
        "EBIT": 66,
        "Net Income": 24
    },
    "2021-07-31": {
        "Diluted EPS": 1.15,
        "Total Revenue": 647,
        "Gross Profit": 230,
        "Operating Income": 86,
        "EBIT": 106,
        "Net Income": 65
    },
    "2021-04-30": {
        "Diluted EPS": 0.88,
        "Total Revenue": 598,
        "Gross Profit": 201,
        "Operating Income": 64,
        "EBIT": 83,
        "Net Income": 50
    },
    "2021-01-31": {
        "Diluted EPS": 2.22,
        "Total Revenue": 859,
        "Gross Profit": 341,
        "Operating Income": 170,
        "EBIT": 188,
        "Net Income": 124
    },
    "2020-10-31": {
        "Diluted EPS": 0.36,
        "Total Revenue": 477,
        "Gross Profit": 151,
        "Operating Income": 24,
        "EBIT": 42,
        "Net Income": 20
    },
    "2020-07-31": {
        "Diluted EPS": 0.53,
        "Total Revenue": 426,
        "Gross Profit": 140,
        "Operating Income": 33,
        "EBIT": 50,
        "Net Income": 30
    },
    "2020-04-30": {
        "Diluted EPS": -0.91,
        "Total Revenue": 201,
        "Gross Profit": 20,
        "Operating Income": -72,
        "EBIT": -56,
        "Net Income": -51
    },
    "2020-01-31": {
        "Diluted EPS": 1.97,
        "Total Revenue": 687,
        "Gross Profit": 289,
        "Operating Income": 144,
        "EBIT": 159,
        "Net Income": 110
    },
    "2019-10-31": {
        "Diluted EPS": 0.18,
        "Total Revenue": 377,
        "Gross Profit": 119,
        "Operating Income": 13,
        "EBIT": 27,
        "Net Income": 10
    },
    "2019-07-31": {
        "Diluted EPS": 0.51,
        "Total Revenue": 417,
        "Gross Profit": 146,
        "Operating Income": 36,
        "EBIT": 50,
        "Net Income": 29
    },
    "2019-04-30": {
        "Diluted EPS": 0.46,
        "Total Revenue": 365,
        "Gross Profit": 120,
        "Operating Income": 24,
        "EBIT": 36,
        "Net Income": 26
    },
    "2019-01-31": {
        "Diluted EPS": 1.58,
        "Total Revenue": 603,
        "Gross Profit": 244,
        "Operating Income": 117,
        "EBIT": 128,
        "Net Income": 89
    },
    "2018-10-31": {
        "Diluted EPS": 0.24,
        "Total Revenue": 313,
        "Gross Profit": 102,
        "Operating Income": 16,
        "EBIT": 26,
        "Net Income": 14
    },
    "2018-07-31": {
        "Diluted EPS": 0.45,
        "Total Revenue": 348,
        "Gross Profit": 122,
        "Operating Income": 30,
        "EBIT": 40,
        "Net Income": 25
    },
    "2018-04-30": {
        "Diluted EPS": 0.39,
        "Total Revenue": 296,
        "Gross Profit": 97,
        "Operating Income": 25,
        "EBIT": 34,
        "Net Income": 22
    },
    "2018-01-31": {
        "Diluted EPS": 1.21,
        "Total Revenue": 505,
        "Gross Profit": 207,
        "Operating Income": 103,
        "EBIT": 113,
        "Net Income": 67
    },
    "2017-10-31": {
        "Diluted EPS": 0.18,
        "Total Revenue": 257,
        "Gross Profit": 84,
        "Operating Income": 15,
        "EBIT": 24,
        "Net Income": 10
    },
    "2017-07-31": {
        "Diluted EPS": 0.3,
        "Total Revenue": 283,
        "Gross Profit": 99,
        "Operating Income": 26,
        "EBIT": 34,
        "Net Income": 17
    },
    "2017-04-30": {
        "Diluted EPS": 0.15,
        "Total Revenue": 233,
        "Gross Profit": 74,
        "Operating Income": 13,
        "EBIT": 20,
        "Net Income": 8
    },
    "2017-01-31": {
        "Diluted EPS": 0.9,
        "Total Revenue": 388,
        "Gross Profit": 159,
        "Operating Income": 79,
        "EBIT": 86,
        "Net Income": 50
    },
    "2016-10-31": {
        "Diluted EPS": 0.1,
        "Total Revenue": 199,
        "Gross Profit": 64,
        "Operating Income": 9,
        "EBIT": 15,
        "Net Income": 5
    },
    "2016-07-31": {
        "Diluted EPS": 0.18,
        "Total Revenue": 220,
        "Gross Profit": 73,
        "Operating Income": 16,
        "EBIT": 22,
        "Net Income": 10
    },
    "2016-04-30": {
        "Diluted EPS": 0.12,
        "Total Revenue": 193,
        "Gross Profit": 60,
        "Operating Income": 11,
        "EBIT": 17,
        "Net Income": 7
    },
    "2016-01-31": {
        "Diluted EPS": 0.76,
        "Total Revenue": 326,
        "Gross Profit": 132,
        "Operating Income": 67,
        "EBIT": 73,
        "Net Income": 42
    },
    "2015-10-31": {
        "Diluted EPS": 0.08,
        "Total Revenue": 170,
        "Gross Profit": 53,
        "Operating Income": 7,
        "EBIT": 13,
        "Net Income": 4
    },
    "2015-07-31": {
        "Diluted EPS": 0.13,
        "Total Revenue": 182,
        "Gross Profit": 60,
        "Operating Income": 12,
        "EBIT": 17,
        "Net Income": 7
    },
    "2015-04-30": {
        "Diluted EPS": 0.08,
        "Total Revenue": 154,
        "Gross Profit": 47,
        "Operating Income": 7,
        "EBIT": 12,
        "Net Income": 4
    },
    "2015-01-31": {
        "Diluted EPS": 0.61,
        "Total Revenue": 264,
        "Gross Profit": 106,
        "Operating Income": 53,
        "EBIT": 58,
        "Net Income": 33
    },
    "2014-10-31": {
        "Diluted EPS": 0.06,
        "Total Revenue": 138,
        "Gross Profit": 42,
        "Operating Income": 5,
        "EBIT": 10,
        "Net Income": 3
    },
    "2014-07-31": {
        "Diluted EPS": 0.15,
        "Total Revenue": 152,
        "Gross Profit": 51,
        "Operating Income": 13,
        "EBIT": 18,
        "Net Income": 8
    },
    "2014-04-30": {
        "Diluted EPS": 0.06,
        "Total Revenue": 126,
        "Gross Profit": 39,
        "Operating Income": 5,
        "EBIT": 9,
        "Net Income": 3
    },
    "2014-01-31": {
        "Diluted EPS": 0.46,
        "Total Revenue": 212,
        "Gross Profit": 84,
        "Operating Income": 40,
        "EBIT": 44,
        "Net Income": 24
    },
    "2013-10-31": {
        "Diluted EPS": 0.03,
        "Total Revenue": 111,
        "Gross Profit": 34,
        "Operating Income": 3,
        "EBIT": 7,
        "Net Income": 2
    },
    "2013-07-31": {
        "Diluted EPS": 0.07,
        "Total Revenue": 117,
        "Gross Profit": 39,
        "Operating Income": 7,
        "EBIT": 10,
        "Net Income": 4
    },
    "2013-04-30": {
        "Diluted EPS": 0.03,
        "Total Revenue": 96,
        "Gross Profit": 30,
        "Operating Income": 3,
        "EBIT": 6,
        "Net Income": 2
    },
    "2013-01-31": {
        "Diluted EPS": 2.44,
        "Total Revenue": 174,
        "Gross Profit": 71,
        "Operating Income": 33,
        "EBIT": 36,
        "Net Income": 23
    },
    "2012-10-31": {
        "Diluted EPS": 0.01,
        "Total Revenue": 87,
        "Gross Profit": 27,
        "Operating Income": 2,
        "EBIT": 4,
        "Net Income": 1
    },
    "2012-07-31": {
        "Diluted EPS": -3.41,
        "Total Revenue": 87,
        "Gross Profit": 29,
        "Operating Income": 5,
        "EBIT": 7,
        "Net Income": -64
    },
    "2012-04-30": {
        "Diluted EPS": -0.32,
        "Total Revenue": 72,
        "Gross Profit": 23,
        "Operating Income": -2,
        "EBIT": 0,
        "Net Income": -5
    },
    "2012-01-31": {
        "Diluted EPS": 0.5,
        "Total Revenue": 126,
        "Gross Profit": 52,
        "Operating Income": 20,
        "EBIT": 22,
        "Net Income": 12
    },
    "2011-10-31": {
        "Diluted EPS": -0.22,
        "Total Revenue": 62,
        "Gross Profit": 18,
        "Operating Income": 1,
        "EBIT": 3,
        "Net Income": -4
    },
    "2011-07-31": {
        "Diluted EPS": -0.1,
        "Total Revenue": 62,
        "Gross Profit": 20,
        "Operating Income": 4,
        "EBIT": 5,
        "Net Income": -2
    },
    "2011-04-30": {
        "Diluted EPS": -0.18,
        "Total Revenue": 47,
        "Gross Profit": 15,
        "Operating Income": 2,
        "EBIT": 3,
        "Net Income": -3
    },
    "2011-01-31": {
        "Diluted EPS": 0.0,
        "Total Revenue": 82,
        "Gross Profit": 82,
        "Operating Income": 82,
        "EBIT": 82,
        "Net Income": 10
    },
    "2010-10-31": {
        "Diluted EPS": 0.0,
        "Total Revenue": 41,
        "Gross Profit": 41,
        "Operating Income": 41,
        "EBIT": 41,
        "Net Income": -4
    },
    "2010-07-31": {
        "Diluted EPS": 0.0,
        "Total Revenue": 42,
        "Gross Profit": 42,
        "Operating Income": 42,
        "EBIT": 42,
        "Net Income": 1
    },
    "2010-04-30": {
        "Diluted EPS": 0.0,
        "Total Revenue": 32,
        "Gross Profit": 32,
        "Operating Income": 32,
        "EBIT": 32,
        "Net Income": 0
    },
    "2010-01-31": {
        "Diluted EPS": 0.0,
        "Total Revenue": NaN,
        "Gross Profit": NaN,
        "Operating Income": NaN,
        "EBIT": NaN,
        "Net Income": NaN
    },
    "2023-07-31": {
        "Tax Effect Of Unusual Items": NaN,
        "Tax Rate For Calcs": NaN,
        "Normalized EBITDA": NaN,
        "Net Income From Continuing Operation Net Minority Interest": NaN,
        "Reconciled Depreciation": NaN,
        "Reconciled Cost Of Revenue": NaN,
        "EBITDA": NaN,
        "EBIT": NaN,
        "Net Interest Income": NaN,
        "Interest Income": 4342000.0,
        "Normalized Income": NaN,
        "Net Income From Continuing And Discontinued Operation": NaN,
        "Total Expenses": NaN,
        "Total Operating Income As Reported": NaN,
        "Diluted Average Shares": NaN,
        "Basic Average Shares": NaN,
        "Diluted EPS": NaN,
        "Basic EPS": NaN,
        "Diluted NI Availto Com Stockholders": NaN,
        "Net Income Common Stockholders": NaN,
        "Net Income": NaN,
        "Net Income Including Noncontrolling Interests": NaN,
        "Net Income Continuous Operations": NaN,
        "Tax Provision": NaN,
        "Pretax Income": NaN,
        "Net Non Operating Interest Income Expense": NaN,
        "Total Other Finance Cost": -4342000.0,
        "Interest Income Non Operating": 4342000.0,
        "Operating Income": NaN,
        "Operating Expense": NaN,
        "Depreciation Amortization Depletion Income Statement": 30882000.0,
        "Depreciation And Amortization In Income Statement": 30882000.0,
        "Selling General And Administration": NaN,
        "Gross Profit": NaN,
        "Cost Of Revenue": NaN,
        "Total Revenue": NaN,
        "Operating Revenue": NaN
    },
    "2023-10-31": {
        "Tax Effect Of Unusual Items": 0.0,
        "Tax Rate For Calcs": 0.254,
        "Normalized EBITDA": 49707000.0,
        "Net Income From Continuing Operation Net Minority Interest": 14594000.0,
        "Reconciled Depreciation": 33584000.0,
        "Reconciled Cost Of Revenue": 513577000.0,
        "EBITDA": 49707000.0,
        "EBIT": 16123000.0,
        "Net Interest Income": 3434000.0,
        "Interest Income": 3434000.0,
        "Normalized Income": 14594000.0,
        "Net Income From Continuing And Discontinued Operation": 14594000.0,
        "Total Expenses": 720282000.0,
        "Total Operating Income As Reported": 16123000.0,
        "Diluted Average Shares": 55576140.0,
        "Basic Average Shares": 55452533.0,
        "Diluted EPS": 0.26,
        "Basic EPS": 0.26,
        "Diluted NI Availto Com Stockholders": 14594000.0,
        "Net Income Common Stockholders": 14594000.0,
        "Net Income": 14594000.0,
        "Net Income Including Noncontrolling Interests": 14594000.0,
        "Net Income Continuous Operations": 14594000.0,
        "Tax Provision": 4963000.0,
        "Pretax Income": 19557000.0,
        "Net Non Operating Interest Income Expense": 3434000.0,
        "Total Other Finance Cost": NaN,
        "Interest Income Non Operating": 3434000.0,
        "Operating Income": 16123000.0,
        "Operating Expense": 206705000.0,
        "Depreciation Amortization Depletion Income Statement": 33584000.0,
        "Depreciation And Amortization In Income Statement": 33584000.0,
        "Selling General And Administration": 173121000.0,
        "Gross Profit": 222828000.0,
        "Cost Of Revenue": 513577000.0,
        "Total Revenue": 736405000.0,
        "Operating Revenue": 736405000.0
    },
    "2024-01-31": {
        "Tax Effect Of Unusual Items": 0.0,
        "Tax Rate For Calcs": 0.258119,
        "Normalized EBITDA": 305537000.0,
        "Net Income From Continuing Operation Net Minority Interest": 202199000.0,
        "Reconciled Depreciation": 37095000.0,
        "Reconciled Cost Of Revenue": 786122000.0,
        "EBITDA": 305537000.0,
        "EBIT": 268442000.0,
        "Net Interest Income": 4107000.0,
        "Interest Income": NaN,
        "Normalized Income": 202199000.0,
        "Net Income From Continuing And Discontinued Operation": 202199000.0,
        "Total Expenses": 1069294000.0,
        "Total Operating Income As Reported": 268442000.0,
        "Diluted Average Shares": 55356074.0,
        "Basic Average Shares": 55194999.0,
        "Diluted EPS": 3.65,
        "Basic EPS": 3.66,
        "Diluted NI Availto Com Stockholders": 202199000.0,
        "Net Income Common Stockholders": 202199000.0,
        "Net Income": 202199000.0,
        "Net Income Including Noncontrolling Interests": 202199000.0,
        "Net Income Continuous Operations": 202199000.0,
        "Tax Provision": 70350000.0,
        "Pretax Income": 272549000.0,
        "Net Non Operating Interest Income Expense": 4107000.0,
        "Total Other Finance Cost": NaN,
        "Interest Income Non Operating": NaN,
        "Operating Income": 268442000.0,
        "Operating Expense": 283172000.0,
        "Depreciation Amortization Depletion Income Statement": NaN,
        "Depreciation And Amortization In Income Statement": NaN,
        "Selling General And Administration": 152425000.0,
        "Gross Profit": 551614000.0,
        "Cost Of Revenue": 786122000.0,
        "Total Revenue": 1337736000.0,
        "Operating Revenue": 1337736000.0
    },
    "2024-04-30": {
        "Tax Effect Of Unusual Items": 0.0,
        "Tax Rate For Calcs": 0.235,
        "Normalized EBITDA": 73334000.0,
        "Net Income From Continuing Operation Net Minority Interest": 31467000.0,
        "Reconciled Depreciation": 37184000.0,
        "Reconciled Cost Of Revenue": 548343000.0,
        "EBITDA": 73334000.0,
        "EBIT": 36150000.0,
        "Net Interest Income": 4990000.0,
        "Interest Income": 4990000.0,
        "Normalized Income": 31467000.0,
        "Net Income From Continuing And Discontinued Operation": 31467000.0,
        "Total Expenses": 775713000.0,
        "Total Operating Income As Reported": 36150000.0,
        "Diluted Average Shares": 55255838.0,
        "Basic Average Shares": 55168657.0,
        "Diluted EPS": 0.57,
        "Basic EPS": 0.57,
        "Diluted NI Availto Com Stockholders": 31467000.0,
        "Net Income Common Stockholders": 31467000.0,
        "Net Income": 31467000.0,
        "Net Income Including Noncontrolling Interests": 31467000.0,
        "Net Income Continuous Operations": 31467000.0,
        "Tax Provision": 9673000.0,
        "Pretax Income": 41140000.0,
        "Net Non Operating Interest Income Expense": 4990000.0,
        "Total Other Finance Cost": NaN,
        "Interest Income Non Operating": 4990000.0,
        "Operating Income": 36150000.0,
        "Operating Expense": 227370000.0,
        "Depreciation Amortization Depletion Income Statement": 37184000.0,
        "Depreciation And Amortization In Income Statement": 37184000.0,
        "Selling General And Administration": 190186000.0,
        "Gross Profit": 263520000.0,
        "Cost Of Revenue": 548343000.0,
        "Total Revenue": 811863000.0,
        "Operating Revenue": 811863000.0
    },
    "2024-07-31": {
        "Tax Effect Of Unusual Items": 0.0,
        "Tax Rate For Calcs": 0.259,
        "Normalized EBITDA": 82977000.0,
        "Net Income From Continuing Operation Net Minority Interest": 33000000.0,
        "Reconciled Depreciation": 41468000.0,
        "Reconciled Cost Of Revenue": 558283000.0,
        "EBITDA": 82977000.0,
        "EBIT": 41509000.0,
        "Net Interest Income": 3054000.0,
        "Interest Income": 3054000.0,
        "Normalized Income": 33000000.0,
        "Net Income From Continuing And Discontinued Operation": 33000000.0,
        "Total Expenses": 788560000.0,
        "Total Operating Income As Reported": 41509000.0,
        "Diluted Average Shares": 55042588.0,
        "Basic Average Shares": 55027663.0,
        "Diluted EPS": 0.6,
        "Basic EPS": 0.6,
        "Diluted NI Availto Com Stockholders": 33000000.0,
        "Net Income Common Stockholders": 33000000.0,
        "Net Income": 33000000.0,
        "Net Income Including Noncontrolling Interests": 33000000.0,
        "Net Income Continuous Operations": 33000000.0,
        "Tax Provision": 11563000.0,
        "Pretax Income": 44563000.0,
        "Net Non Operating Interest Income Expense": 3054000.0,
        "Total Other Finance Cost": NaN,
        "Interest Income Non Operating": 3054000.0,
        "Operating Income": 41509000.0,
        "Operating Expense": 230277000.0,
        "Depreciation Amortization Depletion Income Statement": 41468000.0,
        "Depreciation And Amortization In Income Statement": 41468000.0,
        "Selling General And Administration": 188809000.0,
        "Gross Profit": 271786000.0,
        "Cost Of Revenue": 558283000.0,
        "Total Revenue": 830069000.0,
        "Operating Revenue": 830069000.0
    },
    "2024-10-31": {
        "Tax Effect Of Unusual Items": 0.0,
        "Tax Rate For Calcs": 0.234,
        "Normalized EBITDA": 42675000.0,
        "Net Income From Continuing Operation Net Minority Interest": 1687000.0,
        "Reconciled Depreciation": 43281000.0,
        "Reconciled Cost Of Revenue": 585668000.0,
        "EBITDA": 42675000.0,
        "EBIT": -606000.0,
        "Net Interest Income": 2808000.0,
        "Interest Income": 2808000.0,
        "Normalized Income": 1687000.0,
        "Net Income From Continuing And Discontinued Operation": 1687000.0,
        "Total Expenses": 844316000.0,
        "Total Operating Income As Reported": -606000.0,
        "Diluted Average Shares": 55110433.0,
        "Basic Average Shares": 55007054.0,
        "Diluted EPS": 0.03,
        "Basic EPS": 0.03,
        "Diluted NI Availto Com Stockholders": 1687000.0,
        "Net Income Common Stockholders": 1687000.0,
        "Net Income": 1687000.0,
        "Net Income Including Noncontrolling Interests": 1687000.0,
        "Net Income Continuous Operations": 1687000.0,
        "Tax Provision": 515000.0,
        "Pretax Income": 2202000.0,
        "Net Non Operating Interest Income Expense": 2808000.0,
        "Total Other Finance Cost": NaN,
        "Interest Income Non Operating": 2808000.0,
        "Operating Income": -606000.0,
        "Operating Expense": 258648000.0,
        "Depreciation Amortization Depletion Income Statement": 43281000.0,
        "Depreciation And Amortization In Income Statement": 43281000.0,
        "Selling General And Administration": 215367000.0,
        "Gross Profit": 258042000.0,
        "Cost Of Revenue": 585668000.0,
        "Total Revenue": 843710000.0,
        "Operating Revenue": 843710000.0
    }
}