{
    "2023-03-31": {
        "Tax Effect Of Unusual Items": NaN,
        "Tax Rate For Calcs": NaN,
        "Normalized EBITDA": NaN,
        "Total Unusual Items": 0.0,
        "Total Unusual Items Excluding Goodwill": 0.0,
        "Net Income From Continuing Operation Net Minority Interest": NaN,
        "Reconciled Depreciation": NaN,
        "Reconciled Cost Of Revenue": NaN,
        "EBITDA": NaN,
        "EBIT": NaN,
        "Net Interest Income": NaN,
        "Interest Expense": NaN,
        "Interest Income": NaN,
        "Normalized Income": NaN,
        "Net Income From Continuing And Discontinued Operation": NaN,
        "Total Expenses": NaN,
        "Total Operating Income As Reported": NaN,
        "Diluted Average Shares": NaN,
        "Basic Average Shares": NaN,
        "Diluted EPS": NaN,
        "Basic EPS": NaN,
        "Diluted NI Availto Com Stockholders": NaN,
        "Net Income Common Stockholders": NaN,
        "Net Income": NaN,
        "Net Income Including Noncontrolling Interests": NaN,
        "Net Income Continuous Operations": NaN,
        "Tax Provision": NaN,
        "Pretax Income": NaN,
        "Other Income Expense": NaN,
        "Special Income Charges": 0.0,
        "Other Special Charges": NaN,
        "Net Non Operating Interest Income Expense": NaN,
        "Interest Expense Non Operating": NaN,
        "Interest Income Non Operating": NaN,
        "Operating Income": NaN,
        "Operating Expense": NaN,
        "Research And Development": NaN,
        "Selling General And Administration": NaN,
        "Selling And Marketing Expense": NaN,
        "General And Administrative Expense": NaN,
        "Other Gand A": NaN,
        "Gross Profit": NaN,
        "Cost Of Revenue": NaN,
        "Total Revenue": NaN,
        "Operating Revenue": NaN
    },
    "2022-12-31": {
        "Tax Effect Of Unusual Items": 0.0,
        "Tax Rate For Calcs": 0.21,
        "Normalized EBITDA": 3362000.0,
        "Net Income From Continuing Operation Net Minority Interest": -13653000.0,
        "Reconciled Depreciation": 13907000.0,
        "Reconciled Cost Of Revenue": 96294000.0,
        "EBITDA": 3362000.0,
        "EBIT": -10545000.0,
        "Net Interest Income": -3994000.0,
        "Interest Expense": 1887000.0,
        "Interest Income": NaN,
        "Normalized Income": -13653000.0,
        "Net Income From Continuing And Discontinued Operation": -13653000.0,
        "Total Expenses": 221596000.0,
        "Total Operating Income As Reported": -13251000.0,
        "Diluted Average Shares": 70704000.0,
        "Basic Average Shares": 70704000.0,
        "Diluted EPS": -0.19,
        "Basic EPS": -0.19,
        "Diluted NI Availto Com Stockholders": -13653000.0,
        "Net Income Common Stockholders": -13653000.0,
        "Net Income": -13653000.0,
        "Net Income Including Noncontrolling Interests": -13653000.0,
        "Net Income Continuous Operations": -13653000.0,
        "Tax Provision": 1221000.0,
        "Pretax Income": -12432000.0,
        "Net Non Operating Interest Income Expense": -3994000.0,
        "Interest Expense Non Operating": 1887000.0,
        "Interest Income Non Operating": NaN,
        "Operating Income": -13251000.0,
        "Operating Expense": 125302000.0,
        "Research And Development": 36865000.0,
        "Selling General And Administration": 88437000.0,
        "Selling And Marketing Expense": 65928000.0,
        "General And Administrative Expense": 22509000.0,
        "Other Gand A": 22509000.0,
        "Gross Profit": 112051000.0,
        "Cost Of Revenue": 96294000.0,
        "Total Revenue": 208345000.0,
        "Operating Revenue": 208345000.0
    },
    "2022-09-30": {
        "Tax Effect Of Unusual Items": 0.0,
        "Tax Rate For Calcs": 0.21,
        "Normalized EBITDA": -20749000.0,
        "Net Income From Continuing Operation Net Minority Interest": -23207000.0,
        "Reconciled Depreciation": 13764000.0,
        "Reconciled Cost Of Revenue": 94111000.0,
        "EBITDA": -20749000.0,
        "EBIT": -20749000.0,
        "Net Interest Income": -897000.0,
        "Interest Expense": 1879000.0,
        "Interest Income": 982000.0,
        "Normalized Income": -23207000.0,
        "Net Income From Continuing And Discontinued Operation": -23207000.0,
        "Total Expenses": 220073000.0,
        "Total Operating Income As Reported": -21731000.0,
        "Diluted Average Shares": 70232000.0,
        "Basic Average Shares": 70232000.0,
        "Diluted EPS": -0.330433,
        "Basic EPS": -0.33,
        "Diluted NI Availto Com Stockholders": -23207000.0,
        "Net Income Common Stockholders": -23207000.0,
        "Net Income": -23207000.0,
        "Net Income Including Noncontrolling Interests": -23207000.0,
        "Net Income Continuous Operations": -23207000.0,
        "Tax Provision": 579000.0,
        "Pretax Income": -22628000.0,
        "Net Non Operating Interest Income Expense": -897000.0,
        "Interest Expense Non Operating": 1879000.0,
        "Interest Income Non Operating": 982000.0,
        "Operating Income": -21731000.0,
        "Operating Expense": 125962000.0,
        "Research And Development": 34113000.0,
        "Selling General And Administration": 91849000.0,
        "Selling And Marketing Expense": 67353000.0,
        "General And Administrative Expense": 24496000.0,
        "Other Gand A": 24496000.0,
        "Gross Profit": 104231000.0,
        "Cost Of Revenue": 94111000.0,
        "Total Revenue": 198342000.0,
        "Operating Revenue": 198342000.0
    },
    "2022-06-30": {
        "Tax Effect Of Unusual Items": 0.0,
        "Tax Rate For Calcs": 0.4,
        "Normalized EBITDA": -7302000.0,
        "Net Income From Continuing Operation Net Minority Interest": -23670000.0,
        "Reconciled Depreciation": 14179000.0,
        "Reconciled Cost Of Revenue": 88229000.0,
        "EBITDA": -7302000.0,
        "EBIT": -21481000.0,
        "Net Interest Income": -1577000.0,
        "Interest Expense": 1857000.0,
        "Interest Income": 280000.0,
        "Normalized Income": -23670000.0,
        "Net Income From Continuing And Discontinued Operation": -23670000.0,
        "Total Expenses": 211143000.0,
        "Total Operating Income As Reported": -21761000.0,
        "Diluted Average Shares": 69748000.0,
        "Basic Average Shares": 69748000.0,
        "Diluted EPS": -0.34,
        "Basic EPS": -0.34,
        "Diluted NI Availto Com Stockholders": -23670000.0,
        "Net Income Common Stockholders": -23670000.0,
        "Net Income": -23670000.0,
        "Net Income Including Noncontrolling Interests": -23670000.0,
        "Net Income Continuous Operations": -23670000.0,
        "Tax Provision": 332000.0,
        "Pretax Income": -23338000.0,
        "Net Non Operating Interest Income Expense": -1577000.0,
        "Interest Expense Non Operating": 1857000.0,
        "Interest Income Non Operating": 280000.0,
        "Operating Income": -21761000.0,
        "Operating Expense": 122914000.0,
        "Research And Development": 34992000.0,
        "Selling General And Administration": 87922000.0,
        "Selling And Marketing Expense": 64098000.0,
        "General And Administrative Expense": 23824000.0,
        "Other Gand A": 23824000.0,
        "Gross Profit": 101153000.0,
        "Cost Of Revenue": 88229000.0,
        "Total Revenue": 189382000.0,
        "Operating Revenue": 189382000.0
    },
    "2022-03-31": {
        "Diluted EPS": -0.49,
        "Total Revenue": 183,
        "Gross Profit": 94,
        "Operating Income": -31,
        "EBIT": -7,
        "Net Income": -34
    },
    "2021-12-31": {
        "Diluted EPS": -0.06,
        "Total Revenue": 174,
        "Gross Profit": 94,
        "Operating Income": -12,
        "EBIT": 11,
        "Net Income": -4
    },
    "2021-09-30": {
        "Diluted EPS": -0.3,
        "Total Revenue": 154,
        "Gross Profit": 87,
        "Operating Income": -19,
        "EBIT": 2,
        "Net Income": -21
    },
    "2021-06-30": {
        "Diluted EPS": -0.25,
        "Total Revenue": 144,
        "Gross Profit": 79,
        "Operating Income": -14,
        "EBIT": 6,
        "Net Income": -17
    },
    "2021-03-31": {
        "Diluted EPS": -0.18,
        "Total Revenue": 138,
        "Gross Profit": 78,
        "Operating Income": -11,
        "EBIT": 8,
        "Net Income": -12
    },
    "2020-12-31": {
        "Diluted EPS": -0.12,
        "Total Revenue": 128,
        "Gross Profit": 77,
        "Operating Income": 3,
        "EBIT": 26,
        "Net Income": -7
    },
    "2020-09-30": {
        "Diluted EPS": -0.17,
        "Total Revenue": 112,
        "Gross Profit": 66,
        "Operating Income": -2,
        "EBIT": 20,
        "Net Income": -11
    },
    "2020-06-30": {
        "Diluted EPS": -0.25,
        "Total Revenue": 100,
        "Gross Profit": 57,
        "Operating Income": -8,
        "EBIT": 9,
        "Net Income": -16
    },
    "2020-03-31": {
        "Diluted EPS": -0.12,
        "Total Revenue": 95,
        "Gross Profit": 55,
        "Operating Income": -5,
        "EBIT": 8,
        "Net Income": -7
    },
    "2019-12-31": {
        "Diluted EPS": 0.01,
        "Total Revenue": 92,
        "Gross Profit": 54,
        "Operating Income": 3,
        "EBIT": 23,
        "Net Income": 1
    },
    "2019-09-30": {
        "Diluted EPS": -0.03,
        "Total Revenue": 84,
        "Gross Profit": 49,
        "Operating Income": 0,
        "EBIT": 8,
        "Net Income": -2
    },
    "2019-06-30": {
        "Diluted EPS": -0.03,
        "Total Revenue": 77,
        "Gross Profit": 46,
        "Operating Income": 0,
        "EBIT": 7,
        "Net Income": -2
    },
    "2019-03-31": {
        "Diluted EPS": -0.03,
        "Total Revenue": 75,
        "Gross Profit": 44,
        "Operating Income": 0,
        "EBIT": 7,
        "Net Income": -2
    },
    "2018-12-31": {
        "Diluted EPS": 0.07,
        "Total Revenue": 72,
        "Gross Profit": 44,
        "Operating Income": 6,
        "EBIT": 12,
        "Net Income": 4
    },
    "2018-09-30": {
        "Diluted EPS": -0.02,
        "Total Revenue": 65,
        "Gross Profit": 39,
        "Operating Income": 1,
        "EBIT": 6,
        "Net Income": -1
    },
    "2018-06-30": {
        "Diluted EPS": -0.04,
        "Total Revenue": 61,
        "Gross Profit": 36,
        "Operating Income": 0,
        "EBIT": 4,
        "Net Income": -2
    },
    "2018-03-31": {
        "Diluted EPS": -0.01,
        "Total Revenue": 59,
        "Gross Profit": 34,
        "Operating Income": 0,
        "EBIT": 2,
        "Net Income": -1
    },
    "2017-12-31": {
        "Diluted EPS": -0.01,
        "Total Revenue": 55,
        "Gross Profit": 33,
        "Operating Income": 0,
        "EBIT": 2,
        "Net Income": -1
    },
    "2017-09-30": {
        "Diluted EPS": 0.02,
        "Total Revenue": 50,
        "Gross Profit": 30,
        "Operating Income": 2,
        "EBIT": 4,
        "Net Income": 1
    },
    "2017-06-30": {
        "Diluted EPS": -0.07,
        "Total Revenue": 48,
        "Gross Profit": 27,
        "Operating Income": -3,
        "EBIT": -1,
        "Net Income": -4
    },
    "2017-03-31": {
        "Diluted EPS": -0.1,
        "Total Revenue": 47,
        "Gross Profit": 27,
        "Operating Income": -4,
        "EBIT": -2,
        "Net Income": -5
    },
    "2016-12-31": {
        "Diluted EPS": 0.01,
        "Total Revenue": 44,
        "Gross Profit": 28,
        "Operating Income": 1,
        "EBIT": 3,
        "Net Income": 0
    },
    "2016-09-30": {
        "Diluted EPS": -0.07,
        "Total Revenue": 41,
        "Gross Profit": 23,
        "Operating Income": -2,
        "EBIT": 0,
        "Net Income": -4
    },
    "2016-06-30": {
        "Diluted EPS": -0.07,
        "Total Revenue": 39,
        "Gross Profit": 22,
        "Operating Income": -2,
        "EBIT": 0,
        "Net Income": -3
    },
    "2016-03-31": {
        "Diluted EPS": -0.1,
        "Total Revenue": 38,
        "Gross Profit": 21,
        "Operating Income": -4,
        "EBIT": -1,
        "Net Income": -5
    },
    "2015-12-31": {
        "Diluted EPS": -0.07,
        "Total Revenue": 36,
        "Gross Profit": 20,
        "Operating Income": -2,
        "EBIT": 0,
        "Net Income": -4
    },
    "2015-09-30": {
        "Diluted EPS": -0.12,
        "Total Revenue": 32,
        "Gross Profit": 17,
        "Operating Income": -5,
        "EBIT": -3,
        "Net Income": -6
    },
    "2015-06-30": {
        "Diluted EPS": -0.15,
        "Total Revenue": 30,
        "Gross Profit": 16,
        "Operating Income": -6,
        "EBIT": -4,
        "Net Income": -7
    },
    "2015-03-31": {
        "Diluted EPS": -0.18,
        "Total Revenue": 30,
        "Gross Profit": 15,
        "Operating Income": -8,
        "EBIT": -6,
        "Net Income": -9
    },
    "2014-12-31": {
        "Diluted EPS": 0.9,
        "Total Revenue": 28,
        "Gross Profit": 14,
        "Operating Income": -8,
        "EBIT": -6,
        "Net Income": -9
    },
    "2014-09-30": {
        "Diluted EPS": -0.24,
        "Total Revenue": 26,
        "Gross Profit": 12,
        "Operating Income": -10,
        "EBIT": -9,
        "Net Income": -11
    },
    "2014-06-30": {
        "Diluted EPS": -0.18,
        "Total Revenue": 25,
        "Gross Profit": 11,
        "Operating Income": -8,
        "EBIT": -6,
        "Net Income": -9
    },
    "2014-03-31": {
        "Diluted EPS": -1.48,
        "Total Revenue": 24,
        "Gross Profit": 11,
        "Operating Income": -9,
        "EBIT": -8,
        "Net Income": -8
    },
    "2013-12-31": {
        "Diluted EPS": -1.72,
        "Total Revenue": 24,
        "Gross Profit": 11,
        "Operating Income": -8,
        "EBIT": -6,
        "Net Income": -9
    },
    "2013-09-30": {
        "Diluted EPS": -2.05,
        "Total Revenue": 21,
        "Gross Profit": 9,
        "Operating Income": -7,
        "EBIT": -6,
        "Net Income": -8
    },
    "2013-06-30": {
        "Diluted EPS": -2.25,
        "Total Revenue": 20,
        "Gross Profit": 8,
        "Operating Income": -7,
        "EBIT": -6,
        "Net Income": -8
    },
    "2013-03-31": {
        "Diluted EPS": -1.88,
        "Total Revenue": 19,
        "Gross Profit": 7,
        "Operating Income": -7,
        "EBIT": -6,
        "Net Income": -7
    },
    "2012-12-31": {
        "Diluted EPS": 0.0,
        "Total Revenue": NaN,
        "Gross Profit": NaN,
        "Operating Income": NaN,
        "EBIT": NaN,
        "Net Income": NaN
    },
    "2011-12-31": {
        "Diluted EPS": 0.0,
        "Total Revenue": NaN,
        "Gross Profit": NaN,
        "Operating Income": NaN,
        "EBIT": NaN,
        "Net Income": NaN
    },
    "2023-06-30": {
        "Tax Effect Of Unusual Items": 0.0,
        "Tax Rate For Calcs": 0.21,
        "Normalized EBITDA": -4492000.0,
        "Total Unusual Items": 0.0,
        "Total Unusual Items Excluding Goodwill": 0.0,
        "Net Income From Continuing Operation Net Minority Interest": -21739000.0,
        "Reconciled Depreciation": 14628000.0,
        "Reconciled Cost Of Revenue": 104361000.0,
        "EBITDA": -4492000.0,
        "EBIT": -19120000.0,
        "Net Interest Income": 4257000.0,
        "Interest Expense": 1866000.0,
        "Interest Income": 6123000.0,
        "Normalized Income": -21739000.0,
        "Net Income From Continuing And Discontinued Operation": -21739000.0,
        "Total Expenses": 248125000.0,
        "Total Operating Income As Reported": -25243000.0,
        "Diluted Average Shares": 71627000.0,
        "Basic Average Shares": 71627000.0,
        "Diluted EPS": -0.3,
        "Basic EPS": -0.3,
        "Diluted NI Availto Com Stockholders": -21739000.0,
        "Net Income Common Stockholders": -21739000.0,
        "Net Income": -21739000.0,
        "Net Income Including Noncontrolling Interests": -21739000.0,
        "Net Income Continuous Operations": -21739000.0,
        "Tax Provision": 753000.0,
        "Pretax Income": -20986000.0,
        "Other Income Expense": NaN,
        "Special Income Charges": 0.0,
        "Other Special Charges": NaN,
        "Net Non Operating Interest Income Expense": 4257000.0,
        "Interest Expense Non Operating": 1866000.0,
        "Interest Income Non Operating": 6123000.0,
        "Operating Income": -25243000.0,
        "Operating Expense": 143764000.0,
        "Research And Development": 39210000.0,
        "Selling General And Administration": 104554000.0,
        "Selling And Marketing Expense": 74077000.0,
        "General And Administrative Expense": 30477000.0,
        "Other Gand A": 30477000.0,
        "Gross Profit": 118521000.0,
        "Cost Of Revenue": 104361000.0,
        "Total Revenue": 222882000.0,
        "Operating Revenue": 222882000.0
    },
    "2023-09-30": {
        "Tax Effect Of Unusual Items": 0.0,
        "Tax Rate For Calcs": 0.21,
        "Normalized EBITDA": -1627000.0,
        "Total Unusual Items": NaN,
        "Total Unusual Items Excluding Goodwill": NaN,
        "Net Income From Continuing Operation Net Minority Interest": -20419000.0,
        "Reconciled Depreciation": 15878000.0,
        "Reconciled Cost Of Revenue": 111080000.0,
        "EBITDA": -1627000.0,
        "EBIT": -17505000.0,
        "Net Interest Income": 6261000.0,
        "Interest Expense": 1972000.0,
        "Interest Income": 8233000.0,
        "Normalized Income": -20419000.0,
        "Net Income From Continuing And Discontinued Operation": -20419000.0,
        "Total Expenses": 255843000.0,
        "Total Operating Income As Reported": -25738000.0,
        "Diluted Average Shares": 72356000.0,
        "Basic Average Shares": 72356000.0,
        "Diluted EPS": -0.28,
        "Basic EPS": -0.28,
        "Diluted NI Availto Com Stockholders": -20419000.0,
        "Net Income Common Stockholders": -20419000.0,
        "Net Income": -20419000.0,
        "Net Income Including Noncontrolling Interests": -20419000.0,
        "Net Income Continuous Operations": -20419000.0,
        "Tax Provision": 942000.0,
        "Pretax Income": -19477000.0,
        "Other Income Expense": NaN,
        "Special Income Charges": NaN,
        "Other Special Charges": NaN,
        "Net Non Operating Interest Income Expense": 6261000.0,
        "Interest Expense Non Operating": 1972000.0,
        "Interest Income Non Operating": 8233000.0,
        "Operating Income": -25738000.0,
        "Operating Expense": 144763000.0,
        "Research And Development": 40391000.0,
        "Selling General And Administration": 104372000.0,
        "Selling And Marketing Expense": 73366000.0,
        "General And Administrative Expense": 31006000.0,
        "Other Gand A": 31006000.0,
        "Gross Profit": 119025000.0,
        "Cost Of Revenue": 111080000.0,
        "Total Revenue": 230105000.0,
        "Operating Revenue": 230105000.0
    },
    "2023-12-31": {
        "Tax Effect Of Unusual Items": 0.0,
        "Tax Rate For Calcs": 0.21,
        "Normalized EBITDA": 6094000.0,
        "Total Unusual Items": NaN,
        "Total Unusual Items Excluding Goodwill": NaN,
        "Net Income From Continuing Operation Net Minority Interest": -12358000.0,
        "Reconciled Depreciation": 16370000.0,
        "Reconciled Cost Of Revenue": 112493000.0,
        "EBITDA": 6094000.0,
        "EBIT": -10276000.0,
        "Net Interest Income": 6359000.0,
        "Interest Expense": 1963000.0,
        "Interest Income": 8322000.0,
        "Normalized Income": -12358000.0,
        "Net Income From Continuing And Discontinued Operation": -12358000.0,
        "Total Expenses": 257660000.0,
        "Total Operating Income As Reported": -18598000.0,
        "Diluted Average Shares": 72926000.0,
        "Basic Average Shares": 72926000.0,
        "Diluted EPS": -0.17,
        "Basic EPS": -0.17,
        "Diluted NI Availto Com Stockholders": -12358000.0,
        "Net Income Common Stockholders": -12358000.0,
        "Net Income": -12358000.0,
        "Net Income Including Noncontrolling Interests": -12358000.0,
        "Net Income Continuous Operations": -12358000.0,
        "Tax Provision": 119000.0,
        "Pretax Income": -12239000.0,
        "Other Income Expense": NaN,
        "Special Income Charges": NaN,
        "Other Special Charges": NaN,
        "Net Non Operating Interest Income Expense": 6359000.0,
        "Interest Expense Non Operating": 1963000.0,
        "Interest Income Non Operating": 8322000.0,
        "Operating Income": -18598000.0,
        "Operating Expense": 145167000.0,
        "Research And Development": 38873000.0,
        "Selling General And Administration": 106294000.0,
        "Selling And Marketing Expense": 72956000.0,
        "General And Administrative Expense": 33338000.0,
        "Other Gand A": 33338000.0,
        "Gross Profit": 126569000.0,
        "Cost Of Revenue": 112493000.0,
        "Total Revenue": 239062000.0,
        "Operating Revenue": 239062000.0
    },
    "2024-03-31": {
        "Tax Effect Of Unusual Items": 2646000.0,
        "Tax Rate For Calcs": 0.4,
        "Normalized EBITDA": 5370000.0,
        "Total Unusual Items": 6615000.0,
        "Total Unusual Items Excluding Goodwill": 6615000.0,
        "Net Income From Continuing Operation Net Minority Interest": -7077000.0,
        "Reconciled Depreciation": 15506000.0,
        "Reconciled Cost Of Revenue": 114530000.0,
        "EBITDA": 11985000.0,
        "EBIT": -3521000.0,
        "Net Interest Income": 7992000.0,
        "Interest Expense": 2567000.0,
        "Interest Income": 10559000.0,
        "Normalized Income": -11046000.0,
        "Net Income From Continuing And Discontinued Operation": -7077000.0,
        "Total Expenses": 267705000.0,
        "Total Operating Income As Reported": -20695000.0,
        "Diluted Average Shares": 73488000.0,
        "Basic Average Shares": 73488000.0,
        "Diluted EPS": -0.1,
        "Basic EPS": -0.1,
        "Diluted NI Availto Com Stockholders": -7077000.0,
        "Net Income Common Stockholders": -7077000.0,
        "Net Income": -7077000.0,
        "Net Income Including Noncontrolling Interests": -7077000.0,
        "Net Income Continuous Operations": -7077000.0,
        "Tax Provision": 989000.0,
        "Pretax Income": -6088000.0,
        "Other Income Expense": 6615000.0,
        "Special Income Charges": 6615000.0,
        "Other Special Charges": -6615000.0,
        "Net Non Operating Interest Income Expense": 7992000.0,
        "Interest Expense Non Operating": 2567000.0,
        "Interest Income Non Operating": 10559000.0,
        "Operating Income": -20695000.0,
        "Operating Expense": 153175000.0,
        "Research And Development": 41518000.0,
        "Selling General And Administration": 111657000.0,
        "Selling And Marketing Expense": 81109000.0,
        "General And Administrative Expense": 30548000.0,
        "Other Gand A": 30548000.0,
        "Gross Profit": 132480000.0,
        "Cost Of Revenue": 114530000.0,
        "Total Revenue": 247010000.0,
        "Operating Revenue": 247010000.0
    },
    "2024-06-30": {
        "Tax Effect Of Unusual Items": 0.0,
        "Tax Rate For Calcs": 0.21,
        "Normalized EBITDA": 10362000.0,
        "Total Unusual Items": 0.0,
        "Total Unusual Items Excluding Goodwill": 0.0,
        "Net Income From Continuing Operation Net Minority Interest": -12816000.0,
        "Reconciled Depreciation": 15927000.0,
        "Reconciled Cost Of Revenue": 118414000.0,
        "EBITDA": 10362000.0,
        "EBIT": -5565000.0,
        "Net Interest Income": 9894000.0,
        "Interest Expense": 3906000.0,
        "Interest Income": 13800000.0,
        "Normalized Income": -12816000.0,
        "Net Income From Continuing And Discontinued Operation": -12816000.0,
        "Total Expenses": 271451000.0,
        "Total Operating Income As Reported": -19365000.0,
        "Diluted Average Shares": 74203000.0,
        "Basic Average Shares": 74203000.0,
        "Diluted EPS": -0.17,
        "Basic EPS": -0.17,
        "Diluted NI Availto Com Stockholders": -12816000.0,
        "Net Income Common Stockholders": -12816000.0,
        "Net Income": -12816000.0,
        "Net Income Including Noncontrolling Interests": -12816000.0,
        "Net Income Continuous Operations": -12816000.0,
        "Tax Provision": 3345000.0,
        "Pretax Income": -9471000.0,
        "Other Income Expense": NaN,
        "Special Income Charges": 0.0,
        "Other Special Charges": NaN,
        "Net Non Operating Interest Income Expense": 9894000.0,
        "Interest Expense Non Operating": 3906000.0,
        "Interest Income Non Operating": 13800000.0,
        "Operating Income": -19365000.0,
        "Operating Expense": 153037000.0,
        "Research And Development": 40717000.0,
        "Selling General And Administration": 112320000.0,
        "Selling And Marketing Expense": 78332000.0,
        "General And Administrative Expense": 33988000.0,
        "Other Gand A": 33988000.0,
        "Gross Profit": 133672000.0,
        "Cost Of Revenue": 118414000.0,
        "Total Revenue": 252086000.0,
        "Operating Revenue": 252086000.0
    }
}