{
    "2023-03-31": {
        "Tax Effect Of Unusual Items": -36525.93,
        "Tax Rate For Calcs": 0.21,
        "Normalized EBITDA": 30547.0,
        "Total Unusual Items": -173933.0,
        "Total Unusual Items Excluding Goodwill": -173933.0,
        "Net Income From Continuing Operation Net Minority Interest": 247629.0,
        "Reconciled Depreciation": 320012.0,
        "Reconciled Cost Of Revenue": 9806461.0,
        "EBITDA": -143386.0,
        "EBIT": -463398.0,
        "Net Interest Income": 158418.0,
        "Interest Income": 158418.0,
        "Normalized Income": 385036.07,
        "Net Income From Continuing And Discontinued Operation": 247629.0,
        "Total Expenses": 12315369.0,
        "Total Operating Income As Reported": -470595.0,
        "Diluted Average Shares": 11784280.0,
        "Basic Average Shares": 11784280.0,
        "Diluted EPS": 0.02,
        "Basic EPS": 0.02,
        "Diluted NI Availto Com Stockholders": 247629.0,
        "Net Income Common Stockholders": 247629.0,
        "Net Income": 247629.0,
        "Minority Interests": 35990.0,
        "Net Income Including Noncontrolling Interests": 211639.0,
        "Net Income Continuous Operations": 211639.0,
        "Tax Provision": -578664.0,
        "Pretax Income": -367025.0,
        "Other Income Expense": -62045.0,
        "Other Non Operating Income Expenses": 111888.0,
        "Special Income Charges": 25293.0,
        "Other Special Charges": -25293.0,
        "Gain On Sale Of Security": -199226.0,
        "Net Non Operating Interest Income Expense": 158418.0,
        "Interest Income Non Operating": 158418.0,
        "Operating Income": -463398.0,
        "Operating Expense": 2508908.0,
        "Other Operating Expenses": -7197.0,
        "Research And Development": 1052672.0,
        "Selling General And Administration": 1463433.0,
        "Gross Profit": 2045510.0,
        "Cost Of Revenue": 9806461.0,
        "Total Revenue": 11851971.0,
        "Operating Revenue": 11851971.0
    },
    "2022-12-31": {
        "Tax Effect Of Unusual Items": NaN,
        "Tax Rate For Calcs": NaN,
        "Normalized EBITDA": NaN,
        "Total Unusual Items": NaN,
        "Total Unusual Items Excluding Goodwill": NaN,
        "Net Income From Continuing Operation Net Minority Interest": NaN,
        "Reconciled Depreciation": NaN,
        "Reconciled Cost Of Revenue": NaN,
        "EBITDA": NaN,
        "EBIT": NaN,
        "Net Interest Income": NaN,
        "Interest Income": NaN,
        "Normalized Income": NaN,
        "Net Income From Continuing And Discontinued Operation": NaN,
        "Total Expenses": NaN,
        "Total Operating Income As Reported": NaN,
        "Diluted Average Shares": 11695150.0,
        "Basic Average Shares": 11695150.0,
        "Diluted EPS": -0.03,
        "Basic EPS": -0.03,
        "Diluted NI Availto Com Stockholders": NaN,
        "Net Income Common Stockholders": NaN,
        "Net Income": NaN,
        "Minority Interests": NaN,
        "Net Income Including Noncontrolling Interests": NaN,
        "Net Income Continuous Operations": NaN,
        "Tax Provision": NaN,
        "Pretax Income": NaN,
        "Other Income Expense": NaN,
        "Other Non Operating Income Expenses": NaN,
        "Special Income Charges": 165000.0,
        "Other Special Charges": -165000.0,
        "Gain On Sale Of Security": 1073109.0,
        "Net Non Operating Interest Income Expense": NaN,
        "Interest Income Non Operating": NaN,
        "Operating Income": NaN,
        "Operating Expense": NaN,
        "Other Operating Expenses": NaN,
        "Research And Development": NaN,
        "Selling General And Administration": NaN,
        "Gross Profit": NaN,
        "Cost Of Revenue": NaN,
        "Total Revenue": NaN,
        "Operating Revenue": NaN
    },
    "2022-09-30": {
        "Tax Effect Of Unusual Items": -64118.822422,
        "Tax Rate For Calcs": 0.067573,
        "Normalized EBITDA": 618690.0,
        "Total Unusual Items": -948887.0,
        "Total Unusual Items Excluding Goodwill": -948887.0,
        "Net Income From Continuing Operation Net Minority Interest": -1126991.0,
        "Reconciled Depreciation": 268549.0,
        "Reconciled Cost Of Revenue": 6515078.0,
        "EBITDA": -330197.0,
        "EBIT": -598746.0,
        "Net Interest Income": 60062.0,
        "Interest Income": 60062.0,
        "Normalized Income": -242222.822422,
        "Net Income From Continuing And Discontinued Operation": -1126991.0,
        "Total Expenses": 8707686.0,
        "Total Operating Income As Reported": -615893.0,
        "Diluted Average Shares": 11684280.0,
        "Basic Average Shares": 11684280.0,
        "Diluted EPS": -0.1,
        "Basic EPS": -0.1,
        "Diluted NI Availto Com Stockholders": -1126991.0,
        "Net Income Common Stockholders": -1126991.0,
        "Net Income": -1126991.0,
        "Minority Interests": 299579.0,
        "Net Income Including Noncontrolling Interests": -1426570.0,
        "Net Income Continuous Operations": -1426570.0,
        "Tax Provision": -103383.0,
        "Pretax Income": -1529953.0,
        "Other Income Expense": -991269.0,
        "Other Non Operating Income Expenses": -42382.0,
        "Special Income Charges": NaN,
        "Other Special Charges": NaN,
        "Gain On Sale Of Security": -948887.0,
        "Net Non Operating Interest Income Expense": 60062.0,
        "Interest Income Non Operating": 60062.0,
        "Operating Income": -598746.0,
        "Operating Expense": 2192608.0,
        "Other Operating Expenses": -17147.0,
        "Research And Development": 970120.0,
        "Selling General And Administration": 1239635.0,
        "Gross Profit": 1593862.0,
        "Cost Of Revenue": 6515078.0,
        "Total Revenue": 8108940.0,
        "Operating Revenue": 8108940.0
    },
    "2022-06-30": {
        "Tax Effect Of Unusual Items": 15358.8,
        "Tax Rate For Calcs": 0.4,
        "Normalized EBITDA": -284359.0,
        "Total Unusual Items": 38397.0,
        "Total Unusual Items Excluding Goodwill": 38397.0,
        "Net Income From Continuing Operation Net Minority Interest": -702828.0,
        "Reconciled Depreciation": 274197.0,
        "Reconciled Cost Of Revenue": 10544517.0,
        "EBITDA": -245962.0,
        "EBIT": -520159.0,
        "Net Interest Income": 65820.0,
        "Interest Income": 65820.0,
        "Normalized Income": -725866.2,
        "Net Income From Continuing And Discontinued Operation": -702828.0,
        "Total Expenses": 12664985.0,
        "Total Operating Income As Reported": -518617.0,
        "Diluted Average Shares": 11673677.0,
        "Basic Average Shares": 11673677.0,
        "Diluted EPS": -0.06,
        "Basic EPS": -0.06,
        "Diluted NI Availto Com Stockholders": -702828.0,
        "Net Income Common Stockholders": -702828.0,
        "Net Income": -702828.0,
        "Minority Interests": -36360.0,
        "Net Income Including Noncontrolling Interests": -666468.0,
        "Net Income Continuous Operations": -666468.0,
        "Tax Provision": 89792.0,
        "Pretax Income": -576676.0,
        "Other Income Expense": -122337.0,
        "Other Non Operating Income Expenses": -160734.0,
        "Special Income Charges": 38397.0,
        "Other Special Charges": NaN,
        "Gain On Sale Of Security": NaN,
        "Net Non Operating Interest Income Expense": 65820.0,
        "Interest Income Non Operating": 65820.0,
        "Operating Income": -520159.0,
        "Operating Expense": 2120468.0,
        "Other Operating Expenses": 1542.0,
        "Research And Development": 1102910.0,
        "Selling General And Administration": 1016016.0,
        "Gross Profit": 1600309.0,
        "Cost Of Revenue": 10544517.0,
        "Total Revenue": 12144826.0,
        "Operating Revenue": 12144826.0
    },
    "2022-03-31": {
        "Diluted EPS": -0.07,
        "Total Revenue": 7,
        "Gross Profit": 1,
        "Operating Income": -1,
        "EBIT": -1,
        "Net Income": -1
    },
    "2021-12-31": {
        "Diluted EPS": -0.1,
        "Total Revenue": 2,
        "Gross Profit": 0,
        "Operating Income": -2,
        "EBIT": -2,
        "Net Income": -1
    },
    "2021-09-30": {
        "Diluted EPS": -0.1,
        "Total Revenue": 3,
        "Gross Profit": 0,
        "Operating Income": -2,
        "EBIT": -1,
        "Net Income": -1
    },
    "2021-06-30": {
        "Diluted EPS": -0.02,
        "Total Revenue": 11,
        "Gross Profit": 2,
        "Operating Income": 0,
        "EBIT": 0,
        "Net Income": 0
    },
    "2021-03-31": {
        "Diluted EPS": 0.33,
        "Total Revenue": 44,
        "Gross Profit": 8,
        "Operating Income": 5,
        "EBIT": 5,
        "Net Income": 4
    },
    "2020-12-31": {
        "Diluted EPS": 0.58,
        "Total Revenue": 66,
        "Gross Profit": 11,
        "Operating Income": 9,
        "EBIT": 9,
        "Net Income": 7
    },
    "2020-09-30": {
        "Diluted EPS": 0.64,
        "Total Revenue": 63,
        "Gross Profit": 12,
        "Operating Income": 9,
        "EBIT": 9,
        "Net Income": 7
    },
    "2020-06-30": {
        "Diluted EPS": 0.36,
        "Total Revenue": 37,
        "Gross Profit": 7,
        "Operating Income": 5,
        "EBIT": 5,
        "Net Income": 4
    },
    "2020-03-31": {
        "Diluted EPS": 0.09,
        "Total Revenue": 16,
        "Gross Profit": 3,
        "Operating Income": 1,
        "EBIT": 1,
        "Net Income": 1
    },
    "2019-12-31": {
        "Diluted EPS": 0.05,
        "Total Revenue": 13,
        "Gross Profit": 3,
        "Operating Income": 1,
        "EBIT": 1,
        "Net Income": 1
    },
    "2019-09-30": {
        "Diluted EPS": 0.02,
        "Total Revenue": 9,
        "Gross Profit": 2,
        "Operating Income": 0,
        "EBIT": 0,
        "Net Income": 0
    },
    "2019-06-30": {
        "Diluted EPS": -0.08,
        "Total Revenue": 5,
        "Gross Profit": 1,
        "Operating Income": -1,
        "EBIT": -1,
        "Net Income": -1
    },
    "2019-03-31": {
        "Diluted EPS": -0.01,
        "Total Revenue": 9,
        "Gross Profit": 2,
        "Operating Income": 0,
        "EBIT": 0,
        "Net Income": 0
    },
    "2018-12-31": {
        "Diluted EPS": -0.05,
        "Total Revenue": 9,
        "Gross Profit": 1,
        "Operating Income": -1,
        "EBIT": -1,
        "Net Income": -1
    },
    "2018-09-30": {
        "Diluted EPS": 0.02,
        "Total Revenue": 13,
        "Gross Profit": 2,
        "Operating Income": 0,
        "EBIT": 0,
        "Net Income": 0
    },
    "2018-06-30": {
        "Diluted EPS": -0.08,
        "Total Revenue": 8,
        "Gross Profit": 1,
        "Operating Income": -1,
        "EBIT": -1,
        "Net Income": -1
    },
    "2018-03-31": {
        "Diluted EPS": -0.01,
        "Total Revenue": 7,
        "Gross Profit": 1,
        "Operating Income": 0,
        "EBIT": 0,
        "Net Income": 0
    },
    "2017-12-31": {
        "Diluted EPS": -0.07,
        "Total Revenue": 8,
        "Gross Profit": 1,
        "Operating Income": -1,
        "EBIT": 0,
        "Net Income": -1
    },
    "2017-09-30": {
        "Diluted EPS": -0.04,
        "Total Revenue": 8,
        "Gross Profit": 1,
        "Operating Income": -1,
        "EBIT": 0,
        "Net Income": 0
    },
    "2017-06-30": {
        "Diluted EPS": 0.0,
        "Total Revenue": 12,
        "Gross Profit": 2,
        "Operating Income": 0,
        "EBIT": 0,
        "Net Income": 0
    },
    "2017-03-31": {
        "Diluted EPS": 0.01,
        "Total Revenue": 10,
        "Gross Profit": 2,
        "Operating Income": 0,
        "EBIT": 0,
        "Net Income": 0
    },
    "2016-12-31": {
        "Diluted EPS": 0.05,
        "Total Revenue": 14,
        "Gross Profit": 3,
        "Operating Income": 1,
        "EBIT": 1,
        "Net Income": 1
    },
    "2016-09-30": {
        "Diluted EPS": 0.02,
        "Total Revenue": 13,
        "Gross Profit": 2,
        "Operating Income": 0,
        "EBIT": 1,
        "Net Income": 0
    },
    "2016-06-30": {
        "Diluted EPS": 0.05,
        "Total Revenue": 14,
        "Gross Profit": 2,
        "Operating Income": 0,
        "EBIT": 1,
        "Net Income": 1
    },
    "2016-03-31": {
        "Diluted EPS": 0.04,
        "Total Revenue": 14,
        "Gross Profit": 2,
        "Operating Income": 0,
        "EBIT": 1,
        "Net Income": 0
    },
    "2015-12-31": {
        "Diluted EPS": 0.06,
        "Total Revenue": 20,
        "Gross Profit": 3,
        "Operating Income": 1,
        "EBIT": 1,
        "Net Income": 1
    },
    "2015-09-30": {
        "Diluted EPS": 0.0,
        "Total Revenue": 12,
        "Gross Profit": 2,
        "Operating Income": 0,
        "EBIT": 0,
        "Net Income": 0
    },
    "2015-06-30": {
        "Diluted EPS": 0.0,
        "Total Revenue": 10,
        "Gross Profit": 2,
        "Operating Income": 0,
        "EBIT": 0,
        "Net Income": 0
    },
    "2015-03-31": {
        "Diluted EPS": 0.0,
        "Total Revenue": 10,
        "Gross Profit": 2,
        "Operating Income": 0,
        "EBIT": 0,
        "Net Income": 0
    },
    "2014-12-31": {
        "Diluted EPS": 0.04,
        "Total Revenue": 12,
        "Gross Profit": 2,
        "Operating Income": 1,
        "EBIT": 1,
        "Net Income": 0
    },
    "2014-09-30": {
        "Diluted EPS": 0.03,
        "Total Revenue": 14,
        "Gross Profit": 2,
        "Operating Income": 0,
        "EBIT": 1,
        "Net Income": 0
    },
    "2014-06-30": {
        "Diluted EPS": 0.01,
        "Total Revenue": 12,
        "Gross Profit": 1,
        "Operating Income": -1,
        "EBIT": 0,
        "Net Income": 0
    },
    "2014-03-31": {
        "Diluted EPS": -0.01,
        "Total Revenue": 10,
        "Gross Profit": 1,
        "Operating Income": -1,
        "EBIT": 0,
        "Net Income": 0
    },
    "2013-12-31": {
        "Diluted EPS": 0.02,
        "Total Revenue": 8,
        "Gross Profit": 2,
        "Operating Income": 0,
        "EBIT": 0,
        "Net Income": 0
    },
    "2013-09-30": {
        "Diluted EPS": -0.11,
        "Total Revenue": 1,
        "Gross Profit": 0,
        "Operating Income": -2,
        "EBIT": -1,
        "Net Income": -1
    },
    "2013-06-30": {
        "Diluted EPS": 0.04,
        "Total Revenue": 8,
        "Gross Profit": 2,
        "Operating Income": 0,
        "EBIT": 1,
        "Net Income": 0
    },
    "2013-03-31": {
        "Diluted EPS": -0.01,
        "Total Revenue": 7,
        "Gross Profit": 1,
        "Operating Income": 0,
        "EBIT": 0,
        "Net Income": 0
    },
    "2012-12-31": {
        "Diluted EPS": -0.07,
        "Total Revenue": 5,
        "Gross Profit": 1,
        "Operating Income": -1,
        "EBIT": -1,
        "Net Income": -1
    },
    "2012-09-30": {
        "Diluted EPS": 0.06,
        "Total Revenue": 13,
        "Gross Profit": 3,
        "Operating Income": 1,
        "EBIT": 2,
        "Net Income": 1
    },
    "2012-06-30": {
        "Diluted EPS": 0.12,
        "Total Revenue": 16,
        "Gross Profit": 4,
        "Operating Income": 1,
        "EBIT": 1,
        "Net Income": 1
    },
    "2012-03-31": {
        "Diluted EPS": -0.05,
        "Total Revenue": 3,
        "Gross Profit": 0,
        "Operating Income": -1,
        "EBIT": -1,
        "Net Income": -1
    },
    "2011-12-31": {
        "Diluted EPS": -0.04,
        "Total Revenue": 3,
        "Gross Profit": 0,
        "Operating Income": -1,
        "EBIT": -1,
        "Net Income": 0
    },
    "2011-09-30": {
        "Diluted EPS": -0.04,
        "Total Revenue": 3,
        "Gross Profit": 1,
        "Operating Income": -1,
        "EBIT": -1,
        "Net Income": 0
    },
    "2011-06-30": {
        "Diluted EPS": -0.04,
        "Total Revenue": 5,
        "Gross Profit": 1,
        "Operating Income": -1,
        "EBIT": 0,
        "Net Income": 0
    },
    "2011-03-31": {
        "Diluted EPS": 0.13,
        "Total Revenue": 9,
        "Gross Profit": 3,
        "Operating Income": 1,
        "EBIT": 1,
        "Net Income": 2
    },
    "2010-12-31": {
        "Diluted EPS": 0.17,
        "Total Revenue": 16,
        "Gross Profit": 6,
        "Operating Income": 4,
        "EBIT": 4,
        "Net Income": 2
    },
    "2010-09-30": {
        "Diluted EPS": 0.08,
        "Total Revenue": 17,
        "Gross Profit": 5,
        "Operating Income": 2,
        "EBIT": 2,
        "Net Income": 1
    },
    "2010-06-30": {
        "Diluted EPS": 0.18,
        "Total Revenue": 40,
        "Gross Profit": 6,
        "Operating Income": 4,
        "EBIT": 4,
        "Net Income": 2
    },
    "2010-03-31": {
        "Diluted EPS": 0.1,
        "Total Revenue": 32,
        "Gross Profit": 4,
        "Operating Income": 2,
        "EBIT": 2,
        "Net Income": 1
    },
    "2009-12-31": {
        "Diluted EPS": 0.06,
        "Total Revenue": 25,
        "Gross Profit": 3,
        "Operating Income": 1,
        "EBIT": 2,
        "Net Income": 1
    },
    "2009-09-30": {
        "Diluted EPS": 0.01,
        "Total Revenue": 5,
        "Gross Profit": 1,
        "Operating Income": 0,
        "EBIT": 0,
        "Net Income": 0
    },
    "2009-06-30": {
        "Diluted EPS": 0.18,
        "Total Revenue": 10,
        "Gross Profit": 1,
        "Operating Income": 1,
        "EBIT": 1,
        "Net Income": 2
    },
    "2009-03-31": {
        "Diluted EPS": 0.01,
        "Total Revenue": 3,
        "Gross Profit": 1,
        "Operating Income": 0,
        "EBIT": 0,
        "Net Income": 0
    },
    "2023-06-30": {
        "Tax Effect Of Unusual Items": -373996.127477,
        "Tax Rate For Calcs": 0.164251,
        "Normalized EBITDA": 2712664.0,
        "Total Unusual Items": -2276982.0,
        "Total Unusual Items Excluding Goodwill": -2276982.0,
        "Net Income From Continuing Operation Net Minority Interest": -1605335.0,
        "Reconciled Depreciation": 330155.0,
        "Reconciled Cost Of Revenue": 14568634.0,
        "EBITDA": 435682.0,
        "EBIT": 105527.0,
        "Net Interest Income": 178714.0,
        "Interest Income": 178714.0,
        "Normalized Income": 297650.872523,
        "Net Income From Continuing And Discontinued Operation": -1605335.0,
        "Total Expenses": 16898435.0,
        "Total Operating Income As Reported": 103253.0,
        "Diluted Average Shares": NaN,
        "Basic Average Shares": NaN,
        "Diluted EPS": NaN,
        "Basic EPS": NaN,
        "Diluted NI Availto Com Stockholders": -1605335.0,
        "Net Income Common Stockholders": -1605335.0,
        "Net Income": -1605335.0,
        "Minority Interests": 40602.0,
        "Net Income Including Noncontrolling Interests": -1645937.0,
        "Net Income Continuous Operations": -1645937.0,
        "Tax Provision": -323478.0,
        "Pretax Income": -1969415.0,
        "Other Income Expense": -2253656.0,
        "Other Non Operating Income Expenses": 23326.0,
        "Special Income Charges": -2351986.0,
        "Other Special Charges": 2351986.0,
        "Gain On Sale Of Security": NaN,
        "Net Non Operating Interest Income Expense": 178714.0,
        "Interest Income Non Operating": 178714.0,
        "Operating Income": 105527.0,
        "Operating Expense": 2329801.0,
        "Other Operating Expenses": -2274.0,
        "Research And Development": 919457.0,
        "Selling General And Administration": 1412618.0,
        "Gross Profit": 2435328.0,
        "Cost Of Revenue": 14568634.0,
        "Total Revenue": 17003962.0,
        "Operating Revenue": 17003962.0
    },
    "2023-09-30": {
        "Tax Effect Of Unusual Items": -25720.737281,
        "Tax Rate For Calcs": 0.129267,
        "Normalized EBITDA": -42200.0,
        "Total Unusual Items": -198974.0,
        "Total Unusual Items Excluding Goodwill": -198974.0,
        "Net Income From Continuing Operation Net Minority Interest": -257696.0,
        "Reconciled Depreciation": 332243.0,
        "Reconciled Cost Of Revenue": 8142386.0,
        "EBITDA": -241174.0,
        "EBIT": -573417.0,
        "Net Interest Income": 254015.0,
        "Interest Income": 254015.0,
        "Normalized Income": -84442.737281,
        "Net Income From Continuing And Discontinued Operation": -257696.0,
        "Total Expenses": 10228963.0,
        "Total Operating Income As Reported": -584517.0,
        "Diluted Average Shares": 11784280.0,
        "Basic Average Shares": 11784280.0,
        "Diluted EPS": -0.02,
        "Basic EPS": -0.02,
        "Diluted NI Availto Com Stockholders": -257696.0,
        "Net Income Common Stockholders": -257696.0,
        "Net Income": -257696.0,
        "Minority Interests": 79505.0,
        "Net Income Including Noncontrolling Interests": -337201.0,
        "Net Income Continuous Operations": -337201.0,
        "Tax Provision": -50060.0,
        "Pretax Income": -387261.0,
        "Other Income Expense": -67859.0,
        "Other Non Operating Income Expenses": 131115.0,
        "Special Income Charges": NaN,
        "Other Special Charges": NaN,
        "Gain On Sale Of Security": -198974.0,
        "Net Non Operating Interest Income Expense": 254015.0,
        "Interest Income Non Operating": 254015.0,
        "Operating Income": -573417.0,
        "Operating Expense": 2086577.0,
        "Other Operating Expenses": -11100.0,
        "Research And Development": 866955.0,
        "Selling General And Administration": 1230722.0,
        "Gross Profit": 1513160.0,
        "Cost Of Revenue": 8142386.0,
        "Total Revenue": 9655546.0,
        "Operating Revenue": 9655546.0
    },
    "2023-12-31": {
        "Tax Effect Of Unusual Items": 86440.860278,
        "Tax Rate For Calcs": 0.248789,
        "Normalized EBITDA": -1566745.0,
        "Total Unusual Items": 347446.0,
        "Total Unusual Items Excluding Goodwill": 347446.0,
        "Net Income From Continuing Operation Net Minority Interest": -764615.0,
        "Reconciled Depreciation": 331176.0,
        "Reconciled Cost Of Revenue": 8010704.0,
        "EBITDA": -1219299.0,
        "EBIT": -1550475.0,
        "Net Interest Income": 151753.0,
        "Interest Income": 151753.0,
        "Normalized Income": -1025620.139722,
        "Net Income From Continuing And Discontinued Operation": -764615.0,
        "Total Expenses": 10398254.0,
        "Total Operating Income As Reported": -1555941.0,
        "Diluted Average Shares": 11784280.0,
        "Basic Average Shares": 11784280.0,
        "Diluted EPS": -0.06,
        "Basic EPS": -0.06,
        "Diluted NI Availto Com Stockholders": -764615.0,
        "Net Income Common Stockholders": -764615.0,
        "Net Income": -764615.0,
        "Minority Interests": -114956.0,
        "Net Income Including Noncontrolling Interests": -649659.0,
        "Net Income Continuous Operations": -649659.0,
        "Tax Provision": -215157.0,
        "Pretax Income": -864816.0,
        "Other Income Expense": 533906.0,
        "Other Non Operating Income Expenses": 186460.0,
        "Special Income Charges": 0.0,
        "Other Special Charges": NaN,
        "Gain On Sale Of Security": 347446.0,
        "Net Non Operating Interest Income Expense": 151753.0,
        "Interest Income Non Operating": 151753.0,
        "Operating Income": -1550475.0,
        "Operating Expense": 2387550.0,
        "Other Operating Expenses": -5466.0,
        "Research And Development": 852854.0,
        "Selling General And Administration": 1540162.0,
        "Gross Profit": 837075.0,
        "Cost Of Revenue": 8010704.0,
        "Total Revenue": 8847779.0,
        "Operating Revenue": 8847779.0
    },
    "2024-03-31": {
        "Tax Effect Of Unusual Items": -70542.263735,
        "Tax Rate For Calcs": 0.192697,
        "Normalized EBITDA": -1189149.0,
        "Total Unusual Items": -366078.0,
        "Total Unusual Items Excluding Goodwill": -366078.0,
        "Net Income From Continuing Operation Net Minority Interest": -1175680.0,
        "Reconciled Depreciation": -1302681.0,
        "Reconciled Cost Of Revenue": 5659050.0,
        "EBITDA": -1555227.0,
        "EBIT": -1555227.0,
        "Net Interest Income": 155433.0,
        "Interest Income": 155433.0,
        "Normalized Income": -880144.263735,
        "Net Income From Continuing And Discontinued Operation": -1175680.0,
        "Total Expenses": 7731726.0,
        "Total Operating Income As Reported": -1555168.0,
        "Diluted Average Shares": 11784280.0,
        "Basic Average Shares": 11784280.0,
        "Diluted EPS": -0.1,
        "Basic EPS": -0.1,
        "Diluted NI Availto Com Stockholders": -1175680.0,
        "Net Income Common Stockholders": -1175680.0,
        "Net Income": -1175680.0,
        "Minority Interests": 134640.0,
        "Net Income Including Noncontrolling Interests": -1310320.0,
        "Net Income Continuous Operations": -1310320.0,
        "Tax Provision": -312764.0,
        "Pretax Income": -1623084.0,
        "Other Income Expense": -223290.0,
        "Other Non Operating Income Expenses": 142788.0,
        "Special Income Charges": 0.0,
        "Other Special Charges": NaN,
        "Gain On Sale Of Security": -366078.0,
        "Net Non Operating Interest Income Expense": 155433.0,
        "Interest Income Non Operating": 155433.0,
        "Operating Income": -1555227.0,
        "Operating Expense": 2072676.0,
        "Other Operating Expenses": 59.0,
        "Research And Development": 811470.0,
        "Selling General And Administration": 1261147.0,
        "Gross Profit": 517449.0,
        "Cost Of Revenue": 5659050.0,
        "Total Revenue": 6176499.0,
        "Operating Revenue": 6176499.0
    }
}