{
    "2023-03-31": {
        "Tax Effect Of Unusual Items": 0.0,
        "Tax Rate For Calcs": 0.091,
        "Net Income From Continuing Operation Net Minority Interest": 6481000.0,
        "Reconciled Depreciation": 1434000.0,
        "Net Interest Income": 23634000.0,
        "Interest Expense": 12385000.0,
        "Interest Income": 36019000.0,
        "Normalized Income": 6481000.0,
        "Net Income From Continuing And Discontinued Operation": 6481000.0,
        "Diluted Average Shares": 22580244.0,
        "Basic Average Shares": 22493437.0,
        "Diluted EPS": 0.29,
        "Basic EPS": 0.29,
        "Diluted NI Availto Com Stockholders": 6481000.0,
        "Net Income Common Stockholders": 6481000.0,
        "Net Income": 6481000.0,
        "Net Income Including Noncontrolling Interests": 6481000.0,
        "Net Income Continuous Operations": 6481000.0,
        "Tax Provision": 651000.0,
        "Pretax Income": 7132000.0,
        "Gain On Sale Of Security": -3489000.0,
        "Selling General And Administration": 9765000.0,
        "General And Administrative Expense": 9765000.0,
        "Salaries And Wages": 9765000.0,
        "Total Revenue": 22647000.0,
        "Operating Revenue": 22647000.0
    },
    "2022-12-31": {
        "Tax Effect Of Unusual Items": 0.0,
        "Tax Rate For Calcs": 0.189923,
        "Net Income From Continuing Operation Net Minority Interest": 9904000.0,
        "Reconciled Depreciation": 1590000.0,
        "Net Interest Income": 27755000.0,
        "Interest Expense": 7705000.0,
        "Interest Income": 35460000.0,
        "Normalized Income": 9904000.0,
        "Net Income From Continuing And Discontinued Operation": 9904000.0,
        "Diluted Average Shares": 22688217.0,
        "Basic Average Shares": 22558414.0,
        "Diluted EPS": 0.44,
        "Basic EPS": 0.44,
        "Diluted NI Availto Com Stockholders": 9904000.0,
        "Net Income Common Stockholders": 9904000.0,
        "Net Income": 9904000.0,
        "Net Income Including Noncontrolling Interests": 9904000.0,
        "Net Income Continuous Operations": 9904000.0,
        "Tax Provision": 2322000.0,
        "Pretax Income": 12226000.0,
        "Gain On Sale Of Security": 0.0,
        "Selling General And Administration": 10832000.0,
        "General And Administrative Expense": 10832000.0,
        "Salaries And Wages": 10832000.0,
        "Total Revenue": 30676000.0,
        "Operating Revenue": 30676000.0
    },
    "2022-09-30": {
        "Tax Effect Of Unusual Items": 0.0,
        "Tax Rate For Calcs": 0.18,
        "Total Unusual Items": NaN,
        "Total Unusual Items Excluding Goodwill": NaN,
        "Net Income From Continuing Operation Net Minority Interest": 12464000.0,
        "Reconciled Depreciation": 1741000.0,
        "Net Interest Income": 30258000.0,
        "Interest Expense": 4576000.0,
        "Interest Income": 34834000.0,
        "Normalized Income": 12464000.0,
        "Net Income From Continuing And Discontinued Operation": 12464000.0,
        "Diluted Average Shares": 22845510.0,
        "Basic Average Shares": 22746302.0,
        "Diluted EPS": 0.55,
        "Basic EPS": 0.55,
        "Diluted NI Availto Com Stockholders": 12464000.0,
        "Net Income Common Stockholders": 12464000.0,
        "Net Income": 12464000.0,
        "Net Income Including Noncontrolling Interests": 12464000.0,
        "Net Income Continuous Operations": 12464000.0,
        "Tax Provision": 2738000.0,
        "Pretax Income": 15202000.0,
        "Special Income Charges": NaN,
        "Other Special Charges": NaN,
        "Gain On Sale Of Security": 0.0,
        "Selling General And Administration": 10528000.0,
        "General And Administrative Expense": 10528000.0,
        "Salaries And Wages": 10528000.0,
        "Total Revenue": 33305000.0,
        "Operating Revenue": 33305000.0
    },
    "2022-06-30": {
        "Tax Effect Of Unusual Items": 0.0,
        "Tax Rate For Calcs": 0.198085,
        "Total Unusual Items": NaN,
        "Total Unusual Items Excluding Goodwill": NaN,
        "Net Income From Continuing Operation Net Minority Interest": 12481000.0,
        "Reconciled Depreciation": 1744000.0,
        "Net Interest Income": 29695000.0,
        "Interest Expense": 3199000.0,
        "Interest Income": 32894000.0,
        "Normalized Income": 12481000.0,
        "Net Income From Continuing And Discontinued Operation": 12481000.0,
        "Diluted Average Shares": 23070626.0,
        "Basic Average Shares": 22999598.0,
        "Diluted EPS": 0.54,
        "Basic EPS": 0.54,
        "Diluted NI Availto Com Stockholders": 12481000.0,
        "Net Income Common Stockholders": 12481000.0,
        "Net Income": 12481000.0,
        "Net Income Including Noncontrolling Interests": 12481000.0,
        "Net Income Continuous Operations": 12481000.0,
        "Tax Provision": 3083000.0,
        "Pretax Income": 15564000.0,
        "Special Income Charges": NaN,
        "Other Special Charges": NaN,
        "Gain On Sale Of Security": 0.0,
        "Selling General And Administration": 9981000.0,
        "General And Administrative Expense": 9981000.0,
        "Salaries And Wages": 9981000.0,
        "Total Revenue": 32719000.0,
        "Operating Revenue": 32719000.0
    },
    "2023-06-30": {
        "Tax Effect Of Unusual Items": 0.0,
        "Tax Rate For Calcs": 0.202,
        "Net Income From Continuing Operation Net Minority Interest": 6899000.0,
        "Reconciled Depreciation": 1427000.0,
        "Net Interest Income": 21841000.0,
        "Interest Expense": 16283000.0,
        "Interest Income": 38124000.0,
        "Normalized Income": 6899000.0,
        "Net Income From Continuing And Discontinued Operation": 6899000.0,
        "Diluted Average Shares": 22584877.0,
        "Basic Average Shares": 22551568.0,
        "Diluted EPS": 0.31,
        "Basic EPS": 0.31,
        "Diluted NI Availto Com Stockholders": 6899000.0,
        "Net Income Common Stockholders": 6899000.0,
        "Net Income": 6899000.0,
        "Net Income Including Noncontrolling Interests": 6899000.0,
        "Net Income Continuous Operations": 6899000.0,
        "Tax Provision": 1107000.0,
        "Pretax Income": 8006000.0,
        "Gain On Sale Of Security": 0.0,
        "Selling General And Administration": 9854000.0,
        "General And Administrative Expense": 9854000.0,
        "Salaries And Wages": 9854000.0,
        "Total Revenue": 24523000.0,
        "Operating Revenue": 24523000.0
    },
    "2022-03-31": {
        "Diluted EPS": 0.52,
        "Total Revenue": 34,
        "Gross Profit": 31,
        "Operating Income": 15,
        "EBIT": NaN,
        "Net Income": 12
    },
    "2021-12-31": {
        "Diluted EPS": 0.38,
        "Total Revenue": 34,
        "Gross Profit": 31,
        "Operating Income": 11,
        "EBIT": NaN,
        "Net Income": 9
    },
    "2021-09-30": {
        "Diluted EPS": 0.48,
        "Total Revenue": 33,
        "Gross Profit": 29,
        "Operating Income": 14,
        "EBIT": NaN,
        "Net Income": 11
    },
    "2021-06-30": {
        "Diluted EPS": 0.48,
        "Total Revenue": 34,
        "Gross Profit": 30,
        "Operating Income": 15,
        "EBIT": NaN,
        "Net Income": 11
    },
    "2021-03-31": {
        "Diluted EPS": 0.47,
        "Total Revenue": 34,
        "Gross Profit": 29,
        "Operating Income": 14,
        "EBIT": NaN,
        "Net Income": 11
    },
    "2020-12-31": {
        "Diluted EPS": 0.44,
        "Total Revenue": 34,
        "Gross Profit": 28,
        "Operating Income": 13,
        "EBIT": NaN,
        "Net Income": 11
    },
    "2020-09-30": {
        "Diluted EPS": 0.45,
        "Total Revenue": 37,
        "Gross Profit": 31,
        "Operating Income": 13,
        "EBIT": NaN,
        "Net Income": 11
    },
    "2020-06-30": {
        "Diluted EPS": 0.45,
        "Total Revenue": 36,
        "Gross Profit": 29,
        "Operating Income": 13,
        "EBIT": NaN,
        "Net Income": 11
    },
    "2020-03-31": {
        "Diluted EPS": 0.38,
        "Total Revenue": 38,
        "Gross Profit": 28,
        "Operating Income": 11,
        "EBIT": NaN,
        "Net Income": 9
    },
    "2019-12-31": {
        "Diluted EPS": 0.37,
        "Total Revenue": 38,
        "Gross Profit": 27,
        "Operating Income": 11,
        "EBIT": NaN,
        "Net Income": 9
    },
    "2019-09-30": {
        "Diluted EPS": 0.44,
        "Total Revenue": 39,
        "Gross Profit": 28,
        "Operating Income": 13,
        "EBIT": NaN,
        "Net Income": 11
    },
    "2019-06-30": {
        "Diluted EPS": 0.43,
        "Total Revenue": 39,
        "Gross Profit": 28,
        "Operating Income": 13,
        "EBIT": NaN,
        "Net Income": 11
    },
    "2019-03-31": {
        "Diluted EPS": 0.43,
        "Total Revenue": 39,
        "Gross Profit": 28,
        "Operating Income": 13,
        "EBIT": NaN,
        "Net Income": 11
    },
    "2018-12-31": {
        "Diluted EPS": 0.4,
        "Total Revenue": 35,
        "Gross Profit": 25,
        "Operating Income": 12,
        "EBIT": NaN,
        "Net Income": 10
    },
    "2018-09-30": {
        "Diluted EPS": 0.39,
        "Total Revenue": 33,
        "Gross Profit": 23,
        "Operating Income": 11,
        "EBIT": NaN,
        "Net Income": 10
    },
    "2018-06-30": {
        "Diluted EPS": 0.4,
        "Total Revenue": 38,
        "Gross Profit": 29,
        "Operating Income": 12,
        "EBIT": NaN,
        "Net Income": 10
    },
    "2018-03-31": {
        "Diluted EPS": 0.44,
        "Total Revenue": 36,
        "Gross Profit": 28,
        "Operating Income": 12,
        "EBIT": NaN,
        "Net Income": 11
    },
    "2017-12-31": {
        "Diluted EPS": 0.3,
        "Total Revenue": 31,
        "Gross Profit": 25,
        "Operating Income": 9,
        "EBIT": NaN,
        "Net Income": 8
    },
    "2017-09-30": {
        "Diluted EPS": 0.38,
        "Total Revenue": 33,
        "Gross Profit": 27,
        "Operating Income": 13,
        "EBIT": NaN,
        "Net Income": 9
    },
    "2017-06-30": {
        "Diluted EPS": 0.37,
        "Total Revenue": 32,
        "Gross Profit": 26,
        "Operating Income": 12,
        "EBIT": NaN,
        "Net Income": 9
    },
    "2017-03-31": {
        "Diluted EPS": 0.38,
        "Total Revenue": 31,
        "Gross Profit": 26,
        "Operating Income": 12,
        "EBIT": NaN,
        "Net Income": 9
    },
    "2016-12-31": {
        "Diluted EPS": 0.31,
        "Total Revenue": 30,
        "Gross Profit": 25,
        "Operating Income": 10,
        "EBIT": NaN,
        "Net Income": 7
    },
    "2016-09-30": {
        "Diluted EPS": 0.34,
        "Total Revenue": 28,
        "Gross Profit": 24,
        "Operating Income": 11,
        "EBIT": NaN,
        "Net Income": 8
    },
    "2016-06-30": {
        "Diluted EPS": 0.34,
        "Total Revenue": 29,
        "Gross Profit": 25,
        "Operating Income": 10,
        "EBIT": NaN,
        "Net Income": 8
    },
    "2016-03-31": {
        "Diluted EPS": 0.35,
        "Total Revenue": 27,
        "Gross Profit": 22,
        "Operating Income": 10,
        "EBIT": NaN,
        "Net Income": 8
    },
    "2015-12-31": {
        "Diluted EPS": 0.31,
        "Total Revenue": 26,
        "Gross Profit": 22,
        "Operating Income": 8,
        "EBIT": NaN,
        "Net Income": 7
    },
    "2015-09-30": {
        "Diluted EPS": 0.31,
        "Total Revenue": 25,
        "Gross Profit": 21,
        "Operating Income": 8,
        "EBIT": NaN,
        "Net Income": 7
    },
    "2015-06-30": {
        "Diluted EPS": 0.29,
        "Total Revenue": 26,
        "Gross Profit": 22,
        "Operating Income": 9,
        "EBIT": NaN,
        "Net Income": 6
    },
    "2015-03-31": {
        "Diluted EPS": 0.31,
        "Total Revenue": 24,
        "Gross Profit": 20,
        "Operating Income": 8,
        "EBIT": NaN,
        "Net Income": 6
    },
    "2014-12-31": {
        "Diluted EPS": 0.26,
        "Total Revenue": 23,
        "Gross Profit": 19,
        "Operating Income": 6,
        "EBIT": NaN,
        "Net Income": 5
    },
    "2014-09-30": {
        "Diluted EPS": 0.29,
        "Total Revenue": 23,
        "Gross Profit": 19,
        "Operating Income": 8,
        "EBIT": NaN,
        "Net Income": 6
    },
    "2014-06-30": {
        "Diluted EPS": 0.27,
        "Total Revenue": 22,
        "Gross Profit": 18,
        "Operating Income": 7,
        "EBIT": NaN,
        "Net Income": 6
    },
    "2014-03-31": {
        "Diluted EPS": 0.29,
        "Total Revenue": 22,
        "Gross Profit": 18,
        "Operating Income": 8,
        "EBIT": NaN,
        "Net Income": 6
    },
    "2013-12-31": {
        "Diluted EPS": 0.25,
        "Total Revenue": 21,
        "Gross Profit": 18,
        "Operating Income": 7,
        "EBIT": NaN,
        "Net Income": 5
    },
    "2013-09-30": {
        "Diluted EPS": 0.25,
        "Total Revenue": 21,
        "Gross Profit": 18,
        "Operating Income": 7,
        "EBIT": NaN,
        "Net Income": 5
    },
    "2013-06-30": {
        "Diluted EPS": 0.26,
        "Total Revenue": 20,
        "Gross Profit": 17,
        "Operating Income": 7,
        "EBIT": NaN,
        "Net Income": 5
    },
    "2013-03-31": {
        "Diluted EPS": 0.28,
        "Total Revenue": 20,
        "Gross Profit": 17,
        "Operating Income": 7,
        "EBIT": NaN,
        "Net Income": 6
    },
    "2012-12-31": {
        "Diluted EPS": 0.25,
        "Total Revenue": 20,
        "Gross Profit": 17,
        "Operating Income": 6,
        "EBIT": NaN,
        "Net Income": 5
    },
    "2012-09-30": {
        "Diluted EPS": 0.24,
        "Total Revenue": 20,
        "Gross Profit": 16,
        "Operating Income": 6,
        "EBIT": NaN,
        "Net Income": 5
    },
    "2012-06-30": {
        "Diluted EPS": 0.27,
        "Total Revenue": 25,
        "Gross Profit": 20,
        "Operating Income": 7,
        "EBIT": NaN,
        "Net Income": 5
    },
    "2012-03-31": {
        "Diluted EPS": 0.26,
        "Total Revenue": 21,
        "Gross Profit": 17,
        "Operating Income": 6,
        "EBIT": NaN,
        "Net Income": 5
    },
    "2011-12-31": {
        "Diluted EPS": 0.24,
        "Total Revenue": 21,
        "Gross Profit": 17,
        "Operating Income": 6,
        "EBIT": NaN,
        "Net Income": 5
    },
    "2011-09-30": {
        "Diluted EPS": 0.27,
        "Total Revenue": 21,
        "Gross Profit": 17,
        "Operating Income": 7,
        "EBIT": NaN,
        "Net Income": 5
    },
    "2011-06-30": {
        "Diluted EPS": 0.24,
        "Total Revenue": 20,
        "Gross Profit": 16,
        "Operating Income": 6,
        "EBIT": NaN,
        "Net Income": 5
    },
    "2011-03-31": {
        "Diluted EPS": 0.24,
        "Total Revenue": 20,
        "Gross Profit": 16,
        "Operating Income": 6,
        "EBIT": NaN,
        "Net Income": 5
    },
    "2010-12-31": {
        "Diluted EPS": 0.2,
        "Total Revenue": 19,
        "Gross Profit": 15,
        "Operating Income": 5,
        "EBIT": NaN,
        "Net Income": 4
    },
    "2010-09-30": {
        "Diluted EPS": 0.24,
        "Total Revenue": 20,
        "Gross Profit": 16,
        "Operating Income": 6,
        "EBIT": NaN,
        "Net Income": 5
    },
    "2010-06-30": {
        "Diluted EPS": 0.3,
        "Total Revenue": 21,
        "Gross Profit": 17,
        "Operating Income": 7,
        "EBIT": NaN,
        "Net Income": 5
    },
    "2010-03-31": {
        "Diluted EPS": 0.28,
        "Total Revenue": 21,
        "Gross Profit": 16,
        "Operating Income": 6,
        "EBIT": NaN,
        "Net Income": 5
    },
    "2009-12-31": {
        "Diluted EPS": -0.11,
        "Total Revenue": 20,
        "Gross Profit": 15,
        "Operating Income": 2,
        "EBIT": NaN,
        "Net Income": 2
    },
    "2009-09-30": {
        "Diluted EPS": 0.24,
        "Total Revenue": 19,
        "Gross Profit": 14,
        "Operating Income": 5,
        "EBIT": NaN,
        "Net Income": 4
    },
    "2009-06-30": {
        "Diluted EPS": 0.45,
        "Total Revenue": 18,
        "Gross Profit": 14,
        "Operating Income": 4,
        "EBIT": NaN,
        "Net Income": 3
    },
    "2009-03-31": {
        "Diluted EPS": 0.24,
        "Total Revenue": 17,
        "Gross Profit": 13,
        "Operating Income": 5,
        "EBIT": NaN,
        "Net Income": 4
    },
    "2023-09-30": {
        "Tax Effect Of Unusual Items": 0.0,
        "Tax Rate For Calcs": 0.114929,
        "Net Income From Continuing Operation Net Minority Interest": 6800000.0,
        "Reconciled Depreciation": 1441000.0,
        "Net Interest Income": 21432000.0,
        "Interest Expense": 18984000.0,
        "Interest Income": 40416000.0,
        "Normalized Income": 6800000.0,
        "Net Income From Continuing And Discontinued Operation": 6800000.0,
        "Diluted Average Shares": 22656630.0,
        "Basic Average Shares": 22569716.0,
        "Diluted EPS": 0.3,
        "Basic EPS": 0.3,
        "Diluted NI Availto Com Stockholders": 6800000.0,
        "Net Income Common Stockholders": 6800000.0,
        "Net Income": 6800000.0,
        "Net Income Including Noncontrolling Interests": 6800000.0,
        "Net Income Continuous Operations": 6800000.0,
        "Tax Provision": 883000.0,
        "Pretax Income": 7683000.0,
        "Gain On Sale Of Security": 0.0,
        "Selling General And Administration": 9649000.0,
        "General And Administrative Expense": 9649000.0,
        "Salaries And Wages": 9649000.0,
        "Total Revenue": 23676000.0,
        "Operating Revenue": 23676000.0
    },
    "2023-12-31": {
        "Tax Effect Of Unusual Items": NaN,
        "Tax Rate For Calcs": NaN,
        "Net Income From Continuing Operation Net Minority Interest": NaN,
        "Reconciled Depreciation": NaN,
        "Net Interest Income": NaN,
        "Interest Expense": NaN,
        "Interest Income": NaN,
        "Normalized Income": NaN,
        "Net Income From Continuing And Discontinued Operation": NaN,
        "Diluted Average Shares": 22709257.0,
        "Basic Average Shares": 22586296.0,
        "Diluted EPS": 0.27,
        "Basic EPS": 0.27,
        "Diluted NI Availto Com Stockholders": NaN,
        "Net Income Common Stockholders": NaN,
        "Net Income": NaN,
        "Net Income Including Noncontrolling Interests": NaN,
        "Net Income Continuous Operations": NaN,
        "Tax Provision": NaN,
        "Pretax Income": NaN,
        "Gain On Sale Of Security": NaN,
        "Selling General And Administration": NaN,
        "General And Administrative Expense": NaN,
        "Salaries And Wages": NaN,
        "Total Revenue": NaN,
        "Operating Revenue": NaN
    }
}