{
    "2023-03-31": {
        "Tax Effect Of Unusual Items": NaN,
        "Tax Rate For Calcs": NaN,
        "Normalized EBITDA": NaN,
        "Total Unusual Items": NaN,
        "Total Unusual Items Excluding Goodwill": NaN,
        "Net Income From Continuing Operation Net Minority Interest": NaN,
        "Reconciled Depreciation": NaN,
        "Reconciled Cost Of Revenue": NaN,
        "EBITDA": NaN,
        "EBIT": NaN,
        "Net Interest Income": NaN,
        "Interest Expense": NaN,
        "Interest Income": NaN,
        "Normalized Income": NaN,
        "Net Income From Continuing And Discontinued Operation": NaN,
        "Total Expenses": NaN,
        "Total Operating Income As Reported": NaN,
        "Diluted Average Shares": NaN,
        "Basic Average Shares": NaN,
        "Diluted EPS": NaN,
        "Basic EPS": NaN,
        "Diluted NI Availto Com Stockholders": NaN,
        "Net Income Common Stockholders": NaN,
        "Net Income": NaN,
        "Net Income Including Noncontrolling Interests": NaN,
        "Net Income Continuous Operations": NaN,
        "Tax Provision": NaN,
        "Pretax Income": NaN,
        "Other Income Expense": NaN,
        "Special Income Charges": NaN,
        "Gain On Sale Of Ppe": NaN,
        "Gain On Sale Of Business": NaN,
        "Other Special Charges": NaN,
        "Net Non Operating Interest Income Expense": NaN,
        "Total Other Finance Cost": NaN,
        "Interest Expense Non Operating": NaN,
        "Interest Income Non Operating": NaN,
        "Operating Income": NaN,
        "Operating Expense": NaN,
        "Other Operating Expenses": 10497000.0,
        "Depreciation Amortization Depletion Income Statement": NaN,
        "Depreciation And Amortization In Income Statement": NaN,
        "Research And Development": NaN,
        "Selling General And Administration": NaN,
        "Gross Profit": NaN,
        "Cost Of Revenue": NaN,
        "Total Revenue": NaN,
        "Operating Revenue": NaN
    },
    "2022-12-31": {
        "Tax Effect Of Unusual Items": NaN,
        "Tax Rate For Calcs": NaN,
        "Normalized EBITDA": NaN,
        "Total Unusual Items": NaN,
        "Total Unusual Items Excluding Goodwill": NaN,
        "Net Income From Continuing Operation Net Minority Interest": NaN,
        "Reconciled Depreciation": NaN,
        "Reconciled Cost Of Revenue": NaN,
        "EBITDA": NaN,
        "EBIT": NaN,
        "Net Interest Income": NaN,
        "Interest Expense": NaN,
        "Interest Income": NaN,
        "Normalized Income": NaN,
        "Net Income From Continuing And Discontinued Operation": NaN,
        "Total Expenses": NaN,
        "Total Operating Income As Reported": NaN,
        "Diluted Average Shares": NaN,
        "Basic Average Shares": NaN,
        "Diluted EPS": NaN,
        "Basic EPS": NaN,
        "Diluted NI Availto Com Stockholders": NaN,
        "Net Income Common Stockholders": NaN,
        "Net Income": NaN,
        "Net Income Including Noncontrolling Interests": NaN,
        "Net Income Continuous Operations": NaN,
        "Tax Provision": NaN,
        "Pretax Income": NaN,
        "Other Income Expense": NaN,
        "Special Income Charges": NaN,
        "Gain On Sale Of Ppe": NaN,
        "Other Special Charges": NaN,
        "Net Non Operating Interest Income Expense": NaN,
        "Total Other Finance Cost": NaN,
        "Interest Expense Non Operating": NaN,
        "Interest Income Non Operating": NaN,
        "Operating Income": NaN,
        "Operating Expense": NaN,
        "Other Operating Expenses": 4644000.0,
        "Depreciation Amortization Depletion Income Statement": NaN,
        "Depreciation And Amortization In Income Statement": NaN,
        "Research And Development": NaN,
        "Selling General And Administration": NaN,
        "Gross Profit": NaN,
        "Cost Of Revenue": NaN,
        "Total Revenue": NaN,
        "Operating Revenue": NaN
    },
    "2022-09-30": {
        "Tax Effect Of Unusual Items": NaN,
        "Tax Rate For Calcs": NaN,
        "Normalized EBITDA": NaN,
        "Total Unusual Items": NaN,
        "Total Unusual Items Excluding Goodwill": NaN,
        "Net Income From Continuing Operation Net Minority Interest": NaN,
        "Reconciled Depreciation": NaN,
        "Reconciled Cost Of Revenue": NaN,
        "EBITDA": NaN,
        "EBIT": NaN,
        "Net Interest Income": NaN,
        "Interest Expense": NaN,
        "Interest Income": NaN,
        "Normalized Income": NaN,
        "Net Income From Continuing And Discontinued Operation": NaN,
        "Total Expenses": NaN,
        "Total Operating Income As Reported": NaN,
        "Diluted Average Shares": NaN,
        "Basic Average Shares": NaN,
        "Diluted EPS": NaN,
        "Basic EPS": NaN,
        "Diluted NI Availto Com Stockholders": NaN,
        "Net Income Common Stockholders": NaN,
        "Net Income": NaN,
        "Net Income Including Noncontrolling Interests": NaN,
        "Net Income Continuous Operations": NaN,
        "Tax Provision": NaN,
        "Pretax Income": NaN,
        "Other Income Expense": NaN,
        "Special Income Charges": NaN,
        "Gain On Sale Of Ppe": NaN,
        "Other Special Charges": NaN,
        "Net Non Operating Interest Income Expense": NaN,
        "Total Other Finance Cost": NaN,
        "Interest Expense Non Operating": NaN,
        "Interest Income Non Operating": NaN,
        "Operating Income": NaN,
        "Operating Expense": NaN,
        "Other Operating Expenses": 2594000.0,
        "Depreciation Amortization Depletion Income Statement": NaN,
        "Depreciation And Amortization In Income Statement": NaN,
        "Research And Development": NaN,
        "Selling General And Administration": NaN,
        "Gross Profit": NaN,
        "Cost Of Revenue": NaN,
        "Total Revenue": NaN,
        "Operating Revenue": NaN
    },
    "2022-06-30": {
        "Tax Effect Of Unusual Items": -5600.0,
        "Tax Rate For Calcs": 0.4,
        "Normalized EBITDA": 10048000.0,
        "Total Unusual Items": -14000.0,
        "Total Unusual Items Excluding Goodwill": -14000.0,
        "Net Income From Continuing Operation Net Minority Interest": -4355000.0,
        "Reconciled Depreciation": 1834000.0,
        "Reconciled Cost Of Revenue": 18600000.0,
        "EBITDA": 10034000.0,
        "EBIT": 8200000.0,
        "Net Interest Income": -6988000.0,
        "Interest Expense": 6988000.0,
        "Interest Income": NaN,
        "Normalized Income": -4346600.0,
        "Net Income From Continuing And Discontinued Operation": -4355000.0,
        "Total Expenses": 36169000.0,
        "Total Operating Income As Reported": 8219000.0,
        "Diluted Average Shares": 34416000.0,
        "Basic Average Shares": 34364000.0,
        "Diluted EPS": -0.13,
        "Basic EPS": -0.13,
        "Diluted NI Availto Com Stockholders": -4355000.0,
        "Net Income Common Stockholders": -4355000.0,
        "Net Income": -4355000.0,
        "Net Income Including Noncontrolling Interests": -4355000.0,
        "Net Income Continuous Operations": -4355000.0,
        "Tax Provision": 5567000.0,
        "Pretax Income": 1212000.0,
        "Other Income Expense": -14000.0,
        "Special Income Charges": -14000.0,
        "Gain On Sale Of Ppe": 5000.0,
        "Other Special Charges": 19000.0,
        "Net Non Operating Interest Income Expense": -6988000.0,
        "Total Other Finance Cost": 411000.0,
        "Interest Expense Non Operating": 6988000.0,
        "Interest Income Non Operating": NaN,
        "Operating Income": 8214000.0,
        "Operating Expense": 17569000.0,
        "Other Operating Expenses": 1534000.0,
        "Depreciation Amortization Depletion Income Statement": 1834000.0,
        "Depreciation And Amortization In Income Statement": 1834000.0,
        "Research And Development": 17000.0,
        "Selling General And Administration": 14184000.0,
        "Gross Profit": 25783000.0,
        "Cost Of Revenue": 18600000.0,
        "Total Revenue": 44383000.0,
        "Operating Revenue": 44383000.0
    },
    "2022-03-31": {
        "Diluted EPS": 0.0,
        "Total Revenue": 41,
        "Gross Profit": 24,
        "Operating Income": 5,
        "EBIT": 7,
        "Net Income": 0
    },
    "2021-12-31": {
        "Diluted EPS": 0.18,
        "Total Revenue": 43,
        "Gross Profit": 25,
        "Operating Income": 6,
        "EBIT": 8,
        "Net Income": 5
    },
    "2021-09-30": {
        "Diluted EPS": 0.13,
        "Total Revenue": 47,
        "Gross Profit": 28,
        "Operating Income": 11,
        "EBIT": 13,
        "Net Income": 5
    },
    "2021-06-30": {
        "Diluted EPS": 0.15,
        "Total Revenue": 47,
        "Gross Profit": 29,
        "Operating Income": 12,
        "EBIT": 14,
        "Net Income": 5
    },
    "2021-03-31": {
        "Diluted EPS": -0.13,
        "Total Revenue": 42,
        "Gross Profit": 25,
        "Operating Income": 9,
        "EBIT": 11,
        "Net Income": -3
    },
    "2020-12-31": {
        "Diluted EPS": 0.2,
        "Total Revenue": 38,
        "Gross Profit": 22,
        "Operating Income": 8,
        "EBIT": 10,
        "Net Income": 4
    },
    "2020-09-30": {
        "Diluted EPS": 0.28,
        "Total Revenue": 42,
        "Gross Profit": 25,
        "Operating Income": 10,
        "EBIT": 13,
        "Net Income": 8
    },
    "2020-06-30": {
        "Diluted EPS": -0.25,
        "Total Revenue": 15,
        "Gross Profit": 8,
        "Operating Income": -4,
        "EBIT": -2,
        "Net Income": -7
    },
    "2020-03-31": {
        "Diluted EPS": -0.22,
        "Total Revenue": 31,
        "Gross Profit": 12,
        "Operating Income": -3,
        "EBIT": -1,
        "Net Income": -4
    },
    "2019-12-31": {
        "Diluted EPS": -0.15,
        "Total Revenue": 39,
        "Gross Profit": 20,
        "Operating Income": 0,
        "EBIT": 2,
        "Net Income": -4
    },
    "2019-09-30": {
        "Diluted EPS": 0.03,
        "Total Revenue": 44,
        "Gross Profit": 19,
        "Operating Income": 3,
        "EBIT": 6,
        "Net Income": 1
    },
    "2019-06-30": {
        "Diluted EPS": -0.04,
        "Total Revenue": 42,
        "Gross Profit": 18,
        "Operating Income": 2,
        "EBIT": 4,
        "Net Income": -1
    },
    "2019-03-31": {
        "Diluted EPS": -0.06,
        "Total Revenue": 40,
        "Gross Profit": 17,
        "Operating Income": 1,
        "EBIT": 4,
        "Net Income": -2
    },
    "2018-12-31": {
        "Diluted EPS": -0.05,
        "Total Revenue": 41,
        "Gross Profit": 22,
        "Operating Income": 1,
        "EBIT": 3,
        "Net Income": -1
    },
    "2018-09-30": {
        "Diluted EPS": 0.04,
        "Total Revenue": 44,
        "Gross Profit": 19,
        "Operating Income": 4,
        "EBIT": 6,
        "Net Income": 2
    },
    "2018-06-30": {
        "Diluted EPS": -0.02,
        "Total Revenue": 41,
        "Gross Profit": 17,
        "Operating Income": 2,
        "EBIT": 4,
        "Net Income": -1
    },
    "2018-03-31": {
        "Diluted EPS": -0.2,
        "Total Revenue": 38,
        "Gross Profit": 15,
        "Operating Income": 1,
        "EBIT": 3,
        "Net Income": -4
    },
    "2017-12-31": {
        "Diluted EPS": -0.15,
        "Total Revenue": 38,
        "Gross Profit": 16,
        "Operating Income": -1,
        "EBIT": 2,
        "Net Income": -4
    },
    "2017-09-30": {
        "Diluted EPS": 0.03,
        "Total Revenue": 44,
        "Gross Profit": 20,
        "Operating Income": 4,
        "EBIT": 6,
        "Net Income": 1
    },
    "2017-06-30": {
        "Diluted EPS": -0.07,
        "Total Revenue": 40,
        "Gross Profit": 18,
        "Operating Income": 1,
        "EBIT": 4,
        "Net Income": -2
    },
    "2017-03-31": {
        "Diluted EPS": -0.03,
        "Total Revenue": 40,
        "Gross Profit": 18,
        "Operating Income": 2,
        "EBIT": 5,
        "Net Income": -1
    },
    "2016-12-31": {
        "Diluted EPS": -0.13,
        "Total Revenue": 38,
        "Gross Profit": 17,
        "Operating Income": 1,
        "EBIT": 3,
        "Net Income": -2
    },
    "2016-09-30": {
        "Diluted EPS": 0.01,
        "Total Revenue": 41,
        "Gross Profit": 18,
        "Operating Income": 3,
        "EBIT": 5,
        "Net Income": 0
    },
    "2016-06-30": {
        "Diluted EPS": -0.12,
        "Total Revenue": 35,
        "Gross Profit": 16,
        "Operating Income": 1,
        "EBIT": 3,
        "Net Income": -2
    },
    "2016-03-31": {
        "Diluted EPS": -0.02,
        "Total Revenue": 32,
        "Gross Profit": 15,
        "Operating Income": 2,
        "EBIT": 4,
        "Net Income": 0
    },
    "2015-12-31": {
        "Diluted EPS": -0.07,
        "Total Revenue": 30,
        "Gross Profit": 14,
        "Operating Income": 1,
        "EBIT": 3,
        "Net Income": -1
    },
    "2015-09-30": {
        "Diluted EPS": 0.11,
        "Total Revenue": 34,
        "Gross Profit": 15,
        "Operating Income": 3,
        "EBIT": 6,
        "Net Income": 2
    },
    "2015-06-30": {
        "Diluted EPS": -0.02,
        "Total Revenue": 31,
        "Gross Profit": 14,
        "Operating Income": 1,
        "EBIT": 3,
        "Net Income": 0
    },
    "2015-03-31": {
        "Diluted EPS": -0.09,
        "Total Revenue": 29,
        "Gross Profit": 13,
        "Operating Income": 0,
        "EBIT": 2,
        "Net Income": -2
    },
    "2014-12-31": {
        "Diluted EPS": -0.55,
        "Total Revenue": 27,
        "Gross Profit": 12,
        "Operating Income": -5,
        "EBIT": -1,
        "Net Income": -11
    },
    "2014-09-30": {
        "Diluted EPS": -0.04,
        "Total Revenue": 33,
        "Gross Profit": 16,
        "Operating Income": 3,
        "EBIT": 5,
        "Net Income": -1
    },
    "2014-06-30": {
        "Diluted EPS": -0.45,
        "Total Revenue": 31,
        "Gross Profit": 13,
        "Operating Income": -12,
        "EBIT": -9,
        "Net Income": -8
    },
    "2014-03-31": {
        "Diluted EPS": -0.06,
        "Total Revenue": 30,
        "Gross Profit": 14,
        "Operating Income": 0,
        "EBIT": 3,
        "Net Income": -1
    },
    "2013-12-31": {
        "Diluted EPS": -0.13,
        "Total Revenue": 31,
        "Gross Profit": 14,
        "Operating Income": -1,
        "EBIT": 6,
        "Net Income": -2
    },
    "2013-09-30": {
        "Diluted EPS": -0.11,
        "Total Revenue": 37,
        "Gross Profit": 18,
        "Operating Income": -1,
        "EBIT": 2,
        "Net Income": -2
    },
    "2013-06-30": {
        "Diluted EPS": 0.0,
        "Total Revenue": 37,
        "Gross Profit": 18,
        "Operating Income": 2,
        "EBIT": 5,
        "Net Income": 0
    },
    "2013-03-31": {
        "Diluted EPS": 0.03,
        "Total Revenue": 39,
        "Gross Profit": 19,
        "Operating Income": 3,
        "EBIT": 6,
        "Net Income": 1
    },
    "2012-12-31": {
        "Diluted EPS": -0.04,
        "Total Revenue": 37,
        "Gross Profit": 15,
        "Operating Income": -1,
        "EBIT": 2,
        "Net Income": -1
    },
    "2012-09-30": {
        "Diluted EPS": 0.11,
        "Total Revenue": 30,
        "Gross Profit": 14,
        "Operating Income": 3,
        "EBIT": 3,
        "Net Income": 2
    },
    "2012-06-30": {
        "Diluted EPS": 0.04,
        "Total Revenue": 28,
        "Gross Profit": 12,
        "Operating Income": 1,
        "EBIT": 1,
        "Net Income": 1
    },
    "2012-03-31": {
        "Diluted EPS": 1.38,
        "Total Revenue": 33,
        "Gross Profit": 17,
        "Operating Income": 46,
        "EBIT": 46,
        "Net Income": 26
    },
    "2011-12-31": {
        "Diluted EPS": 0.02,
        "Total Revenue": 33,
        "Gross Profit": 17,
        "Operating Income": 5,
        "EBIT": 5,
        "Net Income": 0
    },
    "2011-09-30": {
        "Diluted EPS": -0.06,
        "Total Revenue": 33,
        "Gross Profit": 17,
        "Operating Income": 2,
        "EBIT": 2,
        "Net Income": -1
    },
    "2011-06-30": {
        "Diluted EPS": 0.08,
        "Total Revenue": 31,
        "Gross Profit": 16,
        "Operating Income": 7,
        "EBIT": 7,
        "Net Income": 1
    },
    "2011-03-31": {
        "Diluted EPS": 0.09,
        "Total Revenue": 8,
        "Gross Profit": 7,
        "Operating Income": 6,
        "EBIT": 6,
        "Net Income": 2
    },
    "2010-12-31": {
        "Diluted EPS": 0.12,
        "Total Revenue": 8,
        "Gross Profit": 7,
        "Operating Income": 6,
        "EBIT": 6,
        "Net Income": 2
    },
    "2010-09-30": {
        "Diluted EPS": 0.12,
        "Total Revenue": 9,
        "Gross Profit": 7,
        "Operating Income": 7,
        "EBIT": 7,
        "Net Income": 2
    },
    "2010-06-30": {
        "Diluted EPS": 0.08,
        "Total Revenue": 8,
        "Gross Profit": 7,
        "Operating Income": 5,
        "EBIT": 5,
        "Net Income": 1
    },
    "2010-03-31": {
        "Diluted EPS": 0.11,
        "Total Revenue": 8,
        "Gross Profit": 7,
        "Operating Income": 6,
        "EBIT": 6,
        "Net Income": 2
    },
    "2009-12-31": {
        "Diluted EPS": 0.05,
        "Total Revenue": 6,
        "Gross Profit": 5,
        "Operating Income": 3,
        "EBIT": 3,
        "Net Income": 1
    },
    "2009-09-30": {
        "Diluted EPS": 0.17,
        "Total Revenue": 8,
        "Gross Profit": 7,
        "Operating Income": 4,
        "EBIT": 4,
        "Net Income": 3
    },
    "2009-06-30": {
        "Diluted EPS": 0.01,
        "Total Revenue": 2,
        "Gross Profit": 1,
        "Operating Income": 0,
        "EBIT": 0,
        "Net Income": 0
    },
    "2009-03-31": {
        "Diluted EPS": 0.03,
        "Total Revenue": 2,
        "Gross Profit": 1,
        "Operating Income": 1,
        "EBIT": 1,
        "Net Income": 1
    },
    "2023-06-30": {
        "Tax Effect Of Unusual Items": NaN,
        "Tax Rate For Calcs": NaN,
        "Normalized EBITDA": NaN,
        "Total Unusual Items": NaN,
        "Total Unusual Items Excluding Goodwill": NaN,
        "Net Income From Continuing Operation Net Minority Interest": NaN,
        "Reconciled Depreciation": NaN,
        "Reconciled Cost Of Revenue": NaN,
        "EBITDA": NaN,
        "EBIT": NaN,
        "Net Interest Income": NaN,
        "Interest Expense": NaN,
        "Interest Income": NaN,
        "Normalized Income": NaN,
        "Net Income From Continuing And Discontinued Operation": NaN,
        "Total Expenses": NaN,
        "Total Operating Income As Reported": NaN,
        "Diluted Average Shares": 34496000.0,
        "Basic Average Shares": 34496000.0,
        "Diluted EPS": -0.16,
        "Basic EPS": -0.16,
        "Diluted NI Availto Com Stockholders": NaN,
        "Net Income Common Stockholders": NaN,
        "Net Income": NaN,
        "Net Income Including Noncontrolling Interests": NaN,
        "Net Income Continuous Operations": NaN,
        "Tax Provision": NaN,
        "Pretax Income": NaN,
        "Other Income Expense": NaN,
        "Special Income Charges": NaN,
        "Gain On Sale Of Ppe": NaN,
        "Gain On Sale Of Business": NaN,
        "Other Special Charges": NaN,
        "Net Non Operating Interest Income Expense": NaN,
        "Total Other Finance Cost": NaN,
        "Interest Expense Non Operating": NaN,
        "Interest Income Non Operating": NaN,
        "Operating Income": NaN,
        "Operating Expense": NaN,
        "Other Operating Expenses": 1086000.0,
        "Depreciation Amortization Depletion Income Statement": NaN,
        "Depreciation And Amortization In Income Statement": NaN,
        "Research And Development": NaN,
        "Selling General And Administration": NaN,
        "Gross Profit": NaN,
        "Cost Of Revenue": NaN,
        "Total Revenue": NaN,
        "Operating Revenue": NaN
    },
    "2023-09-30": {
        "Tax Effect Of Unusual Items": -216090.0,
        "Tax Rate For Calcs": 0.21,
        "Normalized EBITDA": 19930000.0,
        "Total Unusual Items": -1029000.0,
        "Total Unusual Items Excluding Goodwill": -1029000.0,
        "Net Income From Continuing Operation Net Minority Interest": 4593000.0,
        "Reconciled Depreciation": 8468000.0,
        "Reconciled Cost Of Revenue": 29622000.0,
        "EBITDA": 18901000.0,
        "EBIT": 10433000.0,
        "Net Interest Income": -5867000.0,
        "Interest Expense": 5914000.0,
        "Interest Income": 798000.0,
        "Normalized Income": 5405910.0,
        "Net Income From Continuing And Discontinued Operation": 4593000.0,
        "Total Expenses": 60128000.0,
        "Total Operating Income As Reported": 10357000.0,
        "Diluted Average Shares": 36673000.0,
        "Basic Average Shares": 34583000.0,
        "Diluted EPS": 0.13,
        "Basic EPS": 0.13,
        "Diluted NI Availto Com Stockholders": 4593000.0,
        "Net Income Common Stockholders": 4593000.0,
        "Net Income": 4593000.0,
        "Net Income Including Noncontrolling Interests": 4593000.0,
        "Net Income Continuous Operations": 4593000.0,
        "Tax Provision": -74000.0,
        "Pretax Income": 4519000.0,
        "Other Income Expense": -1029000.0,
        "Special Income Charges": -1029000.0,
        "Gain On Sale Of Ppe": -7000.0,
        "Gain On Sale Of Business": 0.0,
        "Other Special Charges": 1022000.0,
        "Net Non Operating Interest Income Expense": -5867000.0,
        "Total Other Finance Cost": 751000.0,
        "Interest Expense Non Operating": 5914000.0,
        "Interest Income Non Operating": 798000.0,
        "Operating Income": 11415000.0,
        "Operating Expense": 30506000.0,
        "Other Operating Expenses": NaN,
        "Depreciation Amortization Depletion Income Statement": 8468000.0,
        "Depreciation And Amortization In Income Statement": 8468000.0,
        "Research And Development": 21000.0,
        "Selling General And Administration": 22017000.0,
        "Gross Profit": 41921000.0,
        "Cost Of Revenue": 29622000.0,
        "Total Revenue": 71543000.0,
        "Operating Revenue": 61886000.0
    },
    "2023-12-31": {
        "Tax Effect Of Unusual Items": -640710.0,
        "Tax Rate For Calcs": 0.21,
        "Normalized EBITDA": 6372000.0,
        "Total Unusual Items": -3051000.0,
        "Total Unusual Items Excluding Goodwill": -3051000.0,
        "Net Income From Continuing Operation Net Minority Interest": -12482000.0,
        "Reconciled Depreciation": 8610000.0,
        "Reconciled Cost Of Revenue": 29564000.0,
        "EBITDA": 3321000.0,
        "EBIT": -5289000.0,
        "Net Interest Income": -6658000.0,
        "Interest Expense": 6496000.0,
        "Interest Income": 589000.0,
        "Normalized Income": -10071710.0,
        "Net Income From Continuing And Discontinued Operation": -12482000.0,
        "Total Expenses": 62105000.0,
        "Total Operating Income As Reported": -5127000.0,
        "Diluted Average Shares": NaN,
        "Basic Average Shares": NaN,
        "Diluted EPS": NaN,
        "Basic EPS": NaN,
        "Diluted NI Availto Com Stockholders": -12482000.0,
        "Net Income Common Stockholders": -12482000.0,
        "Net Income": -12482000.0,
        "Net Income Including Noncontrolling Interests": -12482000.0,
        "Net Income Continuous Operations": -12482000.0,
        "Tax Provision": 697000.0,
        "Pretax Income": -11785000.0,
        "Other Income Expense": -3051000.0,
        "Special Income Charges": -3051000.0,
        "Gain On Sale Of Ppe": 0.0,
        "Gain On Sale Of Business": NaN,
        "Other Special Charges": 3051000.0,
        "Net Non Operating Interest Income Expense": -6658000.0,
        "Total Other Finance Cost": 751000.0,
        "Interest Expense Non Operating": 6496000.0,
        "Interest Income Non Operating": 589000.0,
        "Operating Income": -2076000.0,
        "Operating Expense": 32541000.0,
        "Other Operating Expenses": NaN,
        "Depreciation Amortization Depletion Income Statement": 8610000.0,
        "Depreciation And Amortization In Income Statement": 8610000.0,
        "Research And Development": 8000.0,
        "Selling General And Administration": 23923000.0,
        "Gross Profit": 30465000.0,
        "Cost Of Revenue": 29564000.0,
        "Total Revenue": 60029000.0,
        "Operating Revenue": 56284000.0
    },
    "2024-03-31": {
        "Tax Effect Of Unusual Items": -353010.0,
        "Tax Rate For Calcs": 0.21,
        "Normalized EBITDA": 11297000.0,
        "Total Unusual Items": -1681000.0,
        "Total Unusual Items Excluding Goodwill": -1681000.0,
        "Net Income From Continuing Operation Net Minority Interest": -11272000.0,
        "Reconciled Depreciation": 10625000.0,
        "Reconciled Cost Of Revenue": 33289000.0,
        "EBITDA": 9616000.0,
        "EBIT": -1009000.0,
        "Net Interest Income": -10250000.0,
        "Interest Expense": 9847000.0,
        "Interest Income": 340000.0,
        "Normalized Income": -9944010.0,
        "Net Income From Continuing And Discontinued Operation": -11272000.0,
        "Total Expenses": 68849000.0,
        "Total Operating Income As Reported": -606000.0,
        "Diluted Average Shares": 34590000.0,
        "Basic Average Shares": 34590000.0,
        "Diluted EPS": -0.33,
        "Basic EPS": -0.33,
        "Diluted NI Availto Com Stockholders": -11272000.0,
        "Net Income Common Stockholders": -11272000.0,
        "Net Income": -11272000.0,
        "Net Income Including Noncontrolling Interests": -11272000.0,
        "Net Income Continuous Operations": -11272000.0,
        "Tax Provision": 416000.0,
        "Pretax Income": -10856000.0,
        "Other Income Expense": -1681000.0,
        "Special Income Charges": -1681000.0,
        "Gain On Sale Of Ppe": -18000.0,
        "Gain On Sale Of Business": NaN,
        "Other Special Charges": 1663000.0,
        "Net Non Operating Interest Income Expense": -10250000.0,
        "Total Other Finance Cost": 743000.0,
        "Interest Expense Non Operating": 9847000.0,
        "Interest Income Non Operating": 340000.0,
        "Operating Income": 1075000.0,
        "Operating Expense": 35560000.0,
        "Other Operating Expenses": NaN,
        "Depreciation Amortization Depletion Income Statement": 10625000.0,
        "Depreciation And Amortization In Income Statement": 10625000.0,
        "Research And Development": 0.0,
        "Selling General And Administration": 24935000.0,
        "Gross Profit": 36635000.0,
        "Cost Of Revenue": 33289000.0,
        "Total Revenue": 69924000.0,
        "Operating Revenue": 64294000.0
    },
    "2024-06-30": {
        "Tax Effect Of Unusual Items": -6813.0,
        "Tax Rate For Calcs": 0.009,
        "Normalized EBITDA": 12842000.0,
        "Total Unusual Items": -757000.0,
        "Total Unusual Items Excluding Goodwill": -757000.0,
        "Net Income From Continuing Operation Net Minority Interest": -8629000.0,
        "Reconciled Depreciation": 10326000.0,
        "Reconciled Cost Of Revenue": 34806000.0,
        "EBITDA": 12085000.0,
        "EBIT": 1759000.0,
        "Net Interest Income": -11023000.0,
        "Interest Expense": 10467000.0,
        "Interest Income": 187000.0,
        "Normalized Income": -7878813.0,
        "Net Income From Continuing And Discontinued Operation": -8629000.0,
        "Total Expenses": 70420000.0,
        "Total Operating Income As Reported": 2315000.0,
        "Diluted Average Shares": 34710000.0,
        "Basic Average Shares": 34710000.0,
        "Diluted EPS": -0.25,
        "Basic EPS": -0.25,
        "Diluted NI Availto Com Stockholders": -8629000.0,
        "Net Income Common Stockholders": -8629000.0,
        "Net Income": -8629000.0,
        "Net Income Including Noncontrolling Interests": -8629000.0,
        "Net Income Continuous Operations": -8629000.0,
        "Tax Provision": -79000.0,
        "Pretax Income": -8708000.0,
        "Other Income Expense": -757000.0,
        "Special Income Charges": -757000.0,
        "Gain On Sale Of Ppe": 0.0,
        "Gain On Sale Of Business": NaN,
        "Other Special Charges": 757000.0,
        "Net Non Operating Interest Income Expense": -11023000.0,
        "Total Other Finance Cost": 743000.0,
        "Interest Expense Non Operating": 10467000.0,
        "Interest Income Non Operating": 187000.0,
        "Operating Income": 3072000.0,
        "Operating Expense": 35614000.0,
        "Other Operating Expenses": NaN,
        "Depreciation Amortization Depletion Income Statement": 10326000.0,
        "Depreciation And Amortization In Income Statement": 10326000.0,
        "Research And Development": 3000.0,
        "Selling General And Administration": 25285000.0,
        "Gross Profit": 38686000.0,
        "Cost Of Revenue": 34806000.0,
        "Total Revenue": 73492000.0,
        "Operating Revenue": 68830000.0
    },
    "2024-09-30": {
        "Tax Effect Of Unusual Items": 28693.649686,
        "Tax Rate For Calcs": 0.014655,
        "Normalized EBITDA": 10386000.0,
        "Total Unusual Items": 1958000.0,
        "Total Unusual Items Excluding Goodwill": 1958000.0,
        "Net Income From Continuing Operation Net Minority Interest": -8472000.0,
        "Reconciled Depreciation": 10493000.0,
        "Reconciled Cost Of Revenue": 37913000.0,
        "EBITDA": 12344000.0,
        "EBIT": 1851000.0,
        "Net Interest Income": -11047000.0,
        "Interest Expense": 10449000.0,
        "Interest Income": 153000.0,
        "Normalized Income": -10401306.350314,
        "Net Income From Continuing And Discontinued Operation": -8472000.0,
        "Total Expenses": 75196000.0,
        "Total Operating Income As Reported": 2449000.0,
        "Diluted Average Shares": 34944000.0,
        "Basic Average Shares": 34944000.0,
        "Diluted EPS": -0.24,
        "Basic EPS": -0.24,
        "Diluted NI Availto Com Stockholders": -8472000.0,
        "Net Income Common Stockholders": -8472000.0,
        "Net Income": -8472000.0,
        "Net Income Including Noncontrolling Interests": -8472000.0,
        "Net Income Continuous Operations": -8472000.0,
        "Tax Provision": -126000.0,
        "Pretax Income": -8598000.0,
        "Other Income Expense": 1958000.0,
        "Special Income Charges": 1958000.0,
        "Gain On Sale Of Ppe": 0.0,
        "Gain On Sale Of Business": 2000000.0,
        "Other Special Charges": 42000.0,
        "Net Non Operating Interest Income Expense": -11047000.0,
        "Total Other Finance Cost": 751000.0,
        "Interest Expense Non Operating": 10449000.0,
        "Interest Income Non Operating": 153000.0,
        "Operating Income": 491000.0,
        "Operating Expense": 37283000.0,
        "Other Operating Expenses": NaN,
        "Depreciation Amortization Depletion Income Statement": 10493000.0,
        "Depreciation And Amortization In Income Statement": 10493000.0,
        "Research And Development": 52000.0,
        "Selling General And Administration": 26738000.0,
        "Gross Profit": 37774000.0,
        "Cost Of Revenue": 37913000.0,
        "Total Revenue": 75687000.0,
        "Operating Revenue": 71909000.0
    }
}