{
    "2023-04-30": {
        "Tax Effect Of Unusual Items": NaN,
        "Tax Rate For Calcs": NaN,
        "Normalized EBITDA": NaN,
        "Total Unusual Items": NaN,
        "Total Unusual Items Excluding Goodwill": NaN,
        "Net Income From Continuing Operation Net Minority Interest": NaN,
        "Reconciled Depreciation": NaN,
        "Reconciled Cost Of Revenue": NaN,
        "EBITDA": NaN,
        "EBIT": NaN,
        "Net Interest Income": NaN,
        "Interest Expense": NaN,
        "Interest Income": NaN,
        "Normalized Income": NaN,
        "Net Income From Continuing And Discontinued Operation": NaN,
        "Total Expenses": NaN,
        "Total Operating Income As Reported": NaN,
        "Diluted Average Shares": NaN,
        "Basic Average Shares": NaN,
        "Diluted EPS": NaN,
        "Basic EPS": NaN,
        "Diluted NI Availto Com Stockholders": NaN,
        "Net Income Common Stockholders": NaN,
        "Net Income": NaN,
        "Net Income Including Noncontrolling Interests": NaN,
        "Net Income Continuous Operations": NaN,
        "Tax Provision": NaN,
        "Pretax Income": NaN,
        "Other Income Expense": NaN,
        "Other Non Operating Income Expenses": NaN,
        "Special Income Charges": NaN,
        "Gain On Sale Of Ppe": NaN,
        "Gain On Sale Of Business": NaN,
        "Other Special Charges": -83000.0,
        "Write Off": 0.0,
        "Restructuring And Mergern Acquisition": NaN,
        "Net Non Operating Interest Income Expense": NaN,
        "Interest Expense Non Operating": NaN,
        "Interest Income Non Operating": NaN,
        "Operating Income": NaN,
        "Operating Expense": NaN,
        "Depreciation Amortization Depletion Income Statement": NaN,
        "Depreciation And Amortization In Income Statement": NaN,
        "Selling General And Administration": NaN,
        "General And Administrative Expense": NaN,
        "Other Gand A": NaN,
        "Salaries And Wages": NaN,
        "Gross Profit": NaN,
        "Cost Of Revenue": NaN,
        "Total Revenue": NaN,
        "Operating Revenue": NaN
    },
    "2022-12-31": {
        "Tax Effect Of Unusual Items": NaN,
        "Tax Rate For Calcs": NaN,
        "Normalized EBITDA": NaN,
        "Total Unusual Items": NaN,
        "Total Unusual Items Excluding Goodwill": NaN,
        "Net Income From Continuing Operation Net Minority Interest": NaN,
        "Reconciled Depreciation": NaN,
        "Reconciled Cost Of Revenue": NaN,
        "EBITDA": NaN,
        "EBIT": NaN,
        "Net Interest Income": NaN,
        "Interest Expense": NaN,
        "Interest Income": NaN,
        "Normalized Income": NaN,
        "Net Income From Continuing And Discontinued Operation": NaN,
        "Total Expenses": NaN,
        "Total Operating Income As Reported": NaN,
        "Diluted Average Shares": NaN,
        "Basic Average Shares": NaN,
        "Diluted EPS": NaN,
        "Basic EPS": NaN,
        "Diluted NI Availto Com Stockholders": NaN,
        "Net Income Common Stockholders": NaN,
        "Net Income": NaN,
        "Net Income Including Noncontrolling Interests": NaN,
        "Net Income Continuous Operations": NaN,
        "Tax Provision": NaN,
        "Pretax Income": NaN,
        "Other Income Expense": NaN,
        "Special Income Charges": NaN,
        "Gain On Sale Of Ppe": 0.0,
        "Other Special Charges": -179000.0,
        "Write Off": NaN,
        "Restructuring And Mergern Acquisition": NaN,
        "Net Non Operating Interest Income Expense": NaN,
        "Interest Expense Non Operating": NaN,
        "Interest Income Non Operating": NaN,
        "Operating Income": NaN,
        "Operating Expense": NaN,
        "Depreciation Amortization Depletion Income Statement": NaN,
        "Depreciation And Amortization In Income Statement": NaN,
        "Selling General And Administration": NaN,
        "General And Administrative Expense": NaN,
        "Other Gand A": NaN,
        "Salaries And Wages": NaN,
        "Gross Profit": NaN,
        "Cost Of Revenue": NaN,
        "Total Revenue": NaN,
        "Operating Revenue": NaN
    },
    "2022-09-30": {
        "Tax Effect Of Unusual Items": NaN,
        "Tax Rate For Calcs": NaN,
        "Normalized EBITDA": NaN,
        "Total Unusual Items": NaN,
        "Total Unusual Items Excluding Goodwill": NaN,
        "Net Income From Continuing Operation Net Minority Interest": NaN,
        "Reconciled Depreciation": NaN,
        "Reconciled Cost Of Revenue": NaN,
        "EBITDA": NaN,
        "EBIT": NaN,
        "Net Interest Income": NaN,
        "Interest Expense": NaN,
        "Interest Income": NaN,
        "Normalized Income": NaN,
        "Net Income From Continuing And Discontinued Operation": NaN,
        "Total Expenses": NaN,
        "Total Operating Income As Reported": NaN,
        "Diluted Average Shares": NaN,
        "Basic Average Shares": NaN,
        "Diluted EPS": NaN,
        "Basic EPS": NaN,
        "Diluted NI Availto Com Stockholders": NaN,
        "Net Income Common Stockholders": NaN,
        "Net Income": NaN,
        "Net Income Including Noncontrolling Interests": NaN,
        "Net Income Continuous Operations": NaN,
        "Tax Provision": NaN,
        "Pretax Income": NaN,
        "Other Income Expense": NaN,
        "Special Income Charges": NaN,
        "Gain On Sale Of Ppe": NaN,
        "Other Special Charges": -178000.0,
        "Write Off": NaN,
        "Restructuring And Mergern Acquisition": NaN,
        "Net Non Operating Interest Income Expense": NaN,
        "Interest Expense Non Operating": NaN,
        "Interest Income Non Operating": NaN,
        "Operating Income": NaN,
        "Operating Expense": NaN,
        "Depreciation Amortization Depletion Income Statement": NaN,
        "Depreciation And Amortization In Income Statement": NaN,
        "Selling General And Administration": NaN,
        "General And Administrative Expense": NaN,
        "Other Gand A": NaN,
        "Salaries And Wages": NaN,
        "Gross Profit": NaN,
        "Cost Of Revenue": NaN,
        "Total Revenue": NaN,
        "Operating Revenue": NaN
    },
    "2022-06-30": {
        "Tax Effect Of Unusual Items": 42215.208401,
        "Tax Rate For Calcs": 0.237164,
        "Normalized EBITDA": 104617000.0,
        "Total Unusual Items": 178000.0,
        "Total Unusual Items Excluding Goodwill": 178000.0,
        "Net Income From Continuing Operation Net Minority Interest": 53680000.0,
        "Reconciled Depreciation": 32922000.0,
        "Reconciled Cost Of Revenue": 586084000.0,
        "EBITDA": 104795000.0,
        "EBIT": 71873000.0,
        "Net Interest Income": -1504000.0,
        "Interest Expense": 1504000.0,
        "Interest Income": 5075000.0,
        "Normalized Income": 53544215.208401,
        "Net Income From Continuing And Discontinued Operation": 53680000.0,
        "Total Expenses": 1057356000.0,
        "Total Operating Income As Reported": 71695000.0,
        "Diluted Average Shares": 213307000.0,
        "Basic Average Shares": 212186000.0,
        "Diluted EPS": 0.25,
        "Basic EPS": 0.25,
        "Diluted NI Availto Com Stockholders": 53680000.0,
        "Net Income Common Stockholders": 53680000.0,
        "Net Income": 53680000.0,
        "Net Income Including Noncontrolling Interests": 53680000.0,
        "Net Income Continuous Operations": 53680000.0,
        "Tax Provision": 16689000.0,
        "Pretax Income": 70369000.0,
        "Other Income Expense": 178000.0,
        "Other Non Operating Income Expenses": NaN,
        "Special Income Charges": 178000.0,
        "Other Special Charges": -178000.0,
        "Write Off": 0.0,
        "Restructuring And Mergern Acquisition": NaN,
        "Net Non Operating Interest Income Expense": -1504000.0,
        "Interest Expense Non Operating": 1504000.0,
        "Interest Income Non Operating": 5075000.0,
        "Operating Income": 71695000.0,
        "Operating Expense": 471272000.0,
        "Depreciation Amortization Depletion Income Statement": 32922000.0,
        "Depreciation And Amortization In Income Statement": 32922000.0,
        "Selling General And Administration": 438350000.0,
        "General And Administrative Expense": NaN,
        "Other Gand A": NaN,
        "Salaries And Wages": NaN,
        "Gross Profit": 542967000.0,
        "Cost Of Revenue": 586084000.0,
        "Total Revenue": 1129051000.0,
        "Operating Revenue": 1129051000.0
    },
    "2023-03-31": {
        "Tax Effect Of Unusual Items": NaN,
        "Tax Rate For Calcs": NaN,
        "Normalized EBITDA": NaN,
        "Total Unusual Items": NaN,
        "Total Unusual Items Excluding Goodwill": NaN,
        "Net Income From Continuing Operation Net Minority Interest": NaN,
        "Reconciled Depreciation": NaN,
        "Reconciled Cost Of Revenue": NaN,
        "EBITDA": NaN,
        "EBIT": NaN,
        "Net Interest Income": NaN,
        "Interest Expense": NaN,
        "Interest Income": NaN,
        "Normalized Income": NaN,
        "Net Income From Continuing And Discontinued Operation": NaN,
        "Total Expenses": NaN,
        "Total Operating Income As Reported": NaN,
        "Diluted Average Shares": NaN,
        "Basic Average Shares": NaN,
        "Diluted EPS": NaN,
        "Basic EPS": NaN,
        "Diluted NI Availto Com Stockholders": NaN,
        "Net Income Common Stockholders": NaN,
        "Net Income": NaN,
        "Net Income Including Noncontrolling Interests": NaN,
        "Net Income Continuous Operations": NaN,
        "Tax Provision": NaN,
        "Pretax Income": NaN,
        "Other Income Expense": NaN,
        "Other Non Operating Income Expenses": 83000.0,
        "Special Income Charges": NaN,
        "Gain On Sale Of Ppe": 0.0,
        "Gain On Sale Of Business": 0.0,
        "Other Special Charges": -83000.0,
        "Write Off": 0.0,
        "Restructuring And Mergern Acquisition": NaN,
        "Net Non Operating Interest Income Expense": NaN,
        "Interest Expense Non Operating": NaN,
        "Interest Income Non Operating": NaN,
        "Operating Income": NaN,
        "Operating Expense": NaN,
        "Depreciation Amortization Depletion Income Statement": NaN,
        "Depreciation And Amortization In Income Statement": NaN,
        "Selling General And Administration": NaN,
        "General And Administrative Expense": NaN,
        "Other Gand A": NaN,
        "Salaries And Wages": NaN,
        "Gross Profit": NaN,
        "Cost Of Revenue": NaN,
        "Total Revenue": NaN,
        "Operating Revenue": NaN
    },
    "2022-03-31": {
        "Diluted EPS": 0.4,
        "Total Revenue": NaN,
        "Gross Profit": 711,
        "Operating Income": 112,
        "EBIT": 156,
        "Net Income": 86
    },
    "2021-12-31": {
        "Diluted EPS": 0.18,
        "Total Revenue": 983,
        "Gross Profit": 471,
        "Operating Income": 54,
        "EBIT": 86,
        "Net Income": 39
    },
    "2021-09-30": {
        "Diluted EPS": 0.18,
        "Total Revenue": NaN,
        "Gross Profit": 513,
        "Operating Income": 52,
        "EBIT": 84,
        "Net Income": 39
    },
    "2021-06-30": {
        "Diluted EPS": 0.27,
        "Total Revenue": NaN,
        "Gross Profit": 513,
        "Operating Income": 74,
        "EBIT": 106,
        "Net Income": 56
    },
    "2021-03-31": {
        "Diluted EPS": 0.34,
        "Total Revenue": NaN,
        "Gross Profit": 659,
        "Operating Income": 115,
        "EBIT": 156,
        "Net Income": 72
    },
    "2020-12-31": {
        "Diluted EPS": 0.27,
        "Total Revenue": NaN,
        "Gross Profit": 501,
        "Operating Income": 77,
        "EBIT": 109,
        "Net Income": 56
    },
    "2020-09-30": {
        "Diluted EPS": 0.21,
        "Total Revenue": 990,
        "Gross Profit": 492,
        "Operating Income": 53,
        "EBIT": 85,
        "Net Income": 44
    },
    "2020-06-30": {
        "Diluted EPS": 0.27,
        "Total Revenue": NaN,
        "Gross Profit": 520,
        "Operating Income": 79,
        "EBIT": 112,
        "Net Income": 58
    },
    "2020-03-31": {
        "Diluted EPS": -0.03,
        "Total Revenue": NaN,
        "Gross Profit": 679,
        "Operating Income": 112,
        "EBIT": 157,
        "Net Income": -6
    },
    "2019-12-31": {
        "Diluted EPS": 0.02,
        "Total Revenue": 918,
        "Gross Profit": 432,
        "Operating Income": 4,
        "EBIT": 37,
        "Net Income": 2
    },
    "2019-09-30": {
        "Diluted EPS": 0.2,
        "Total Revenue": 967,
        "Gross Profit": 458,
        "Operating Income": 59,
        "EBIT": 92,
        "Net Income": 43
    },
    "2019-06-30": {
        "Diluted EPS": 0.25,
        "Total Revenue": 976,
        "Gross Profit": 467,
        "Operating Income": 72,
        "EBIT": 106,
        "Net Income": 53
    },
    "2019-03-31": {
        "Diluted EPS": 0.31,
        "Total Revenue": NaN,
        "Gross Profit": 612,
        "Operating Income": 91,
        "EBIT": 135,
        "Net Income": 66
    },
    "2018-12-31": {
        "Diluted EPS": 0.1,
        "Total Revenue": 881,
        "Gross Profit": 414,
        "Operating Income": 30,
        "EBIT": 62,
        "Net Income": 21
    },
    "2018-09-30": {
        "Diluted EPS": 0.19,
        "Total Revenue": 923,
        "Gross Profit": 438,
        "Operating Income": 53,
        "EBIT": 86,
        "Net Income": 40
    },
    "2018-06-30": {
        "Diluted EPS": 0.21,
        "Total Revenue": 941,
        "Gross Profit": 452,
        "Operating Income": 52,
        "EBIT": 87,
        "Net Income": 45
    },
    "2018-03-31": {
        "Diluted EPS": 0.24,
        "Total Revenue": NaN,
        "Gross Profit": 581,
        "Operating Income": 77,
        "EBIT": 121,
        "Net Income": 51
    },
    "2017-12-31": {
        "Diluted EPS": 0.37,
        "Total Revenue": 874,
        "Gross Profit": 417,
        "Operating Income": 46,
        "EBIT": 79,
        "Net Income": 79
    },
    "2017-09-30": {
        "Diluted EPS": -0.16,
        "Total Revenue": 933,
        "Gross Profit": 457,
        "Operating Income": -52,
        "EBIT": -19,
        "Net Income": -34
    },
    "2017-06-30": {
        "Diluted EPS": 0.21,
        "Total Revenue": 927,
        "Gross Profit": 458,
        "Operating Income": 69,
        "EBIT": 103,
        "Net Income": 45
    },
    "2017-03-31": {
        "Diluted EPS": 0.29,
        "Total Revenue": NaN,
        "Gross Profit": 580,
        "Operating Income": 98,
        "EBIT": 145,
        "Net Income": 60
    },
    "2016-12-31": {
        "Diluted EPS": 0.07,
        "Total Revenue": 869,
        "Gross Profit": 418,
        "Operating Income": 22,
        "EBIT": 54,
        "Net Income": 13
    },
    "2016-09-30": {
        "Diluted EPS": 0.19,
        "Total Revenue": 919,
        "Gross Profit": 442,
        "Operating Income": 66,
        "EBIT": 99,
        "Net Income": 40
    },
    "2016-06-30": {
        "Diluted EPS": 0.24,
        "Total Revenue": 935,
        "Gross Profit": 457,
        "Operating Income": 81,
        "EBIT": 114,
        "Net Income": 51
    },
    "2016-03-31": {
        "Diluted EPS": 0.28,
        "Total Revenue": NaN,
        "Gross Profit": 583,
        "Operating Income": 95,
        "EBIT": 139,
        "Net Income": 59
    },
    "2015-12-31": {
        "Diluted EPS": 0.15,
        "Total Revenue": 858,
        "Gross Profit": 402,
        "Operating Income": 52,
        "EBIT": 84,
        "Net Income": 32
    },
    "2015-09-30": {
        "Diluted EPS": 0.21,
        "Total Revenue": 885,
        "Gross Profit": 421,
        "Operating Income": 70,
        "EBIT": 99,
        "Net Income": 44
    },
    "2015-06-30": {
        "Diluted EPS": 0.24,
        "Total Revenue": 889,
        "Gross Profit": 432,
        "Operating Income": 80,
        "EBIT": 111,
        "Net Income": 52
    },
    "2015-03-31": {
        "Diluted EPS": 0.29,
        "Total Revenue": NaN,
        "Gross Profit": 560,
        "Operating Income": 97,
        "EBIT": 136,
        "Net Income": 61
    },
    "2014-12-31": {
        "Diluted EPS": 0.12,
        "Total Revenue": 877,
        "Gross Profit": 424,
        "Operating Income": 41,
        "EBIT": 72,
        "Net Income": 28
    },
    "2014-09-30": {
        "Diluted EPS": 0.21,
        "Total Revenue": 845,
        "Gross Profit": 402,
        "Operating Income": 70,
        "EBIT": 100,
        "Net Income": 45
    },
    "2014-06-30": {
        "Diluted EPS": 0.2,
        "Total Revenue": 873,
        "Gross Profit": 415,
        "Operating Income": 65,
        "EBIT": 95,
        "Net Income": 42
    },
    "2014-03-31": {
        "Diluted EPS": 0.29,
        "Total Revenue": NaN,
        "Gross Profit": 558,
        "Operating Income": 98,
        "EBIT": 137,
        "Net Income": 61
    },
    "2013-12-31": {
        "Diluted EPS": 0.18,
        "Total Revenue": 825,
        "Gross Profit": 378,
        "Operating Income": 57,
        "EBIT": 86,
        "Net Income": 39
    },
    "2013-09-30": {
        "Diluted EPS": 0.16,
        "Total Revenue": 878,
        "Gross Profit": 411,
        "Operating Income": 53,
        "EBIT": 83,
        "Net Income": 34
    },
    "2013-06-30": {
        "Diluted EPS": 0.22,
        "Total Revenue": 898,
        "Gross Profit": 427,
        "Operating Income": 75,
        "EBIT": 101,
        "Net Income": 46
    },
    "2013-03-31": {
        "Diluted EPS": 0.53,
        "Total Revenue": NaN,
        "Gross Profit": 546,
        "Operating Income": 150,
        "EBIT": 184,
        "Net Income": 112
    },
    "2012-12-31": {
        "Diluted EPS": 0.18,
        "Total Revenue": 734,
        "Gross Profit": 343,
        "Operating Income": 59,
        "EBIT": 85,
        "Net Income": 39
    },
    "2012-09-30": {
        "Diluted EPS": 0.15,
        "Total Revenue": 717,
        "Gross Profit": 335,
        "Operating Income": 53,
        "EBIT": 77,
        "Net Income": 31
    },
    "2012-06-30": {
        "Diluted EPS": 0.14,
        "Total Revenue": 682,
        "Gross Profit": 316,
        "Operating Income": 47,
        "EBIT": 70,
        "Net Income": 28
    },
    "2012-03-31": {
        "Diluted EPS": 0.19,
        "Total Revenue": 898,
        "Gross Profit": 419,
        "Operating Income": 59,
        "EBIT": 89,
        "Net Income": 38
    },
    "2011-12-31": {
        "Diluted EPS": 0.11,
        "Total Revenue": 654,
        "Gross Profit": 300,
        "Operating Income": 37,
        "EBIT": 60,
        "Net Income": 23
    },
    "2011-09-30": {
        "Diluted EPS": 0.15,
        "Total Revenue": 675,
        "Gross Profit": 310,
        "Operating Income": 48,
        "EBIT": 71,
        "Net Income": 31
    },
    "2011-06-30": {
        "Diluted EPS": 0.14,
        "Total Revenue": 643,
        "Gross Profit": 301,
        "Operating Income": 43,
        "EBIT": 64,
        "Net Income": 28
    },
    "2011-03-31": {
        "Diluted EPS": 0.2,
        "Total Revenue": 802,
        "Gross Profit": 390,
        "Operating Income": 62,
        "EBIT": 90,
        "Net Income": 41
    },
    "2010-12-31": {
        "Diluted EPS": 0.15,
        "Total Revenue": 573,
        "Gross Profit": 276,
        "Operating Income": 46,
        "EBIT": 66,
        "Net Income": 31
    },
    "2010-09-30": {
        "Diluted EPS": 0.15,
        "Total Revenue": 598,
        "Gross Profit": 282,
        "Operating Income": 47,
        "EBIT": 67,
        "Net Income": 31
    },
    "2010-06-30": {
        "Diluted EPS": 0.16,
        "Total Revenue": 608,
        "Gross Profit": 289,
        "Operating Income": 51,
        "EBIT": 71,
        "Net Income": 34
    },
    "2010-03-31": {
        "Diluted EPS": 0.2,
        "Total Revenue": 795,
        "Gross Profit": 380,
        "Operating Income": 62,
        "EBIT": 88,
        "Net Income": 41
    },
    "2009-12-31": {
        "Diluted EPS": 0.15,
        "Total Revenue": 577,
        "Gross Profit": 272,
        "Operating Income": 47,
        "EBIT": 66,
        "Net Income": 31
    },
    "2009-09-30": {
        "Diluted EPS": 0.15,
        "Total Revenue": 603,
        "Gross Profit": 280,
        "Operating Income": 51,
        "EBIT": 70,
        "Net Income": 32
    },
    "2009-06-30": {
        "Diluted EPS": 0.15,
        "Total Revenue": 614,
        "Gross Profit": 281,
        "Operating Income": 49,
        "EBIT": 68,
        "Net Income": 30
    },
    "2009-03-31": {
        "Diluted EPS": 0.18,
        "Total Revenue": 807,
        "Gross Profit": 378,
        "Operating Income": 59,
        "EBIT": 84,
        "Net Income": 37
    },
    "2023-06-30": {
        "Tax Effect Of Unusual Items": NaN,
        "Tax Rate For Calcs": NaN,
        "Normalized EBITDA": NaN,
        "Total Unusual Items": NaN,
        "Total Unusual Items Excluding Goodwill": NaN,
        "Net Income From Continuing Operation Net Minority Interest": NaN,
        "Reconciled Depreciation": NaN,
        "Reconciled Cost Of Revenue": NaN,
        "EBITDA": NaN,
        "EBIT": NaN,
        "Net Interest Income": NaN,
        "Interest Expense": NaN,
        "Interest Income": NaN,
        "Normalized Income": NaN,
        "Net Income From Continuing And Discontinued Operation": NaN,
        "Total Expenses": NaN,
        "Total Operating Income As Reported": NaN,
        "Diluted Average Shares": NaN,
        "Basic Average Shares": NaN,
        "Diluted EPS": NaN,
        "Basic EPS": NaN,
        "Diluted NI Availto Com Stockholders": NaN,
        "Net Income Common Stockholders": NaN,
        "Net Income": NaN,
        "Net Income Including Noncontrolling Interests": NaN,
        "Net Income Continuous Operations": NaN,
        "Tax Provision": NaN,
        "Pretax Income": NaN,
        "Other Income Expense": NaN,
        "Other Non Operating Income Expenses": 62000.0,
        "Special Income Charges": NaN,
        "Gain On Sale Of Ppe": 0.0,
        "Gain On Sale Of Business": 0.0,
        "Other Special Charges": NaN,
        "Write Off": 0.0,
        "Restructuring And Mergern Acquisition": NaN,
        "Net Non Operating Interest Income Expense": NaN,
        "Interest Expense Non Operating": NaN,
        "Interest Income Non Operating": NaN,
        "Operating Income": NaN,
        "Operating Expense": NaN,
        "Depreciation Amortization Depletion Income Statement": NaN,
        "Depreciation And Amortization In Income Statement": NaN,
        "Selling General And Administration": NaN,
        "General And Administrative Expense": NaN,
        "Other Gand A": NaN,
        "Salaries And Wages": -62000.0,
        "Gross Profit": NaN,
        "Cost Of Revenue": NaN,
        "Total Revenue": NaN,
        "Operating Revenue": NaN
    },
    "2023-09-30": {
        "Tax Effect Of Unusual Items": -317483.782802,
        "Tax Rate For Calcs": 0.261734,
        "Normalized EBITDA": -17558000.0,
        "Total Unusual Items": -1213000.0,
        "Total Unusual Items Excluding Goodwill": -1213000.0,
        "Net Income From Continuing Operation Net Minority Interest": -46730000.0,
        "Reconciled Depreciation": 35974000.0,
        "Reconciled Cost Of Revenue": 617468000.0,
        "EBITDA": -18771000.0,
        "EBIT": -54745000.0,
        "Net Interest Income": -4010000.0,
        "Interest Expense": 8552000.0,
        "Interest Income": 4542000.0,
        "Normalized Income": -45834483.782802,
        "Net Income From Continuing And Discontinued Operation": -46730000.0,
        "Total Expenses": 1257396000.0,
        "Total Operating Income As Reported": -59349000.0,
        "Diluted Average Shares": 211522000.0,
        "Basic Average Shares": 211522000.0,
        "Diluted EPS": -0.22,
        "Basic EPS": -0.22,
        "Diluted NI Availto Com Stockholders": -46730000.0,
        "Net Income Common Stockholders": -46730000.0,
        "Net Income": -46730000.0,
        "Net Income Including Noncontrolling Interests": -46730000.0,
        "Net Income Continuous Operations": -46730000.0,
        "Tax Provision": -16567000.0,
        "Pretax Income": -63297000.0,
        "Other Income Expense": -1151000.0,
        "Other Non Operating Income Expenses": 62000.0,
        "Special Income Charges": -1213000.0,
        "Gain On Sale Of Ppe": -1034000.0,
        "Gain On Sale Of Business": -1034000.0,
        "Other Special Charges": NaN,
        "Write Off": NaN,
        "Restructuring And Mergern Acquisition": 179000.0,
        "Net Non Operating Interest Income Expense": -4010000.0,
        "Interest Expense Non Operating": 8552000.0,
        "Interest Income Non Operating": 4542000.0,
        "Operating Income": -58136000.0,
        "Operating Expense": 639928000.0,
        "Depreciation Amortization Depletion Income Statement": 35974000.0,
        "Depreciation And Amortization In Income Statement": 35974000.0,
        "Selling General And Administration": 603954000.0,
        "General And Administrative Expense": 603954000.0,
        "Other Gand A": 603954000.0,
        "Salaries And Wages": -62000.0,
        "Gross Profit": 581792000.0,
        "Cost Of Revenue": 617468000.0,
        "Total Revenue": 1199260000.0,
        "Operating Revenue": 1199260000.0
    },
    "2023-12-31": {
        "Tax Effect Of Unusual Items": -1464665.972132,
        "Tax Rate For Calcs": 0.22568,
        "Normalized EBITDA": 97791000.0,
        "Total Unusual Items": -6490000.0,
        "Total Unusual Items Excluding Goodwill": -6490000.0,
        "Net Income From Continuing Operation Net Minority Interest": 35676000.0,
        "Reconciled Depreciation": 37016000.0,
        "Reconciled Cost Of Revenue": 587719000.0,
        "EBITDA": 91301000.0,
        "EBIT": 54285000.0,
        "Net Interest Income": -3885000.0,
        "Interest Expense": 8211000.0,
        "Interest Income": 4326000.0,
        "Normalized Income": 40701334.027868,
        "Net Income From Continuing And Discontinued Operation": 35676000.0,
        "Total Expenses": 1072847000.0,
        "Total Operating Income As Reported": 49897000.0,
        "Diluted Average Shares": 212309000.0,
        "Basic Average Shares": 210420226.0,
        "Diluted EPS": 0.169546,
        "Basic EPS": 0.169546,
        "Diluted NI Availto Com Stockholders": 35676000.0,
        "Net Income Common Stockholders": 35676000.0,
        "Net Income": 35676000.0,
        "Net Income Including Noncontrolling Interests": 35676000.0,
        "Net Income Continuous Operations": 35676000.0,
        "Tax Provision": 10398000.0,
        "Pretax Income": 46074000.0,
        "Other Income Expense": -6221000.0,
        "Other Non Operating Income Expenses": NaN,
        "Special Income Charges": -6490000.0,
        "Gain On Sale Of Ppe": -6264000.0,
        "Gain On Sale Of Business": -6264000.0,
        "Other Special Charges": NaN,
        "Write Off": NaN,
        "Restructuring And Mergern Acquisition": 226000.0,
        "Net Non Operating Interest Income Expense": -3885000.0,
        "Interest Expense Non Operating": 8211000.0,
        "Interest Income Non Operating": 4326000.0,
        "Operating Income": 56180000.0,
        "Operating Expense": 485128000.0,
        "Depreciation Amortization Depletion Income Statement": 37016000.0,
        "Depreciation And Amortization In Income Statement": 37016000.0,
        "Selling General And Administration": 448112000.0,
        "General And Administrative Expense": 448112000.0,
        "Other Gand A": 447905000.0,
        "Salaries And Wages": -62000.0,
        "Gross Profit": 541308000.0,
        "Cost Of Revenue": 587719000.0,
        "Total Revenue": 1129027000.0,
        "Operating Revenue": 1129027000.0
    },
    "2024-03-31": {
        "Tax Effect Of Unusual Items": -1103520.0,
        "Tax Rate For Calcs": 0.24,
        "Normalized EBITDA": 160229000.0,
        "Total Unusual Items": -4598000.0,
        "Total Unusual Items Excluding Goodwill": -4598000.0,
        "Net Income From Continuing Operation Net Minority Interest": 73043000.0,
        "Reconciled Depreciation": 48235000.0,
        "Reconciled Cost Of Revenue": 797186000.0,
        "EBITDA": 155631000.0,
        "EBIT": 107396000.0,
        "Net Interest Income": -5611000.0,
        "Interest Expense": 11301000.0,
        "Interest Income": 5690000.0,
        "Normalized Income": 76537480.0,
        "Net Income From Continuing And Discontinued Operation": 73043000.0,
        "Total Expenses": 1470514000.0,
        "Total Operating Income As Reported": 101548000.0,
        "Diluted Average Shares": 212114000.0,
        "Basic Average Shares": 211078000.0,
        "Diluted EPS": 0.34,
        "Basic EPS": 0.35,
        "Diluted NI Availto Com Stockholders": 73043000.0,
        "Net Income Common Stockholders": 73043000.0,
        "Net Income": 73043000.0,
        "Net Income Including Noncontrolling Interests": 73043000.0,
        "Net Income Continuous Operations": 73043000.0,
        "Tax Provision": 23052000.0,
        "Pretax Income": 96095000.0,
        "Other Income Expense": -4598000.0,
        "Other Non Operating Income Expenses": NaN,
        "Special Income Charges": -4598000.0,
        "Gain On Sale Of Ppe": NaN,
        "Gain On Sale Of Business": NaN,
        "Other Special Charges": NaN,
        "Write Off": 4000000.0,
        "Restructuring And Mergern Acquisition": 598000.0,
        "Net Non Operating Interest Income Expense": -5611000.0,
        "Interest Expense Non Operating": 11301000.0,
        "Interest Income Non Operating": 5690000.0,
        "Operating Income": 106304000.0,
        "Operating Expense": 673328000.0,
        "Depreciation Amortization Depletion Income Statement": 48235000.0,
        "Depreciation And Amortization In Income Statement": 48235000.0,
        "Selling General And Administration": 625093000.0,
        "General And Administrative Expense": 625093000.0,
        "Other Gand A": 625251000.0,
        "Salaries And Wages": -158000.0,
        "Gross Profit": 779632000.0,
        "Cost Of Revenue": 797186000.0,
        "Total Revenue": 1576818000.0,
        "Operating Revenue": 1576818000.0
    },
    "2024-06-30": {
        "Tax Effect Of Unusual Items": -2119138.0,
        "Tax Rate For Calcs": 0.259,
        "Normalized EBITDA": 144409000.0,
        "Total Unusual Items": -8182000.0,
        "Total Unusual Items Excluding Goodwill": -8182000.0,
        "Net Income From Continuing Operation Net Minority Interest": 66967000.0,
        "Reconciled Depreciation": 36827000.0,
        "Reconciled Cost Of Revenue": 613362000.0,
        "EBITDA": 136227000.0,
        "EBIT": 99400000.0,
        "Net Interest Income": -4908000.0,
        "Interest Expense": 8978000.0,
        "Interest Income": 4070000.0,
        "Normalized Income": 73029862.0,
        "Net Income From Continuing And Discontinued Operation": 66967000.0,
        "Total Expenses": 1121471000.0,
        "Total Operating Income As Reported": 95212000.0,
        "Diluted Average Shares": 212315000.0,
        "Basic Average Shares": 211356000.0,
        "Diluted EPS": 0.32,
        "Basic EPS": 0.32,
        "Diluted NI Availto Com Stockholders": 66967000.0,
        "Net Income Common Stockholders": 66967000.0,
        "Net Income": 66967000.0,
        "Net Income Including Noncontrolling Interests": 66967000.0,
        "Net Income Continuous Operations": 66967000.0,
        "Tax Provision": 23455000.0,
        "Pretax Income": 90422000.0,
        "Other Income Expense": -8182000.0,
        "Other Non Operating Income Expenses": NaN,
        "Special Income Charges": -8182000.0,
        "Gain On Sale Of Ppe": NaN,
        "Gain On Sale Of Business": NaN,
        "Other Special Charges": NaN,
        "Write Off": 1377000.0,
        "Restructuring And Mergern Acquisition": 6805000.0,
        "Net Non Operating Interest Income Expense": -4908000.0,
        "Interest Expense Non Operating": 8978000.0,
        "Interest Income Non Operating": 4070000.0,
        "Operating Income": 103512000.0,
        "Operating Expense": 508109000.0,
        "Depreciation Amortization Depletion Income Statement": 36827000.0,
        "Depreciation And Amortization In Income Statement": 36827000.0,
        "Selling General And Administration": 471282000.0,
        "General And Administrative Expense": 471282000.0,
        "Other Gand A": 471400000.0,
        "Salaries And Wages": -118000.0,
        "Gross Profit": 611621000.0,
        "Cost Of Revenue": 613362000.0,
        "Total Revenue": 1224983000.0,
        "Operating Revenue": 1224983000.0
    },
    "2024-09-30": {
        "Tax Effect Of Unusual Items": -1076507.109448,
        "Tax Rate For Calcs": 0.240131,
        "Normalized EBITDA": 136022000.0,
        "Total Unusual Items": -4483000.0,
        "Total Unusual Items Excluding Goodwill": -4483000.0,
        "Net Income From Continuing Operation Net Minority Interest": 64984000.0,
        "Reconciled Depreciation": 37331000.0,
        "Reconciled Cost Of Revenue": 598209000.0,
        "EBITDA": 131539000.0,
        "EBIT": 94208000.0,
        "Net Interest Income": -4778000.0,
        "Interest Expense": 8688000.0,
        "Interest Income": 3910000.0,
        "Normalized Income": 68390492.890552,
        "Net Income From Continuing And Discontinued Operation": 64984000.0,
        "Total Expenses": 1095899000.0,
        "Total Operating Income As Reported": 90179000.0,
        "Diluted Average Shares": 211975000.0,
        "Basic Average Shares": 210820000.0,
        "Diluted EPS": 0.31,
        "Basic EPS": 0.31,
        "Diluted NI Availto Com Stockholders": 64984000.0,
        "Net Income Common Stockholders": 64984000.0,
        "Net Income": 64984000.0,
        "Net Income Including Noncontrolling Interests": 64984000.0,
        "Net Income Continuous Operations": 64984000.0,
        "Tax Provision": 20536000.0,
        "Pretax Income": 85520000.0,
        "Other Income Expense": -4364000.0,
        "Other Non Operating Income Expenses": 119000.0,
        "Special Income Charges": -4483000.0,
        "Gain On Sale Of Ppe": NaN,
        "Gain On Sale Of Business": -4483000.0,
        "Other Special Charges": NaN,
        "Write Off": NaN,
        "Restructuring And Mergern Acquisition": 0.0,
        "Net Non Operating Interest Income Expense": -4778000.0,
        "Interest Expense Non Operating": 8688000.0,
        "Interest Income Non Operating": 3910000.0,
        "Operating Income": 94662000.0,
        "Operating Expense": 497690000.0,
        "Depreciation Amortization Depletion Income Statement": 37331000.0,
        "Depreciation And Amortization In Income Statement": 37331000.0,
        "Selling General And Administration": 460359000.0,
        "General And Administrative Expense": 460359000.0,
        "Other Gand A": 460359000.0,
        "Salaries And Wages": NaN,
        "Gross Profit": 592352000.0,
        "Cost Of Revenue": 598209000.0,
        "Total Revenue": 1190561000.0,
        "Operating Revenue": 1190561000.0
    }
}