{
    "2023-03-31": {
        "Tax Effect Of Unusual Items": NaN,
        "Tax Rate For Calcs": NaN,
        "Normalized EBITDA": NaN,
        "Total Unusual Items": NaN,
        "Total Unusual Items Excluding Goodwill": NaN,
        "Net Income From Continuing Operation Net Minority Interest": NaN,
        "Reconciled Depreciation": NaN,
        "Reconciled Cost Of Revenue": NaN,
        "EBITDA": NaN,
        "EBIT": NaN,
        "Net Interest Income": NaN,
        "Interest Expense": NaN,
        "Interest Income": NaN,
        "Normalized Income": NaN,
        "Net Income From Continuing And Discontinued Operation": NaN,
        "Total Expenses": NaN,
        "Total Operating Income As Reported": NaN,
        "Diluted Average Shares": 131754000.0,
        "Basic Average Shares": 130930000.0,
        "Diluted EPS": 0.2,
        "Basic EPS": 0.2,
        "Diluted NI Availto Com Stockholders": NaN,
        "Net Income Common Stockholders": NaN,
        "Otherunder Preferred Stock Dividend": NaN,
        "Net Income": NaN,
        "Minority Interests": NaN,
        "Net Income Including Noncontrolling Interests": NaN,
        "Net Income Continuous Operations": NaN,
        "Tax Provision": NaN,
        "Pretax Income": NaN,
        "Other Income Expense": NaN,
        "Other Non Operating Income Expenses": NaN,
        "Special Income Charges": NaN,
        "Gain On Sale Of Business": NaN,
        "Earnings From Equity Interest": NaN,
        "Net Non Operating Interest Income Expense": NaN,
        "Interest Expense Non Operating": NaN,
        "Interest Income Non Operating": NaN,
        "Operating Income": NaN,
        "Operating Expense": NaN,
        "Selling General And Administration": NaN,
        "Gross Profit": NaN,
        "Cost Of Revenue": NaN,
        "Total Revenue": NaN,
        "Operating Revenue": NaN
    },
    "2022-12-31": {
        "Tax Effect Of Unusual Items": NaN,
        "Tax Rate For Calcs": NaN,
        "Normalized EBITDA": NaN,
        "Total Unusual Items": 0.0,
        "Total Unusual Items Excluding Goodwill": 0.0,
        "Net Income From Continuing Operation Net Minority Interest": NaN,
        "Reconciled Depreciation": NaN,
        "Reconciled Cost Of Revenue": NaN,
        "EBITDA": NaN,
        "EBIT": NaN,
        "Net Interest Income": NaN,
        "Interest Expense": NaN,
        "Interest Income": NaN,
        "Normalized Income": NaN,
        "Net Income From Continuing And Discontinued Operation": NaN,
        "Total Expenses": NaN,
        "Total Operating Income As Reported": NaN,
        "Diluted Average Shares": NaN,
        "Basic Average Shares": NaN,
        "Diluted EPS": NaN,
        "Basic EPS": NaN,
        "Diluted NI Availto Com Stockholders": NaN,
        "Net Income Common Stockholders": NaN,
        "Otherunder Preferred Stock Dividend": NaN,
        "Net Income": NaN,
        "Minority Interests": NaN,
        "Net Income Including Noncontrolling Interests": NaN,
        "Net Income Continuous Operations": NaN,
        "Tax Provision": NaN,
        "Pretax Income": NaN,
        "Other Income Expense": NaN,
        "Other Non Operating Income Expenses": NaN,
        "Special Income Charges": 0.0,
        "Gain On Sale Of Business": 0.0,
        "Earnings From Equity Interest": NaN,
        "Net Non Operating Interest Income Expense": NaN,
        "Interest Expense Non Operating": NaN,
        "Interest Income Non Operating": NaN,
        "Operating Income": NaN,
        "Operating Expense": NaN,
        "Selling General And Administration": NaN,
        "Gross Profit": NaN,
        "Cost Of Revenue": NaN,
        "Total Revenue": NaN,
        "Operating Revenue": NaN
    },
    "2022-09-30": {
        "Tax Effect Of Unusual Items": NaN,
        "Tax Rate For Calcs": NaN,
        "Normalized EBITDA": NaN,
        "Total Unusual Items": 0.0,
        "Total Unusual Items Excluding Goodwill": 0.0,
        "Net Income From Continuing Operation Net Minority Interest": NaN,
        "Reconciled Depreciation": NaN,
        "Reconciled Cost Of Revenue": NaN,
        "EBITDA": NaN,
        "EBIT": NaN,
        "Net Interest Income": NaN,
        "Interest Expense": NaN,
        "Interest Income": NaN,
        "Normalized Income": NaN,
        "Net Income From Continuing And Discontinued Operation": NaN,
        "Total Expenses": NaN,
        "Total Operating Income As Reported": NaN,
        "Diluted Average Shares": NaN,
        "Basic Average Shares": NaN,
        "Diluted EPS": NaN,
        "Basic EPS": NaN,
        "Diluted NI Availto Com Stockholders": NaN,
        "Net Income Common Stockholders": NaN,
        "Otherunder Preferred Stock Dividend": 0.0,
        "Net Income": NaN,
        "Minority Interests": NaN,
        "Net Income Including Noncontrolling Interests": NaN,
        "Net Income Continuous Operations": NaN,
        "Tax Provision": NaN,
        "Pretax Income": NaN,
        "Other Income Expense": NaN,
        "Other Non Operating Income Expenses": NaN,
        "Special Income Charges": 0.0,
        "Gain On Sale Of Business": NaN,
        "Earnings From Equity Interest": NaN,
        "Net Non Operating Interest Income Expense": NaN,
        "Interest Expense Non Operating": NaN,
        "Interest Income Non Operating": NaN,
        "Operating Income": NaN,
        "Operating Expense": NaN,
        "Selling General And Administration": NaN,
        "Gross Profit": NaN,
        "Cost Of Revenue": NaN,
        "Total Revenue": NaN,
        "Operating Revenue": NaN
    },
    "2022-06-30": {
        "Tax Effect Of Unusual Items": 0.0,
        "Tax Rate For Calcs": 0.201,
        "Normalized EBITDA": 92013000.0,
        "Total Unusual Items": 0.0,
        "Total Unusual Items Excluding Goodwill": 0.0,
        "Net Income From Continuing Operation Net Minority Interest": 44777000.0,
        "Reconciled Depreciation": 23238000.0,
        "Reconciled Cost Of Revenue": 632393000.0,
        "EBITDA": 92013000.0,
        "EBIT": 68775000.0,
        "Net Interest Income": -10208000.0,
        "Interest Expense": 11062000.0,
        "Interest Income": 854000.0,
        "Normalized Income": 44777000.0,
        "Net Income From Continuing And Discontinued Operation": 44777000.0,
        "Total Expenses": 826999000.0,
        "Total Operating Income As Reported": 60332000.0,
        "Diluted Average Shares": 131245000.0,
        "Basic Average Shares": 130666000.0,
        "Diluted EPS": 0.34,
        "Basic EPS": 0.34,
        "Diluted NI Availto Com Stockholders": 44777000.0,
        "Net Income Common Stockholders": 44777000.0,
        "Otherunder Preferred Stock Dividend": 0.0,
        "Net Income": 44777000.0,
        "Minority Interests": -1318000.0,
        "Net Income Including Noncontrolling Interests": 46095000.0,
        "Net Income Continuous Operations": 46095000.0,
        "Tax Provision": 11618000.0,
        "Pretax Income": 57713000.0,
        "Other Income Expense": 12698000.0,
        "Other Non Operating Income Expenses": 7589000.0,
        "Special Income Charges": 0.0,
        "Gain On Sale Of Business": 0.0,
        "Earnings From Equity Interest": 5109000.0,
        "Net Non Operating Interest Income Expense": -10208000.0,
        "Interest Expense Non Operating": 11062000.0,
        "Interest Income Non Operating": 854000.0,
        "Operating Income": 55223000.0,
        "Operating Expense": 194606000.0,
        "Selling General And Administration": 194606000.0,
        "Gross Profit": 249829000.0,
        "Cost Of Revenue": 632393000.0,
        "Total Revenue": 882222000.0,
        "Operating Revenue": 882222000.0
    },
    "2023-06-30": {
        "Tax Effect Of Unusual Items": 0.0,
        "Tax Rate For Calcs": 0.279,
        "Normalized EBITDA": 114031000.0,
        "Total Unusual Items": 0.0,
        "Total Unusual Items Excluding Goodwill": 0.0,
        "Net Income From Continuing Operation Net Minority Interest": 51203000.0,
        "Reconciled Depreciation": 21019000.0,
        "Reconciled Cost Of Revenue": 757616000.0,
        "EBITDA": 114031000.0,
        "EBIT": 93012000.0,
        "Net Interest Income": -14647000.0,
        "Interest Expense": 16554000.0,
        "Interest Income": 1907000.0,
        "Normalized Income": 51203000.0,
        "Net Income From Continuing And Discontinued Operation": 51203000.0,
        "Total Expenses": 987698000.0,
        "Total Operating Income As Reported": 96648000.0,
        "Diluted Average Shares": 131810000.0,
        "Basic Average Shares": 131171000.0,
        "Diluted EPS": 0.39,
        "Basic EPS": 0.39,
        "Diluted NI Availto Com Stockholders": 51203000.0,
        "Net Income Common Stockholders": 51203000.0,
        "Otherunder Preferred Stock Dividend": 0.0,
        "Net Income": 51203000.0,
        "Minority Interests": -3951000.0,
        "Net Income Including Noncontrolling Interests": 55154000.0,
        "Net Income Continuous Operations": 55154000.0,
        "Tax Provision": 21304000.0,
        "Pretax Income": 76458000.0,
        "Other Income Expense": -1573000.0,
        "Other Non Operating Income Expenses": -5543000.0,
        "Special Income Charges": 0.0,
        "Gain On Sale Of Business": 0.0,
        "Earnings From Equity Interest": 3970000.0,
        "Net Non Operating Interest Income Expense": -14647000.0,
        "Interest Expense Non Operating": 16554000.0,
        "Interest Income Non Operating": 1907000.0,
        "Operating Income": 92678000.0,
        "Operating Expense": 230082000.0,
        "Selling General And Administration": 230082000.0,
        "Gross Profit": 322760000.0,
        "Cost Of Revenue": 757616000.0,
        "Total Revenue": 1080376000.0,
        "Operating Revenue": 1080376000.0
    },
    "2022-03-31": {
        "Diluted EPS": -0.12,
        "Total Revenue": 821,
        "Gross Profit": 210,
        "Operating Income": 7,
        "EBIT": 35,
        "Net Income": -16
    },
    "2021-12-31": {
        "Diluted EPS": 0.12,
        "Total Revenue": 919,
        "Gross Profit": 267,
        "Operating Income": 85,
        "EBIT": 113,
        "Net Income": 17
    },
    "2021-09-30": {
        "Diluted EPS": 0.38,
        "Total Revenue": 866,
        "Gross Profit": 253,
        "Operating Income": 57,
        "EBIT": 87,
        "Net Income": 50
    },
    "2021-06-30": {
        "Diluted EPS": 0.35,
        "Total Revenue": 898,
        "Gross Profit": 278,
        "Operating Income": 72,
        "EBIT": 102,
        "Net Income": 45
    },
    "2021-03-31": {
        "Diluted EPS": 0.11,
        "Total Revenue": 857,
        "Gross Profit": 251,
        "Operating Income": 56,
        "EBIT": 85,
        "Net Income": 14
    },
    "2020-12-31": {
        "Diluted EPS": 0.43,
        "Total Revenue": 985,
        "Gross Profit": 295,
        "Operating Income": 95,
        "EBIT": 126,
        "Net Income": 56
    },
    "2020-09-30": {
        "Diluted EPS": 0.43,
        "Total Revenue": 924,
        "Gross Profit": 285,
        "Operating Income": 87,
        "EBIT": 115,
        "Net Income": 56
    },
    "2020-06-30": {
        "Diluted EPS": 0.05,
        "Total Revenue": 925,
        "Gross Profit": 270,
        "Operating Income": 43,
        "EBIT": 71,
        "Net Income": 6
    },
    "2020-03-31": {
        "Diluted EPS": 0.09,
        "Total Revenue": 894,
        "Gross Profit": 266,
        "Operating Income": 24,
        "EBIT": 51,
        "Net Income": 12
    },
    "2019-12-31": {
        "Diluted EPS": 0.48,
        "Total Revenue": NaN,
        "Gross Profit": 344,
        "Operating Income": 93,
        "EBIT": 122,
        "Net Income": 64
    },
    "2019-09-30": {
        "Diluted EPS": 0.45,
        "Total Revenue": 996,
        "Gross Profit": 333,
        "Operating Income": 105,
        "EBIT": 131,
        "Net Income": 60
    },
    "2019-06-30": {
        "Diluted EPS": 0.44,
        "Total Revenue": 990,
        "Gross Profit": 318,
        "Operating Income": 98,
        "EBIT": 129,
        "Net Income": 58
    },
    "2019-03-31": {
        "Diluted EPS": 0.44,
        "Total Revenue": 890,
        "Gross Profit": 294,
        "Operating Income": 91,
        "EBIT": 121,
        "Net Income": 57
    },
    "2018-12-31": {
        "Diluted EPS": 0.37,
        "Total Revenue": 990,
        "Gross Profit": 325,
        "Operating Income": 73,
        "EBIT": 104,
        "Net Income": 48
    },
    "2018-09-30": {
        "Diluted EPS": 0.21,
        "Total Revenue": 953,
        "Gross Profit": 309,
        "Operating Income": 62,
        "EBIT": 93,
        "Net Income": 28
    },
    "2018-06-30": {
        "Diluted EPS": 0.1,
        "Total Revenue": 973,
        "Gross Profit": 286,
        "Operating Income": 47,
        "EBIT": 77,
        "Net Income": 13
    },
    "2018-03-31": {
        "Diluted EPS": 0.12,
        "Total Revenue": 920,
        "Gross Profit": 271,
        "Operating Income": 45,
        "EBIT": 78,
        "Net Income": 15
    },
    "2017-12-31": {
        "Diluted EPS": -0.81,
        "Total Revenue": NaN,
        "Gross Profit": 306,
        "Operating Income": 89,
        "EBIT": 123,
        "Net Income": -106
    },
    "2017-09-30": {
        "Diluted EPS": 0.36,
        "Total Revenue": 883,
        "Gross Profit": 268,
        "Operating Income": 75,
        "EBIT": 108,
        "Net Income": 48
    },
    "2017-06-30": {
        "Diluted EPS": 0.32,
        "Total Revenue": 877,
        "Gross Profit": 245,
        "Operating Income": 127,
        "EBIT": 158,
        "Net Income": 42
    },
    "2017-03-31": {
        "Diluted EPS": 0.15,
        "Total Revenue": 866,
        "Gross Profit": 269,
        "Operating Income": 51,
        "EBIT": 83,
        "Net Income": 19
    },
    "2016-12-31": {
        "Diluted EPS": 0.45,
        "Total Revenue": NaN,
        "Gross Profit": 333,
        "Operating Income": 112,
        "EBIT": 146,
        "Net Income": 60
    },
    "2016-09-30": {
        "Diluted EPS": -0.12,
        "Total Revenue": 946,
        "Gross Profit": 278,
        "Operating Income": 0,
        "EBIT": 32,
        "Net Income": -16
    },
    "2016-06-30": {
        "Diluted EPS": 0.42,
        "Total Revenue": NaN,
        "Gross Profit": 321,
        "Operating Income": 94,
        "EBIT": 125,
        "Net Income": 54
    },
    "2016-03-31": {
        "Diluted EPS": 0.26,
        "Total Revenue": 946,
        "Gross Profit": 305,
        "Operating Income": 71,
        "EBIT": 103,
        "Net Income": 34
    },
    "2015-12-31": {
        "Diluted EPS": 0.47,
        "Total Revenue": NaN,
        "Gross Profit": 388,
        "Operating Income": 126,
        "EBIT": 157,
        "Net Income": 62
    },
    "2015-09-30": {
        "Diluted EPS": 0.7,
        "Total Revenue": NaN,
        "Gross Profit": 389,
        "Operating Income": 168,
        "EBIT": 203,
        "Net Income": 94
    },
    "2015-06-30": {
        "Diluted EPS": 0.56,
        "Total Revenue": NaN,
        "Gross Profit": 369,
        "Operating Income": 128,
        "EBIT": 163,
        "Net Income": 75
    },
    "2015-03-31": {
        "Diluted EPS": 0.2,
        "Total Revenue": NaN,
        "Gross Profit": 332,
        "Operating Income": 93,
        "EBIT": 129,
        "Net Income": 28
    },
    "2014-12-31": {
        "Diluted EPS": 1.11,
        "Total Revenue": NaN,
        "Gross Profit": 481,
        "Operating Income": 234,
        "EBIT": 266,
        "Net Income": 154
    },
    "2014-09-30": {
        "Diluted EPS": 0.93,
        "Total Revenue": NaN,
        "Gross Profit": 421,
        "Operating Income": 192,
        "EBIT": 222,
        "Net Income": 129
    },
    "2014-06-30": {
        "Diluted EPS": 0.9,
        "Total Revenue": NaN,
        "Gross Profit": 430,
        "Operating Income": 194,
        "EBIT": 225,
        "Net Income": 124
    },
    "2014-03-31": {
        "Diluted EPS": 0.78,
        "Total Revenue": NaN,
        "Gross Profit": 377,
        "Operating Income": 164,
        "EBIT": 195,
        "Net Income": 108
    },
    "2013-12-31": {
        "Diluted EPS": 1.0,
        "Total Revenue": NaN,
        "Gross Profit": 470,
        "Operating Income": 213,
        "EBIT": 244,
        "Net Income": 141
    },
    "2013-09-30": {
        "Diluted EPS": 0.9,
        "Total Revenue": NaN,
        "Gross Profit": 423,
        "Operating Income": 193,
        "EBIT": 223,
        "Net Income": 126
    },
    "2013-06-30": {
        "Diluted EPS": 0.84,
        "Total Revenue": NaN,
        "Gross Profit": 422,
        "Operating Income": 184,
        "EBIT": 212,
        "Net Income": 120
    },
    "2013-03-31": {
        "Diluted EPS": 0.67,
        "Total Revenue": NaN,
        "Gross Profit": 373,
        "Operating Income": 170,
        "EBIT": 227,
        "Net Income": 98
    },
    "2012-12-31": {
        "Diluted EPS": 0.93,
        "Total Revenue": NaN,
        "Gross Profit": 448,
        "Operating Income": 203,
        "EBIT": 233,
        "Net Income": 142
    },
    "2012-09-30": {
        "Diluted EPS": 0.69,
        "Total Revenue": NaN,
        "Gross Profit": 390,
        "Operating Income": 166,
        "EBIT": 196,
        "Net Income": 106
    },
    "2012-06-30": {
        "Diluted EPS": 0.66,
        "Total Revenue": NaN,
        "Gross Profit": 385,
        "Operating Income": 165,
        "EBIT": 196,
        "Net Income": 107
    },
    "2012-03-31": {
        "Diluted EPS": 0.56,
        "Total Revenue": NaN,
        "Gross Profit": 359,
        "Operating Income": 143,
        "EBIT": 175,
        "Net Income": 93
    },
    "2011-12-31": {
        "Diluted EPS": 0.75,
        "Total Revenue": NaN,
        "Gross Profit": 420,
        "Operating Income": 193,
        "EBIT": 227,
        "Net Income": 125
    },
    "2011-09-30": {
        "Diluted EPS": 0.64,
        "Total Revenue": NaN,
        "Gross Profit": 377,
        "Operating Income": 155,
        "EBIT": 186,
        "Net Income": 108
    },
    "2011-06-30": {
        "Diluted EPS": 0.59,
        "Total Revenue": NaN,
        "Gross Profit": 369,
        "Operating Income": 140,
        "EBIT": 171,
        "Net Income": 99
    },
    "2011-03-31": {
        "Diluted EPS": 0.57,
        "Total Revenue": 997,
        "Gross Profit": 348,
        "Operating Income": 130,
        "EBIT": 161,
        "Net Income": 97
    },
    "2010-12-31": {
        "Diluted EPS": 0.67,
        "Total Revenue": NaN,
        "Gross Profit": 385,
        "Operating Income": 164,
        "EBIT": 198,
        "Net Income": 113
    },
    "2010-09-30": {
        "Diluted EPS": 0.61,
        "Total Revenue": 972,
        "Gross Profit": 333,
        "Operating Income": 129,
        "EBIT": 158,
        "Net Income": 104
    },
    "2010-06-30": {
        "Diluted EPS": 0.54,
        "Total Revenue": 961,
        "Gross Profit": 343,
        "Operating Income": 146,
        "EBIT": 175,
        "Net Income": 92
    },
    "2010-03-31": {
        "Diluted EPS": 0.47,
        "Total Revenue": 959,
        "Gross Profit": 348,
        "Operating Income": 142,
        "EBIT": 172,
        "Net Income": 80
    },
    "2009-12-31": {
        "Diluted EPS": 0.65,
        "Total Revenue": NaN,
        "Gross Profit": 409,
        "Operating Income": 162,
        "EBIT": 192,
        "Net Income": 110
    },
    "2009-09-30": {
        "Diluted EPS": 0.69,
        "Total Revenue": NaN,
        "Gross Profit": 385,
        "Operating Income": 161,
        "EBIT": 189,
        "Net Income": 117
    },
    "2009-06-30": {
        "Diluted EPS": 0.64,
        "Total Revenue": NaN,
        "Gross Profit": 386,
        "Operating Income": 159,
        "EBIT": 190,
        "Net Income": 108
    },
    "2009-03-31": {
        "Diluted EPS": 0.55,
        "Total Revenue": NaN,
        "Gross Profit": 368,
        "Operating Income": 147,
        "EBIT": 173,
        "Net Income": 92
    },
    "2023-09-30": {
        "Tax Effect Of Unusual Items": 0.0,
        "Tax Rate For Calcs": 0.21,
        "Normalized EBITDA": 79144000.0,
        "Total Unusual Items": NaN,
        "Total Unusual Items Excluding Goodwill": NaN,
        "Net Income From Continuing Operation Net Minority Interest": 46156000.0,
        "Reconciled Depreciation": 20464000.0,
        "Reconciled Cost Of Revenue": 777024000.0,
        "EBITDA": 79144000.0,
        "EBIT": 58680000.0,
        "Net Interest Income": -15139000.0,
        "Interest Expense": 17273000.0,
        "Interest Income": 2134000.0,
        "Normalized Income": 46156000.0,
        "Net Income From Continuing And Discontinued Operation": 46156000.0,
        "Total Expenses": 1029089000.0,
        "Total Operating Income As Reported": 70256000.0,
        "Diluted Average Shares": 132026000.0,
        "Basic Average Shares": 131183000.0,
        "Diluted EPS": 0.35,
        "Basic EPS": 0.35,
        "Diluted NI Availto Com Stockholders": 46156000.0,
        "Net Income Common Stockholders": 46156000.0,
        "Otherunder Preferred Stock Dividend": NaN,
        "Net Income": 46156000.0,
        "Minority Interests": -6437000.0,
        "Net Income Including Noncontrolling Interests": 52593000.0,
        "Net Income Continuous Operations": 52593000.0,
        "Tax Provision": -11186000.0,
        "Pretax Income": 41407000.0,
        "Other Income Expense": -9083000.0,
        "Other Non Operating Income Expenses": -13710000.0,
        "Special Income Charges": NaN,
        "Gain On Sale Of Business": NaN,
        "Earnings From Equity Interest": 4627000.0,
        "Net Non Operating Interest Income Expense": -15139000.0,
        "Interest Expense Non Operating": 17273000.0,
        "Interest Income Non Operating": 2134000.0,
        "Operating Income": 65629000.0,
        "Operating Expense": 252065000.0,
        "Selling General And Administration": 252065000.0,
        "Gross Profit": 317694000.0,
        "Cost Of Revenue": 777024000.0,
        "Total Revenue": 1094718000.0,
        "Operating Revenue": 1094718000.0
    },
    "2023-12-31": {
        "Tax Effect Of Unusual Items": 0.0,
        "Tax Rate For Calcs": 0.055869,
        "Normalized EBITDA": 108993000.0,
        "Total Unusual Items": NaN,
        "Total Unusual Items Excluding Goodwill": NaN,
        "Net Income From Continuing Operation Net Minority Interest": 62617000.0,
        "Reconciled Depreciation": 20673000.0,
        "Reconciled Cost Of Revenue": 825635000.0,
        "EBITDA": 108993000.0,
        "EBIT": 88320000.0,
        "Net Interest Income": -15429000.0,
        "Interest Expense": 16885000.0,
        "Interest Income": 1456000.0,
        "Normalized Income": 62617000.0,
        "Net Income From Continuing And Discontinued Operation": 62617000.0,
        "Total Expenses": 1060380000.0,
        "Total Operating Income As Reported": 109463000.0,
        "Diluted Average Shares": NaN,
        "Basic Average Shares": NaN,
        "Diluted EPS": NaN,
        "Basic EPS": NaN,
        "Diluted NI Availto Com Stockholders": 62617000.0,
        "Net Income Common Stockholders": 62617000.0,
        "Otherunder Preferred Stock Dividend": NaN,
        "Net Income": 62617000.0,
        "Minority Interests": -4827000.0,
        "Net Income Including Noncontrolling Interests": 67444000.0,
        "Net Income Continuous Operations": 67444000.0,
        "Tax Provision": 3991000.0,
        "Pretax Income": 71435000.0,
        "Other Income Expense": -17934000.0,
        "Other Non Operating Income Expenses": -22599000.0,
        "Special Income Charges": NaN,
        "Gain On Sale Of Business": NaN,
        "Earnings From Equity Interest": 4665000.0,
        "Net Non Operating Interest Income Expense": -15429000.0,
        "Interest Expense Non Operating": 16885000.0,
        "Interest Income Non Operating": 1456000.0,
        "Operating Income": 104798000.0,
        "Operating Expense": 234745000.0,
        "Selling General And Administration": 234745000.0,
        "Gross Profit": 339543000.0,
        "Cost Of Revenue": 825635000.0,
        "Total Revenue": 1165178000.0,
        "Operating Revenue": 1165178000.0
    },
    "2024-03-31": {
        "Tax Effect Of Unusual Items": 0.0,
        "Tax Rate For Calcs": 0.205,
        "Normalized EBITDA": 134954000.0,
        "Total Unusual Items": NaN,
        "Total Unusual Items Excluding Goodwill": NaN,
        "Net Income From Continuing Operation Net Minority Interest": 74220000.0,
        "Reconciled Depreciation": 21580000.0,
        "Reconciled Cost Of Revenue": 748511000.0,
        "EBITDA": 134954000.0,
        "EBIT": 113374000.0,
        "Net Interest Income": -14148000.0,
        "Interest Expense": 15317000.0,
        "Interest Income": 1169000.0,
        "Normalized Income": 74220000.0,
        "Net Income From Continuing And Discontinued Operation": 74220000.0,
        "Total Expenses": 976929000.0,
        "Total Operating Income As Reported": 113079000.0,
        "Diluted Average Shares": 132368000.0,
        "Basic Average Shares": 131510000.0,
        "Diluted EPS": 0.56,
        "Basic EPS": 0.56,
        "Diluted NI Availto Com Stockholders": 74220000.0,
        "Net Income Common Stockholders": 74220000.0,
        "Otherunder Preferred Stock Dividend": NaN,
        "Net Income": 74220000.0,
        "Minority Interests": -3695000.0,
        "Net Income Including Noncontrolling Interests": 77915000.0,
        "Net Income Continuous Operations": 77915000.0,
        "Tax Provision": 20142000.0,
        "Pretax Income": 98057000.0,
        "Other Income Expense": 1655000.0,
        "Other Non Operating Income Expenses": -874000.0,
        "Special Income Charges": NaN,
        "Gain On Sale Of Business": NaN,
        "Earnings From Equity Interest": 2529000.0,
        "Net Non Operating Interest Income Expense": -14148000.0,
        "Interest Expense Non Operating": 15317000.0,
        "Interest Income Non Operating": 1169000.0,
        "Operating Income": 110550000.0,
        "Operating Expense": 228418000.0,
        "Selling General And Administration": 228418000.0,
        "Gross Profit": 338968000.0,
        "Cost Of Revenue": 748511000.0,
        "Total Revenue": 1087479000.0,
        "Operating Revenue": 1087479000.0
    },
    "2024-06-30": {
        "Tax Effect Of Unusual Items": -3089478.0,
        "Tax Rate For Calcs": 0.238,
        "Normalized EBITDA": 150890000.0,
        "Total Unusual Items": -12981000.0,
        "Total Unusual Items Excluding Goodwill": -12981000.0,
        "Net Income From Continuing Operation Net Minority Interest": 72616000.0,
        "Reconciled Depreciation": 20694000.0,
        "Reconciled Cost Of Revenue": 790796000.0,
        "EBITDA": 137909000.0,
        "EBIT": 117215000.0,
        "Net Interest Income": -15743000.0,
        "Interest Expense": 16917000.0,
        "Interest Income": 1174000.0,
        "Normalized Income": 82507522.0,
        "Net Income From Continuing And Discontinued Operation": 72616000.0,
        "Total Expenses": 1029423000.0,
        "Total Operating Income As Reported": 121304000.0,
        "Diluted Average Shares": 132415000.0,
        "Basic Average Shares": 131656000.0,
        "Diluted EPS": 0.55,
        "Basic EPS": 0.55,
        "Diluted NI Availto Com Stockholders": 72616000.0,
        "Net Income Common Stockholders": 72616000.0,
        "Otherunder Preferred Stock Dividend": NaN,
        "Net Income": 72616000.0,
        "Minority Interests": -3836000.0,
        "Net Income Including Noncontrolling Interests": 76452000.0,
        "Net Income Continuous Operations": 76452000.0,
        "Tax Provision": 23846000.0,
        "Pretax Income": 100298000.0,
        "Other Income Expense": -11428000.0,
        "Other Non Operating Income Expenses": -5263000.0,
        "Special Income Charges": -12981000.0,
        "Gain On Sale Of Business": -12981000.0,
        "Earnings From Equity Interest": 6816000.0,
        "Net Non Operating Interest Income Expense": -15743000.0,
        "Interest Expense Non Operating": 16917000.0,
        "Interest Income Non Operating": 1174000.0,
        "Operating Income": 127469000.0,
        "Operating Expense": 238627000.0,
        "Selling General And Administration": 238627000.0,
        "Gross Profit": 366096000.0,
        "Cost Of Revenue": 790796000.0,
        "Total Revenue": 1156892000.0,
        "Operating Revenue": 1156892000.0
    }
}