{
    "2023-03-31": {
        "Tax Effect Of Unusual Items": 51558.485165,
        "Tax Rate For Calcs": 0.27136,
        "Normalized EBITDA": 458681000.0,
        "Total Unusual Items": 190000.0,
        "Total Unusual Items Excluding Goodwill": 190000.0,
        "Net Income From Continuing Operation Net Minority Interest": 214835000.0,
        "Reconciled Depreciation": 84232000.0,
        "Reconciled Cost Of Revenue": 204967000.0,
        "EBIT": 374639000.0,
        "Net Interest Income": -79795000.0,
        "Interest Expense": 79795000.0,
        "Normalized Income": 214696558.485165,
        "Net Income From Continuing And Discontinued Operation": 214835000.0,
        "Total Expenses": 526138000.0,
        "Total Operating Income As Reported": 375195000.0,
        "Diluted Average Shares": 74483000.0,
        "Basic Average Shares": 73521000.0,
        "Diluted EPS": 2.88,
        "Basic EPS": 2.92,
        "Diluted NI Availto Com Stockholders": 214835000.0,
        "Net Income Common Stockholders": 214835000.0,
        "Net Income": 214835000.0,
        "Net Income Including Noncontrolling Interests": 214835000.0,
        "Net Income Continuous Operations": 214835000.0,
        "Tax Provision": 80009000.0,
        "Pretax Income": 294844000.0,
        "Other Income Expense": -556000.0,
        "Other Non Operating Income Expenses": -746000.0,
        "Special Income Charges": NaN,
        "Other Special Charges": NaN,
        "Gain On Sale Of Security": 190000.0,
        "Net Non Operating Interest Income Expense": -79795000.0,
        "Interest Expense Non Operating": 79795000.0,
        "Operating Income": 375195000.0,
        "Operating Expense": 321171000.0,
        "Other Operating Expenses": 663000.0,
        "Depreciation Amortization Depletion Income Statement": 84232000.0,
        "Depreciation And Amortization In Income Statement": 84232000.0,
        "Selling General And Administration": 236276000.0,
        "Selling And Marketing Expense": 81592000.0,
        "General And Administrative Expense": 154684000.0,
        "Other Gand A": 154684000.0,
        "Gross Profit": 696366000.0,
        "Cost Of Revenue": 204967000.0,
        "Total Revenue": 901333000.0,
        "Operating Revenue": 901333000.0
    },
    "2022-12-31": {
        "Tax Effect Of Unusual Items": -209251.510394,
        "Tax Rate For Calcs": 0.24247,
        "Normalized EBITDA": 462247000.0,
        "Total Unusual Items": -863000.0,
        "Total Unusual Items Excluding Goodwill": -863000.0,
        "Net Income From Continuing Operation Net Minority Interest": 225319000.0,
        "Reconciled Depreciation": 89793000.0,
        "Reconciled Cost Of Revenue": 201610000.0,
        "EBIT": 371591000.0,
        "Net Interest Income": -74152000.0,
        "Interest Expense": 74152000.0,
        "Normalized Income": 225972748.489606,
        "Net Income From Continuing And Discontinued Operation": 225319000.0,
        "Total Expenses": 514340000.0,
        "Total Operating Income As Reported": 369270000.0,
        "Diluted Average Shares": 74387000.0,
        "Basic Average Shares": 73459000.0,
        "Diluted EPS": 3.03,
        "Basic EPS": 3.07,
        "Diluted NI Availto Com Stockholders": 225319000.0,
        "Net Income Common Stockholders": 225319000.0,
        "Net Income": 225319000.0,
        "Net Income Including Noncontrolling Interests": 225319000.0,
        "Net Income Continuous Operations": 225319000.0,
        "Tax Provision": 72120000.0,
        "Pretax Income": 297439000.0,
        "Other Income Expense": 2321000.0,
        "Other Non Operating Income Expenses": 3184000.0,
        "Special Income Charges": 0.0,
        "Other Special Charges": 0.0,
        "Gain On Sale Of Security": -863000.0,
        "Net Non Operating Interest Income Expense": -74152000.0,
        "Interest Expense Non Operating": 74152000.0,
        "Operating Income": 369270000.0,
        "Operating Expense": 312730000.0,
        "Other Operating Expenses": 200000.0,
        "Depreciation Amortization Depletion Income Statement": 89793000.0,
        "Depreciation And Amortization In Income Statement": 89793000.0,
        "Selling General And Administration": 222737000.0,
        "Selling And Marketing Expense": 78864000.0,
        "General And Administrative Expense": 143873000.0,
        "Other Gand A": 143873000.0,
        "Gross Profit": 682000000.0,
        "Cost Of Revenue": 201610000.0,
        "Total Revenue": 883610000.0,
        "Operating Revenue": 883610000.0
    },
    "2022-09-30": {
        "Tax Effect Of Unusual Items": -46591.218542,
        "Tax Rate For Calcs": 0.267766,
        "Normalized EBITDA": 462695000.0,
        "Total Unusual Items": -174000.0,
        "Total Unusual Items Excluding Goodwill": -174000.0,
        "Net Income From Continuing Operation Net Minority Interest": 248885000.0,
        "Reconciled Depreciation": 77213000.0,
        "Reconciled Cost Of Revenue": 203315000.0,
        "EBIT": 385308000.0,
        "Net Interest Income": -45410000.0,
        "Interest Expense": 45410000.0,
        "Normalized Income": 249012408.781458,
        "Net Income From Continuing And Discontinued Operation": 248885000.0,
        "Total Expenses": 503830000.0,
        "Total Operating Income As Reported": 389170000.0,
        "Diluted Average Shares": 75558000.0,
        "Basic Average Shares": 74461000.0,
        "Diluted EPS": 3.29,
        "Basic EPS": 3.34,
        "Diluted NI Availto Com Stockholders": 248885000.0,
        "Net Income Common Stockholders": 248885000.0,
        "Net Income": 248885000.0,
        "Net Income Including Noncontrolling Interests": 248885000.0,
        "Net Income Continuous Operations": 248885000.0,
        "Tax Provision": 91013000.0,
        "Pretax Income": 339898000.0,
        "Other Income Expense": -3862000.0,
        "Other Non Operating Income Expenses": -3688000.0,
        "Special Income Charges": 0.0,
        "Other Special Charges": NaN,
        "Gain On Sale Of Security": -174000.0,
        "Net Non Operating Interest Income Expense": -45410000.0,
        "Interest Expense Non Operating": 45410000.0,
        "Operating Income": 389170000.0,
        "Operating Expense": 300515000.0,
        "Other Operating Expenses": 3000.0,
        "Depreciation Amortization Depletion Income Statement": 77213000.0,
        "Depreciation And Amortization In Income Statement": 77213000.0,
        "Selling General And Administration": 223299000.0,
        "Selling And Marketing Expense": 74005000.0,
        "General And Administrative Expense": 149294000.0,
        "Other Gand A": 149294000.0,
        "Gross Profit": 689685000.0,
        "Cost Of Revenue": 203315000.0,
        "Total Revenue": 893000000.0,
        "Operating Revenue": 893000000.0
    },
    "2022-06-30": {
        "Tax Effect Of Unusual Items": -45761.352294,
        "Tax Rate For Calcs": 0.237105,
        "Normalized EBITDA": 445390000.0,
        "Total Unusual Items": -193000.0,
        "Total Unusual Items Excluding Goodwill": -193000.0,
        "Net Income From Continuing Operation Net Minority Interest": 262171000.0,
        "Reconciled Depreciation": 78474000.0,
        "Reconciled Cost Of Revenue": 185588000.0,
        "EBIT": 366723000.0,
        "Net Interest Income": -23070000.0,
        "Interest Expense": 23070000.0,
        "Normalized Income": 262318238.647706,
        "Net Income From Continuing And Discontinued Operation": 262171000.0,
        "Total Expenses": 490798000.0,
        "Total Operating Income As Reported": 370480000.0,
        "Diluted Average Shares": 78239000.0,
        "Basic Average Shares": 76769000.0,
        "Diluted EPS": 3.35,
        "Basic EPS": 3.42,
        "Diluted NI Availto Com Stockholders": 262171000.0,
        "Net Income Common Stockholders": 262171000.0,
        "Net Income": 262171000.0,
        "Net Income Including Noncontrolling Interests": 262171000.0,
        "Net Income Continuous Operations": 262171000.0,
        "Tax Provision": 81482000.0,
        "Pretax Income": 343653000.0,
        "Other Income Expense": -3757000.0,
        "Other Non Operating Income Expenses": -3564000.0,
        "Special Income Charges": NaN,
        "Other Special Charges": NaN,
        "Gain On Sale Of Security": -193000.0,
        "Net Non Operating Interest Income Expense": -23070000.0,
        "Interest Expense Non Operating": 23070000.0,
        "Operating Income": 370480000.0,
        "Operating Expense": 305210000.0,
        "Other Operating Expenses": -34000.0,
        "Depreciation Amortization Depletion Income Statement": 78474000.0,
        "Depreciation And Amortization In Income Statement": 78474000.0,
        "Selling General And Administration": 226770000.0,
        "Selling And Marketing Expense": 79324000.0,
        "General And Administrative Expense": 147446000.0,
        "Other Gand A": 147446000.0,
        "Gross Profit": 675690000.0,
        "Cost Of Revenue": 185588000.0,
        "Total Revenue": 861278000.0,
        "Operating Revenue": 861278000.0
    },
    "2022-03-31": {
        "Diluted EPS": 2.75,
        "Total Revenue": 789,
        "Gross Profit": 789,
        "Operating Income": 318,
        "EBIT": 396,
        "Net Income": 218
    },
    "2021-12-31": {
        "Diluted EPS": 2.74,
        "Total Revenue": 802,
        "Gross Profit": 802,
        "Operating Income": 340,
        "EBIT": 417,
        "Net Income": 225
    },
    "2021-09-30": {
        "Diluted EPS": 2.8,
        "Total Revenue": 755,
        "Gross Profit": 755,
        "Operating Income": 339,
        "EBIT": 415,
        "Net Income": 234
    },
    "2021-06-30": {
        "Diluted EPS": 2.3,
        "Total Revenue": 667,
        "Gross Profit": 667,
        "Operating Income": 298,
        "EBIT": 369,
        "Net Income": 196
    },
    "2021-03-31": {
        "Diluted EPS": 2.15,
        "Total Revenue": 609,
        "Gross Profit": 609,
        "Operating Income": 266,
        "EBIT": 333,
        "Net Income": 184
    },
    "2020-12-31": {
        "Diluted EPS": 2.43,
        "Total Revenue": 617,
        "Gross Profit": 617,
        "Operating Income": 294,
        "EBIT": 360,
        "Net Income": 210
    },
    "2020-09-30": {
        "Diluted EPS": 2.19,
        "Total Revenue": 585,
        "Gross Profit": 585,
        "Operating Income": 265,
        "EBIT": 330,
        "Net Income": 189
    },
    "2020-06-30": {
        "Diluted EPS": 1.83,
        "Total Revenue": 525,
        "Gross Profit": 525,
        "Operating Income": 213,
        "EBIT": 277,
        "Net Income": 158
    },
    "2020-03-31": {
        "Diluted EPS": 1.67,
        "Total Revenue": 661,
        "Gross Profit": 661,
        "Operating Income": 201,
        "EBIT": 267,
        "Net Income": 147
    },
    "2019-12-31": {
        "Diluted EPS": 2.62,
        "Total Revenue": 699,
        "Gross Profit": 699,
        "Operating Income": 321,
        "EBIT": 391,
        "Net Income": 236
    },
    "2019-09-30": {
        "Diluted EPS": 2.49,
        "Total Revenue": 681,
        "Gross Profit": 681,
        "Operating Income": 329,
        "EBIT": 398,
        "Net Income": 226
    },
    "2019-06-30": {
        "Diluted EPS": 2.9,
        "Total Revenue": 647,
        "Gross Profit": 647,
        "Operating Income": 297,
        "EBIT": 369,
        "Net Income": 262
    },
    "2019-03-31": {
        "Diluted EPS": 1.93,
        "Total Revenue": 622,
        "Gross Profit": 622,
        "Operating Income": 284,
        "EBIT": 353,
        "Net Income": 172
    },
    "2018-12-31": {
        "Diluted EPS": 3.31,
        "Total Revenue": 643,
        "Gross Profit": 643,
        "Operating Income": 285,
        "EBIT": 353,
        "Net Income": 302
    },
    "2018-09-30": {
        "Diluted EPS": 1.71,
        "Total Revenue": 620,
        "Gross Profit": 620,
        "Operating Income": 281,
        "EBIT": 350,
        "Net Income": 158
    },
    "2018-06-30": {
        "Diluted EPS": 1.91,
        "Total Revenue": 585,
        "Gross Profit": 585,
        "Operating Income": 265,
        "EBIT": 335,
        "Net Income": 177
    },
    "2018-03-31": {
        "Diluted EPS": 1.88,
        "Total Revenue": 586,
        "Gross Profit": 586,
        "Operating Income": 260,
        "EBIT": 333,
        "Net Income": 175
    },
    "2017-12-31": {
        "Diluted EPS": 3.03,
        "Total Revenue": 610,
        "Gross Profit": 580,
        "Operating Income": 240,
        "EBIT": 307,
        "Net Income": 283
    },
    "2017-09-30": {
        "Diluted EPS": 2.18,
        "Total Revenue": 578,
        "Gross Profit": 550,
        "Operating Income": 233,
        "EBIT": 303,
        "Net Income": 203
    },
    "2017-06-30": {
        "Diluted EPS": 1.39,
        "Total Revenue": 541,
        "Gross Profit": 511,
        "Operating Income": 216,
        "EBIT": 283,
        "Net Income": 131
    },
    "2017-03-31": {
        "Diluted EPS": 1.31,
        "Total Revenue": 520,
        "Gross Profit": 496,
        "Operating Income": 195,
        "EBIT": 262,
        "Net Income": 124
    },
    "2016-12-31": {
        "Diluted EPS": 1.0,
        "Total Revenue": 515,
        "Gross Profit": 489,
        "Operating Income": 216,
        "EBIT": 279,
        "Net Income": 95
    },
    "2016-09-30": {
        "Diluted EPS": 1.36,
        "Total Revenue": 484,
        "Gross Profit": 456,
        "Operating Income": 191,
        "EBIT": 250,
        "Net Income": 130
    },
    "2016-06-30": {
        "Diluted EPS": 1.22,
        "Total Revenue": 418,
        "Gross Profit": 396,
        "Operating Income": 171,
        "EBIT": 221,
        "Net Income": 116
    },
    "2016-03-31": {
        "Diluted EPS": 1.17,
        "Total Revenue": 414,
        "Gross Profit": 386,
        "Operating Income": 176,
        "EBIT": 214,
        "Net Income": 111
    },
    "2015-12-31": {
        "Diluted EPS": 0.56,
        "Total Revenue": 431,
        "Gross Profit": 403,
        "Operating Income": 146,
        "EBIT": 196,
        "Net Income": 53
    },
    "2015-09-30": {
        "Diluted EPS": 1.24,
        "Total Revenue": 451,
        "Gross Profit": 420,
        "Operating Income": 188,
        "EBIT": 239,
        "Net Income": 117
    },
    "2015-06-30": {
        "Diluted EPS": 1.05,
        "Total Revenue": 405,
        "Gross Profit": 383,
        "Operating Income": 169,
        "EBIT": 220,
        "Net Income": 99
    },
    "2015-03-31": {
        "Diluted EPS": 1.0,
        "Total Revenue": 416,
        "Gross Profit": 389,
        "Operating Income": 164,
        "EBIT": 214,
        "Net Income": 94
    },
    "2014-12-31": {
        "Diluted EPS": 1.22,
        "Total Revenue": 377,
        "Gross Profit": 343,
        "Operating Income": 173,
        "EBIT": 211,
        "Net Income": 110
    },
    "2014-09-30": {
        "Diluted EPS": 1.11,
        "Total Revenue": 295,
        "Gross Profit": 270,
        "Operating Income": 144,
        "EBIT": 170,
        "Net Income": 96
    },
    "2014-06-30": {
        "Diluted EPS": 1.03,
        "Total Revenue": 274,
        "Gross Profit": 253,
        "Operating Income": 134,
        "EBIT": 159,
        "Net Income": 89
    },
    "2014-03-31": {
        "Diluted EPS": 0.88,
        "Total Revenue": 254,
        "Gross Profit": 236,
        "Operating Income": 114,
        "EBIT": 139,
        "Net Income": 75
    },
    "2013-12-31": {
        "Diluted EPS": 0.79,
        "Total Revenue": 256,
        "Gross Profit": 238,
        "Operating Income": 106,
        "EBIT": 130,
        "Net Income": 68
    },
    "2013-09-30": {
        "Diluted EPS": 0.93,
        "Total Revenue": 225,
        "Gross Profit": 208,
        "Operating Income": 111,
        "EBIT": 129,
        "Net Income": 79
    },
    "2013-06-30": {
        "Diluted EPS": 0.87,
        "Total Revenue": 221,
        "Gross Profit": 201,
        "Operating Income": 109,
        "EBIT": 125,
        "Net Income": 73
    },
    "2013-03-31": {
        "Diluted EPS": 0.77,
        "Total Revenue": 194,
        "Gross Profit": 180,
        "Operating Income": 94,
        "EBIT": 109,
        "Net Income": 65
    },
    "2012-12-31": {
        "Diluted EPS": 0.71,
        "Total Revenue": 203,
        "Gross Profit": 185,
        "Operating Income": 93,
        "EBIT": 108,
        "Net Income": 60
    },
    "2012-09-30": {
        "Diluted EPS": 0.69,
        "Total Revenue": 187,
        "Gross Profit": 174,
        "Operating Income": 86,
        "EBIT": 99,
        "Net Income": 60
    },
    "2012-06-30": {
        "Diluted EPS": 0.63,
        "Total Revenue": 172,
        "Gross Profit": 154,
        "Operating Income": 81,
        "EBIT": 93,
        "Net Income": 54
    },
    "2012-03-31": {
        "Diluted EPS": 0.49,
        "Total Revenue": 146,
        "Gross Profit": 136,
        "Operating Income": 64,
        "EBIT": 76,
        "Net Income": 42
    },
    "2011-12-31": {
        "Diluted EPS": 0.45,
        "Total Revenue": 140,
        "Gross Profit": 125,
        "Operating Income": 54,
        "EBIT": 64,
        "Net Income": 38
    },
    "2011-09-30": {
        "Diluted EPS": 0.48,
        "Total Revenue": 134,
        "Gross Profit": 121,
        "Operating Income": 62,
        "EBIT": 71,
        "Net Income": 41
    },
    "2011-06-30": {
        "Diluted EPS": 0.44,
        "Total Revenue": 134,
        "Gross Profit": 119,
        "Operating Income": 60,
        "EBIT": 68,
        "Net Income": 37
    },
    "2011-03-31": {
        "Diluted EPS": 0.39,
        "Total Revenue": 111,
        "Gross Profit": 103,
        "Operating Income": 50,
        "EBIT": 59,
        "Net Income": 32
    },
    "2010-12-31": {
        "Diluted EPS": 0.22,
        "Total Revenue": 107,
        "Gross Profit": 97,
        "Operating Income": 24,
        "EBIT": 32,
        "Net Income": 18
    },
    "2010-09-30": {
        "Diluted EPS": 0.41,
        "Total Revenue": 112,
        "Gross Profit": 98,
        "Operating Income": 49,
        "EBIT": 58,
        "Net Income": 29
    },
    "2010-06-30": {
        "Diluted EPS": 0.37,
        "Total Revenue": 111,
        "Gross Profit": 97,
        "Operating Income": 51,
        "EBIT": 59,
        "Net Income": 25
    },
    "2010-03-31": {
        "Diluted EPS": 0.34,
        "Total Revenue": 104,
        "Gross Profit": 93,
        "Operating Income": 47,
        "EBIT": 55,
        "Net Income": 23
    },
    "2009-12-31": {
        "Diluted EPS": 0.0,
        "Total Revenue": NaN,
        "Gross Profit": NaN,
        "Operating Income": NaN,
        "EBIT": NaN,
        "Net Income": NaN
    },
    "2023-06-30": {
        "Tax Effect Of Unusual Items": -4788.020945,
        "Tax Rate For Calcs": 0.266001,
        "Normalized EBITDA": 498750000.0,
        "Total Unusual Items": -18000.0,
        "Total Unusual Items Excluding Goodwill": -18000.0,
        "Net Income From Continuing Operation Net Minority Interest": 239702000.0,
        "Reconciled Depreciation": 83676000.0,
        "Reconciled Cost Of Revenue": 205265000.0,
        "EBIT": 415056000.0,
        "Net Interest Income": -88486000.0,
        "Interest Expense": 88486000.0,
        "Normalized Income": 239715211.979055,
        "Net Income From Continuing And Discontinued Operation": 239702000.0,
        "Total Expenses": 535524000.0,
        "Total Operating Income As Reported": 412650000.0,
        "Diluted Average Shares": 75001000.0,
        "Basic Average Shares": 73887000.0,
        "Diluted EPS": 3.2,
        "Basic EPS": 3.24,
        "Diluted NI Availto Com Stockholders": 239702000.0,
        "Net Income Common Stockholders": 239702000.0,
        "Net Income": 239702000.0,
        "Net Income Including Noncontrolling Interests": 239702000.0,
        "Net Income Continuous Operations": 239702000.0,
        "Tax Provision": 86868000.0,
        "Pretax Income": 326570000.0,
        "Other Income Expense": 2406000.0,
        "Other Non Operating Income Expenses": 2424000.0,
        "Special Income Charges": NaN,
        "Other Special Charges": NaN,
        "Gain On Sale Of Security": -18000.0,
        "Net Non Operating Interest Income Expense": -88486000.0,
        "Interest Expense Non Operating": 88486000.0,
        "Operating Income": 412650000.0,
        "Operating Expense": 330259000.0,
        "Other Operating Expenses": 815000.0,
        "Depreciation Amortization Depletion Income Statement": 83676000.0,
        "Depreciation And Amortization In Income Statement": 83676000.0,
        "Selling General And Administration": 245768000.0,
        "Selling And Marketing Expense": 86412000.0,
        "General And Administrative Expense": 159356000.0,
        "Other Gand A": 159356000.0,
        "Gross Profit": 742909000.0,
        "Cost Of Revenue": 205265000.0,
        "Total Revenue": 948174000.0,
        "Operating Revenue": 948174000.0
    }
}