{
    "2023-03-31": {
        "Tax Effect Of Unusual Items": NaN,
        "Tax Rate For Calcs": NaN,
        "Normalized EBITDA": NaN,
        "Total Unusual Items": -64586000.0,
        "Total Unusual Items Excluding Goodwill": -64586000.0,
        "Net Income From Continuing Operation Net Minority Interest": NaN,
        "Reconciled Depreciation": NaN,
        "Reconciled Cost Of Revenue": NaN,
        "EBITDA": NaN,
        "EBIT": NaN,
        "Net Interest Income": NaN,
        "Interest Expense": NaN,
        "Normalized Income": NaN,
        "Net Income From Continuing And Discontinued Operation": NaN,
        "Total Expenses": NaN,
        "Total Operating Income As Reported": NaN,
        "Diluted Average Shares": NaN,
        "Basic Average Shares": NaN,
        "Diluted EPS": NaN,
        "Basic EPS": NaN,
        "Diluted NI Availto Com Stockholders": NaN,
        "Net Income Common Stockholders": NaN,
        "Net Income": NaN,
        "Net Income Including Noncontrolling Interests": NaN,
        "Net Income Continuous Operations": NaN,
        "Tax Provision": NaN,
        "Pretax Income": NaN,
        "Other Income Expense": NaN,
        "Other Non Operating Income Expenses": NaN,
        "Special Income Charges": -64586000.0,
        "Impairment Of Capital Assets": 64586000.0,
        "Net Non Operating Interest Income Expense": NaN,
        "Interest Expense Non Operating": NaN,
        "Operating Income": NaN,
        "Operating Expense": NaN,
        "Depreciation Amortization Depletion Income Statement": NaN,
        "Depreciation And Amortization In Income Statement": NaN,
        "Research And Development": NaN,
        "Selling General And Administration": NaN,
        "Selling And Marketing Expense": NaN,
        "General And Administrative Expense": NaN,
        "Other Gand A": NaN,
        "Gross Profit": NaN,
        "Cost Of Revenue": NaN,
        "Total Revenue": NaN,
        "Operating Revenue": NaN
    },
    "2022-12-31": {
        "Tax Effect Of Unusual Items": NaN,
        "Tax Rate For Calcs": NaN,
        "Normalized EBITDA": NaN,
        "Total Unusual Items": 0.0,
        "Total Unusual Items Excluding Goodwill": 0.0,
        "Net Income From Continuing Operation Net Minority Interest": NaN,
        "Reconciled Depreciation": NaN,
        "Reconciled Cost Of Revenue": NaN,
        "EBITDA": NaN,
        "EBIT": NaN,
        "Net Interest Income": NaN,
        "Interest Expense": NaN,
        "Normalized Income": NaN,
        "Net Income From Continuing And Discontinued Operation": NaN,
        "Total Expenses": NaN,
        "Total Operating Income As Reported": NaN,
        "Diluted Average Shares": NaN,
        "Basic Average Shares": NaN,
        "Diluted EPS": NaN,
        "Basic EPS": NaN,
        "Diluted NI Availto Com Stockholders": NaN,
        "Net Income Common Stockholders": NaN,
        "Net Income": NaN,
        "Net Income Including Noncontrolling Interests": NaN,
        "Net Income Continuous Operations": NaN,
        "Tax Provision": NaN,
        "Pretax Income": NaN,
        "Other Income Expense": NaN,
        "Other Non Operating Income Expenses": NaN,
        "Special Income Charges": 0.0,
        "Impairment Of Capital Assets": 0.0,
        "Net Non Operating Interest Income Expense": NaN,
        "Interest Expense Non Operating": NaN,
        "Operating Income": NaN,
        "Operating Expense": NaN,
        "Depreciation Amortization Depletion Income Statement": NaN,
        "Depreciation And Amortization In Income Statement": NaN,
        "Research And Development": NaN,
        "Selling General And Administration": NaN,
        "Selling And Marketing Expense": NaN,
        "General And Administrative Expense": NaN,
        "Other Gand A": NaN,
        "Gross Profit": NaN,
        "Cost Of Revenue": NaN,
        "Total Revenue": NaN,
        "Operating Revenue": NaN
    },
    "2022-09-30": {
        "Tax Effect Of Unusual Items": 0.0,
        "Tax Rate For Calcs": 0.252999,
        "Normalized EBITDA": -29588000.0,
        "Total Unusual Items": NaN,
        "Total Unusual Items Excluding Goodwill": NaN,
        "Net Income From Continuing Operation Net Minority Interest": -33692000.0,
        "Reconciled Depreciation": 12694000.0,
        "Reconciled Cost Of Revenue": 202146000.0,
        "EBITDA": -29588000.0,
        "EBIT": -42282000.0,
        "Net Interest Income": -2821000.0,
        "Interest Expense": 2821000.0,
        "Normalized Income": -33692000.0,
        "Net Income From Continuing And Discontinued Operation": -33692000.0,
        "Total Expenses": 344964000.0,
        "Total Operating Income As Reported": -41360000.0,
        "Diluted Average Shares": 64538000.0,
        "Basic Average Shares": 64538000.0,
        "Diluted EPS": -0.52,
        "Basic EPS": -0.52,
        "Diluted NI Availto Com Stockholders": -33692000.0,
        "Net Income Common Stockholders": -33692000.0,
        "Net Income": -33692000.0,
        "Net Income Including Noncontrolling Interests": -33692000.0,
        "Net Income Continuous Operations": -33692000.0,
        "Tax Provision": -11411000.0,
        "Pretax Income": -45103000.0,
        "Other Income Expense": -922000.0,
        "Other Non Operating Income Expenses": -922000.0,
        "Special Income Charges": NaN,
        "Impairment Of Capital Assets": NaN,
        "Net Non Operating Interest Income Expense": -2821000.0,
        "Interest Expense Non Operating": 2821000.0,
        "Operating Income": -41360000.0,
        "Operating Expense": 142818000.0,
        "Depreciation Amortization Depletion Income Statement": 12694000.0,
        "Depreciation And Amortization In Income Statement": 12694000.0,
        "Research And Development": 14740000.0,
        "Selling General And Administration": 115384000.0,
        "Selling And Marketing Expense": 89139000.0,
        "General And Administrative Expense": 26245000.0,
        "Other Gand A": 26245000.0,
        "Gross Profit": 101458000.0,
        "Cost Of Revenue": 202146000.0,
        "Total Revenue": 303604000.0,
        "Operating Revenue": 238922000.0
    },
    "2022-06-30": {
        "Tax Effect Of Unusual Items": 0.0,
        "Tax Rate For Calcs": 0.317819,
        "Normalized EBITDA": -18599000.0,
        "Total Unusual Items": NaN,
        "Total Unusual Items Excluding Goodwill": NaN,
        "Net Income From Continuing Operation Net Minority Interest": -22250000.0,
        "Reconciled Depreciation": 12827000.0,
        "Reconciled Cost Of Revenue": 322209000.0,
        "EBITDA": -18599000.0,
        "EBIT": -31426000.0,
        "Net Interest Income": -1190000.0,
        "Interest Expense": 1190000.0,
        "Normalized Income": -22250000.0,
        "Net Income From Continuing And Discontinued Operation": -22250000.0,
        "Total Expenses": 512940000.0,
        "Total Operating Income As Reported": -27048000.0,
        "Diluted Average Shares": 64921000.0,
        "Basic Average Shares": 64650000.0,
        "Diluted EPS": -0.34,
        "Basic EPS": -0.34,
        "Diluted NI Availto Com Stockholders": -22250000.0,
        "Net Income Common Stockholders": -22250000.0,
        "Net Income": -22250000.0,
        "Net Income Including Noncontrolling Interests": -22250000.0,
        "Net Income Continuous Operations": -22250000.0,
        "Tax Provision": -10366000.0,
        "Pretax Income": -32616000.0,
        "Other Income Expense": -4378000.0,
        "Other Non Operating Income Expenses": -4378000.0,
        "Special Income Charges": NaN,
        "Impairment Of Capital Assets": NaN,
        "Net Non Operating Interest Income Expense": -1190000.0,
        "Interest Expense Non Operating": 1190000.0,
        "Operating Income": -27048000.0,
        "Operating Expense": 190731000.0,
        "Depreciation Amortization Depletion Income Statement": 12827000.0,
        "Depreciation And Amortization In Income Statement": 12827000.0,
        "Research And Development": 15192000.0,
        "Selling General And Administration": 162712000.0,
        "Selling And Marketing Expense": 138866000.0,
        "General And Administrative Expense": 23846000.0,
        "Other Gand A": 23846000.0,
        "Gross Profit": 163683000.0,
        "Cost Of Revenue": 322209000.0,
        "Total Revenue": 485892000.0,
        "Operating Revenue": 433978000.0
    },
    "2022-03-31": {
        "Diluted EPS": -0.36,
        "Total Revenue": 470,
        "Gross Profit": 154,
        "Operating Income": -26,
        "EBIT": -13,
        "Net Income": -23
    },
    "2021-12-31": {
        "Diluted EPS": 1.34,
        "Total Revenue": 943,
        "Gross Profit": 378,
        "Operating Income": 116,
        "EBIT": 129,
        "Net Income": 88
    },
    "2021-09-30": {
        "Diluted EPS": -0.2,
        "Total Revenue": 309,
        "Gross Profit": 126,
        "Operating Income": -20,
        "EBIT": -9,
        "Net Income": -13
    },
    "2021-06-30": {
        "Diluted EPS": 0.2,
        "Total Revenue": 487,
        "Gross Profit": 198,
        "Operating Income": 15,
        "EBIT": 26,
        "Net Income": 13
    },
    "2021-03-31": {
        "Diluted EPS": 0.02,
        "Total Revenue": 474,
        "Gross Profit": 185,
        "Operating Income": 0,
        "EBIT": 12,
        "Net Income": 1
    },
    "2020-12-31": {
        "Diluted EPS": 1.71,
        "Total Revenue": 877,
        "Gross Profit": 398,
        "Operating Income": 148,
        "EBIT": 159,
        "Net Income": 114
    },
    "2020-09-30": {
        "Diluted EPS": -0.15,
        "Total Revenue": 284,
        "Gross Profit": 115,
        "Operating Income": -13,
        "EBIT": -4,
        "Net Income": -10
    },
    "2020-06-30": {
        "Diluted EPS": 0.16,
        "Total Revenue": 418,
        "Gross Profit": 169,
        "Operating Income": 12,
        "EBIT": 22,
        "Net Income": 10
    },
    "2020-03-31": {
        "Diluted EPS": -0.15,
        "Total Revenue": 279,
        "Gross Profit": 107,
        "Operating Income": -11,
        "EBIT": -3,
        "Net Income": -10
    },
    "2019-12-31": {
        "Diluted EPS": 1.12,
        "Total Revenue": 606,
        "Gross Profit": 269,
        "Operating Income": 100,
        "EBIT": 108,
        "Net Income": 74
    },
    "2019-09-30": {
        "Diluted EPS": -0.24,
        "Total Revenue": 187,
        "Gross Profit": 76,
        "Operating Income": -21,
        "EBIT": -13,
        "Net Income": -15
    },
    "2019-06-30": {
        "Diluted EPS": -0.12,
        "Total Revenue": 259,
        "Gross Profit": 105,
        "Operating Income": -12,
        "EBIT": -5,
        "Net Income": -8
    },
    "2019-03-31": {
        "Diluted EPS": -0.13,
        "Total Revenue": 248,
        "Gross Profit": 98,
        "Operating Income": -15,
        "EBIT": -7,
        "Net Income": -8
    },
    "2018-12-31": {
        "Diluted EPS": 1.04,
        "Total Revenue": 571,
        "Gross Profit": 255,
        "Operating Income": 95,
        "EBIT": 103,
        "Net Income": 69
    },
    "2018-09-30": {
        "Diluted EPS": -0.27,
        "Total Revenue": 169,
        "Gross Profit": 69,
        "Operating Income": -23,
        "EBIT": -15,
        "Net Income": -17
    },
    "2018-06-30": {
        "Diluted EPS": -0.12,
        "Total Revenue": 230,
        "Gross Profit": 93,
        "Operating Income": -11,
        "EBIT": -3,
        "Net Income": -8
    },
    "2018-03-31": {
        "Diluted EPS": -0.13,
        "Total Revenue": 239,
        "Gross Profit": 93,
        "Operating Income": -12,
        "EBIT": -4,
        "Net Income": -8
    },
    "2017-12-31": {
        "Diluted EPS": 1.06,
        "Total Revenue": 526,
        "Gross Profit": 235,
        "Operating Income": 84,
        "EBIT": 93,
        "Net Income": 71
    },
    "2017-09-30": {
        "Diluted EPS": -0.2,
        "Total Revenue": 157,
        "Gross Profit": 67,
        "Operating Income": -20,
        "EBIT": -11,
        "Net Income": -13
    },
    "2017-06-30": {
        "Diluted EPS": 0.13,
        "Total Revenue": 240,
        "Gross Profit": 98,
        "Operating Income": -11,
        "EBIT": -3,
        "Net Income": 8
    },
    "2017-03-31": {
        "Diluted EPS": -0.17,
        "Total Revenue": 234,
        "Gross Profit": 94,
        "Operating Income": -16,
        "EBIT": -8,
        "Net Income": -11
    },
    "2016-12-31": {
        "Diluted EPS": 0.93,
        "Total Revenue": 555,
        "Gross Profit": 257,
        "Operating Income": 97,
        "EBIT": 106,
        "Net Income": 63
    },
    "2016-09-30": {
        "Diluted EPS": -0.24,
        "Total Revenue": 166,
        "Gross Profit": 71,
        "Operating Income": -23,
        "EBIT": -15,
        "Net Income": -16
    },
    "2016-06-30": {
        "Diluted EPS": -0.16,
        "Total Revenue": 234,
        "Gross Profit": 101,
        "Operating Income": -16,
        "EBIT": -7,
        "Net Income": -11
    },
    "2016-03-31": {
        "Diluted EPS": -0.14,
        "Total Revenue": 234,
        "Gross Profit": 97,
        "Operating Income": -13,
        "EBIT": -5,
        "Net Income": -9
    },
    "2015-12-31": {
        "Diluted EPS": 0.92,
        "Total Revenue": 548,
        "Gross Profit": 253,
        "Operating Income": 94,
        "EBIT": 104,
        "Net Income": 62
    },
    "2015-09-30": {
        "Diluted EPS": -0.07,
        "Total Revenue": 156,
        "Gross Profit": 68,
        "Operating Income": -22,
        "EBIT": -14,
        "Net Income": -4
    },
    "2015-06-30": {
        "Diluted EPS": -0.15,
        "Total Revenue": 228,
        "Gross Profit": 98,
        "Operating Income": -14,
        "EBIT": -6,
        "Net Income": -11
    },
    "2015-03-31": {
        "Diluted EPS": -0.16,
        "Total Revenue": 232,
        "Gross Profit": 95,
        "Operating Income": -16,
        "EBIT": -8,
        "Net Income": -10
    },
    "2014-12-31": {
        "Diluted EPS": 0.68,
        "Total Revenue": 534,
        "Gross Profit": 240,
        "Operating Income": 75,
        "EBIT": 84,
        "Net Income": 46
    },
    "2014-09-30": {
        "Diluted EPS": -0.07,
        "Total Revenue": 127,
        "Gross Profit": 53,
        "Operating Income": -7,
        "EBIT": -1,
        "Net Income": -4
    },
    "2014-06-30": {
        "Diluted EPS": 0.05,
        "Total Revenue": 187,
        "Gross Profit": 80,
        "Operating Income": 5,
        "EBIT": 10,
        "Net Income": 3
    },
    "2014-03-31": {
        "Diluted EPS": -0.02,
        "Total Revenue": 180,
        "Gross Profit": 74,
        "Operating Income": -3,
        "EBIT": 2,
        "Net Income": -1
    },
    "2013-12-31": {
        "Diluted EPS": 0.27,
        "Total Revenue": 266,
        "Gross Profit": 111,
        "Operating Income": 29,
        "EBIT": 34,
        "Net Income": 18
    },
    "2013-09-30": {
        "Diluted EPS": -0.07,
        "Total Revenue": 123,
        "Gross Profit": 51,
        "Operating Income": -7,
        "EBIT": -2,
        "Net Income": -5
    },
    "2013-06-30": {
        "Diluted EPS": -0.02,
        "Total Revenue": 173,
        "Gross Profit": 71,
        "Operating Income": 0,
        "EBIT": 5,
        "Net Income": -2
    },
    "2013-03-31": {
        "Diluted EPS": 0.04,
        "Total Revenue": 192,
        "Gross Profit": 80,
        "Operating Income": 5,
        "EBIT": 10,
        "Net Income": 3
    },
    "2012-12-31": {
        "Diluted EPS": 0.24,
        "Total Revenue": 251,
        "Gross Profit": 104,
        "Operating Income": 27,
        "EBIT": 31,
        "Net Income": 16
    },
    "2012-09-30": {
        "Diluted EPS": -0.07,
        "Total Revenue": 120,
        "Gross Profit": 49,
        "Operating Income": -6,
        "EBIT": -2,
        "Net Income": -5
    },
    "2012-06-30": {
        "Diluted EPS": 0.03,
        "Total Revenue": 171,
        "Gross Profit": 73,
        "Operating Income": 3,
        "EBIT": 8,
        "Net Income": 2
    },
    "2012-03-31": {
        "Diluted EPS": 0.0,
        "Total Revenue": 180,
        "Gross Profit": 73,
        "Operating Income": 0,
        "EBIT": 5,
        "Net Income": 0
    },
    "2011-12-31": {
        "Diluted EPS": 0.25,
        "Total Revenue": 240,
        "Gross Profit": 100,
        "Operating Income": 28,
        "EBIT": 33,
        "Net Income": 17
    },
    "2011-09-30": {
        "Diluted EPS": -0.01,
        "Total Revenue": 117,
        "Gross Profit": 47,
        "Operating Income": -8,
        "EBIT": -3,
        "Net Income": -1
    },
    "2011-06-30": {
        "Diluted EPS": 0.0,
        "Total Revenue": 172,
        "Gross Profit": 72,
        "Operating Income": 1,
        "EBIT": 6,
        "Net Income": 0
    },
    "2011-03-31": {
        "Diluted EPS": -0.04,
        "Total Revenue": 159,
        "Gross Profit": 63,
        "Operating Income": -3,
        "EBIT": 2,
        "Net Income": -3
    },
    "2010-12-31": {
        "Diluted EPS": 0.21,
        "Total Revenue": 229,
        "Gross Profit": 97,
        "Operating Income": 24,
        "EBIT": 30,
        "Net Income": 14
    },
    "2010-09-30": {
        "Diluted EPS": -0.08,
        "Total Revenue": 102,
        "Gross Profit": 43,
        "Operating Income": -8,
        "EBIT": -3,
        "Net Income": -5
    },
    "2010-06-30": {
        "Diluted EPS": -0.09,
        "Total Revenue": 151,
        "Gross Profit": 60,
        "Operating Income": -2,
        "EBIT": 3,
        "Net Income": -5
    },
    "2010-03-31": {
        "Diluted EPS": -0.11,
        "Total Revenue": 156,
        "Gross Profit": 59,
        "Operating Income": -8,
        "EBIT": -3,
        "Net Income": -7
    },
    "2009-12-31": {
        "Diluted EPS": 0.24,
        "Total Revenue": 238,
        "Gross Profit": 100,
        "Operating Income": 23,
        "EBIT": 28,
        "Net Income": 15
    },
    "2009-09-30": {
        "Diluted EPS": -0.11,
        "Total Revenue": 108,
        "Gross Profit": 44,
        "Operating Income": -8,
        "EBIT": -3,
        "Net Income": -7
    },
    "2009-06-30": {
        "Diluted EPS": -0.36,
        "Total Revenue": 172,
        "Gross Profit": 67,
        "Operating Income": -13,
        "EBIT": -80,
        "Net Income": -22
    },
    "2009-03-31": {
        "Diluted EPS": -1.03,
        "Total Revenue": 154,
        "Gross Profit": 62,
        "Operating Income": -81,
        "EBIT": -19,
        "Net Income": -66
    },
    "2023-06-30": {
        "Tax Effect Of Unusual Items": NaN,
        "Tax Rate For Calcs": NaN,
        "Normalized EBITDA": NaN,
        "Total Unusual Items": 0.0,
        "Total Unusual Items Excluding Goodwill": 0.0,
        "Net Income From Continuing Operation Net Minority Interest": NaN,
        "Reconciled Depreciation": NaN,
        "Reconciled Cost Of Revenue": NaN,
        "EBITDA": NaN,
        "EBIT": NaN,
        "Net Interest Income": NaN,
        "Interest Expense": NaN,
        "Normalized Income": NaN,
        "Net Income From Continuing And Discontinued Operation": NaN,
        "Total Expenses": NaN,
        "Total Operating Income As Reported": NaN,
        "Diluted Average Shares": 64773000.0,
        "Basic Average Shares": 64773000.0,
        "Diluted EPS": -0.35,
        "Basic EPS": -0.35,
        "Diluted NI Availto Com Stockholders": NaN,
        "Net Income Common Stockholders": NaN,
        "Net Income": NaN,
        "Net Income Including Noncontrolling Interests": NaN,
        "Net Income Continuous Operations": NaN,
        "Tax Provision": NaN,
        "Pretax Income": NaN,
        "Other Income Expense": NaN,
        "Other Non Operating Income Expenses": NaN,
        "Special Income Charges": 0.0,
        "Impairment Of Capital Assets": 0.0,
        "Net Non Operating Interest Income Expense": NaN,
        "Interest Expense Non Operating": NaN,
        "Operating Income": NaN,
        "Operating Expense": NaN,
        "Depreciation Amortization Depletion Income Statement": NaN,
        "Depreciation And Amortization In Income Statement": NaN,
        "Research And Development": NaN,
        "Selling General And Administration": NaN,
        "Selling And Marketing Expense": NaN,
        "General And Administrative Expense": NaN,
        "Other Gand A": NaN,
        "Gross Profit": NaN,
        "Cost Of Revenue": NaN,
        "Total Revenue": NaN,
        "Operating Revenue": NaN
    },
    "2023-09-30": {
        "Tax Effect Of Unusual Items": 0.0,
        "Tax Rate For Calcs": 0.248,
        "Normalized EBITDA": -24857000.0,
        "Total Unusual Items": NaN,
        "Total Unusual Items Excluding Goodwill": NaN,
        "Net Income From Continuing Operation Net Minority Interest": -31242000.0,
        "Reconciled Depreciation": 13194000.0,
        "Reconciled Cost Of Revenue": 167122000.0,
        "EBITDA": -24857000.0,
        "EBIT": -38051000.0,
        "Net Interest Income": -3482000.0,
        "Interest Expense": 3482000.0,
        "Normalized Income": -31242000.0,
        "Net Income From Continuing And Discontinued Operation": -31242000.0,
        "Total Expenses": 306627000.0,
        "Total Operating Income As Reported": -37577000.0,
        "Diluted Average Shares": 64785000.0,
        "Basic Average Shares": 64785000.0,
        "Diluted EPS": -0.48,
        "Basic EPS": -0.48,
        "Diluted NI Availto Com Stockholders": -31242000.0,
        "Net Income Common Stockholders": -31242000.0,
        "Net Income": -31242000.0,
        "Net Income Including Noncontrolling Interests": -31242000.0,
        "Net Income Continuous Operations": -31242000.0,
        "Tax Provision": -10291000.0,
        "Pretax Income": -41533000.0,
        "Other Income Expense": -474000.0,
        "Other Non Operating Income Expenses": -474000.0,
        "Special Income Charges": NaN,
        "Impairment Of Capital Assets": NaN,
        "Net Non Operating Interest Income Expense": -3482000.0,
        "Interest Expense Non Operating": 3482000.0,
        "Operating Income": -37577000.0,
        "Operating Expense": 139505000.0,
        "Depreciation Amortization Depletion Income Statement": 13194000.0,
        "Depreciation And Amortization In Income Statement": 13194000.0,
        "Research And Development": 15304000.0,
        "Selling General And Administration": 111007000.0,
        "Selling And Marketing Expense": 82518000.0,
        "General And Administrative Expense": 28489000.0,
        "Other Gand A": 28489000.0,
        "Gross Profit": 101928000.0,
        "Cost Of Revenue": 167122000.0,
        "Total Revenue": 269050000.0,
        "Operating Revenue": 269050000.0
    },
    "2023-12-31": {
        "Tax Effect Of Unusual Items": -5849552.0,
        "Tax Rate For Calcs": 0.296,
        "Normalized EBITDA": 127900000.0,
        "Total Unusual Items": -19762000.0,
        "Total Unusual Items Excluding Goodwill": -19762000.0,
        "Net Income From Continuing Operation Net Minority Interest": 62907000.0,
        "Reconciled Depreciation": 14152000.0,
        "Reconciled Cost Of Revenue": 466357000.0,
        "EBITDA": 108138000.0,
        "EBIT": 93986000.0,
        "Net Interest Income": -4611000.0,
        "Interest Expense": 4611000.0,
        "Normalized Income": 76819448.0,
        "Net Income From Continuing And Discontinued Operation": 62907000.0,
        "Total Expenses": 711042000.0,
        "Total Operating Income As Reported": 91250000.0,
        "Diluted Average Shares": 65177000.0,
        "Basic Average Shares": 64835000.0,
        "Diluted EPS": 0.97,
        "Basic EPS": 0.97,
        "Diluted NI Availto Com Stockholders": 62907000.0,
        "Net Income Common Stockholders": 62907000.0,
        "Net Income": 62907000.0,
        "Net Income Including Noncontrolling Interests": 62907000.0,
        "Net Income Continuous Operations": 62907000.0,
        "Tax Provision": 26468000.0,
        "Pretax Income": 89375000.0,
        "Other Income Expense": -17026000.0,
        "Other Non Operating Income Expenses": 2736000.0,
        "Special Income Charges": -19762000.0,
        "Impairment Of Capital Assets": 19762000.0,
        "Net Non Operating Interest Income Expense": -4611000.0,
        "Interest Expense Non Operating": 4611000.0,
        "Operating Income": 111012000.0,
        "Operating Expense": 244685000.0,
        "Depreciation Amortization Depletion Income Statement": 14152000.0,
        "Depreciation And Amortization In Income Statement": 14152000.0,
        "Research And Development": 14822000.0,
        "Selling General And Administration": 215711000.0,
        "Selling And Marketing Expense": 188557000.0,
        "General And Administrative Expense": 27154000.0,
        "Other Gand A": 27154000.0,
        "Gross Profit": 355697000.0,
        "Cost Of Revenue": 466357000.0,
        "Total Revenue": 822054000.0,
        "Operating Revenue": 738406000.0
    },
    "2024-03-31": {
        "Tax Effect Of Unusual Items": 0.0,
        "Tax Rate For Calcs": 0.33,
        "Normalized EBITDA": -11123000.0,
        "Total Unusual Items": 0.0,
        "Total Unusual Items Excluding Goodwill": 0.0,
        "Net Income From Continuing Operation Net Minority Interest": -16903000.0,
        "Reconciled Depreciation": 13232000.0,
        "Reconciled Cost Of Revenue": 240688000.0,
        "EBITDA": -11123000.0,
        "EBIT": -24355000.0,
        "Net Interest Income": -881000.0,
        "Interest Expense": 881000.0,
        "Normalized Income": -16903000.0,
        "Net Income From Continuing And Discontinued Operation": -16903000.0,
        "Total Expenses": 407334000.0,
        "Total Operating Income As Reported": -27929000.0,
        "Diluted Average Shares": 64489000.0,
        "Basic Average Shares": 64489000.0,
        "Diluted EPS": -0.26,
        "Basic EPS": -0.26,
        "Diluted NI Availto Com Stockholders": -16903000.0,
        "Net Income Common Stockholders": -16903000.0,
        "Net Income": -16903000.0,
        "Net Income Including Noncontrolling Interests": -16903000.0,
        "Net Income Continuous Operations": -16903000.0,
        "Tax Provision": -8333000.0,
        "Pretax Income": -25236000.0,
        "Other Income Expense": 3574000.0,
        "Other Non Operating Income Expenses": 3574000.0,
        "Special Income Charges": 0.0,
        "Impairment Of Capital Assets": 0.0,
        "Net Non Operating Interest Income Expense": -881000.0,
        "Interest Expense Non Operating": 881000.0,
        "Operating Income": -27929000.0,
        "Operating Expense": 166646000.0,
        "Depreciation Amortization Depletion Income Statement": 13232000.0,
        "Depreciation And Amortization In Income Statement": 13232000.0,
        "Research And Development": 15291000.0,
        "Selling General And Administration": 138123000.0,
        "Selling And Marketing Expense": 105828000.0,
        "General And Administrative Expense": 32295000.0,
        "Other Gand A": 32295000.0,
        "Gross Profit": 138717000.0,
        "Cost Of Revenue": 240688000.0,
        "Total Revenue": 379405000.0,
        "Operating Revenue": 340241000.0
    },
    "2024-06-30": {
        "Tax Effect Of Unusual Items": 0.0,
        "Tax Rate For Calcs": 0.26803,
        "Normalized EBITDA": -13685000.0,
        "Total Unusual Items": 0.0,
        "Total Unusual Items Excluding Goodwill": 0.0,
        "Net Income From Continuing Operation Net Minority Interest": -20867000.0,
        "Reconciled Depreciation": 13174000.0,
        "Reconciled Cost Of Revenue": 222501000.0,
        "EBITDA": -13685000.0,
        "EBIT": -26859000.0,
        "Net Interest Income": -1649000.0,
        "Interest Expense": 1649000.0,
        "Normalized Income": -20867000.0,
        "Net Income From Continuing And Discontinued Operation": -20867000.0,
        "Total Expenses": 388728000.0,
        "Total Operating Income As Reported": -27816000.0,
        "Diluted Average Shares": 64234000.0,
        "Basic Average Shares": 64234000.0,
        "Diluted EPS": -0.32,
        "Basic EPS": -0.32,
        "Diluted NI Availto Com Stockholders": -20867000.0,
        "Net Income Common Stockholders": -20867000.0,
        "Net Income": -20867000.0,
        "Net Income Including Noncontrolling Interests": -20867000.0,
        "Net Income Continuous Operations": -20867000.0,
        "Tax Provision": -7641000.0,
        "Pretax Income": -28508000.0,
        "Other Income Expense": 957000.0,
        "Other Non Operating Income Expenses": 957000.0,
        "Special Income Charges": 0.0,
        "Impairment Of Capital Assets": 0.0,
        "Net Non Operating Interest Income Expense": -1649000.0,
        "Interest Expense Non Operating": 1649000.0,
        "Operating Income": -27816000.0,
        "Operating Expense": 166227000.0,
        "Depreciation Amortization Depletion Income Statement": 13174000.0,
        "Depreciation And Amortization In Income Statement": 13174000.0,
        "Research And Development": 14818000.0,
        "Selling General And Administration": 138235000.0,
        "Selling And Marketing Expense": 108113000.0,
        "General And Administrative Expense": 30122000.0,
        "Other Gand A": 30122000.0,
        "Gross Profit": 138411000.0,
        "Cost Of Revenue": 222501000.0,
        "Total Revenue": 360912000.0,
        "Operating Revenue": 542863000.0
    },
    "2024-09-30": {
        "Tax Effect Of Unusual Items": 0.0,
        "Tax Rate For Calcs": 0.296125,
        "Normalized EBITDA": -32176000.0,
        "Total Unusual Items": NaN,
        "Total Unusual Items Excluding Goodwill": NaN,
        "Net Income From Continuing Operation Net Minority Interest": -34190000.0,
        "Reconciled Depreciation": 13038000.0,
        "Reconciled Cost Of Revenue": 149771000.0,
        "EBITDA": -32176000.0,
        "EBIT": -45214000.0,
        "Net Interest Income": -3360000.0,
        "Interest Expense": 3360000.0,
        "Normalized Income": -34190000.0,
        "Net Income From Continuing And Discontinued Operation": -34190000.0,
        "Total Expenses": 289071000.0,
        "Total Operating Income As Reported": -46981000.0,
        "Diluted Average Shares": NaN,
        "Basic Average Shares": NaN,
        "Diluted EPS": NaN,
        "Basic EPS": NaN,
        "Diluted NI Availto Com Stockholders": -34190000.0,
        "Net Income Common Stockholders": -34190000.0,
        "Net Income": -34190000.0,
        "Net Income Including Noncontrolling Interests": -34190000.0,
        "Net Income Continuous Operations": -34190000.0,
        "Tax Provision": -14384000.0,
        "Pretax Income": -48574000.0,
        "Other Income Expense": 1767000.0,
        "Other Non Operating Income Expenses": 1767000.0,
        "Special Income Charges": NaN,
        "Impairment Of Capital Assets": NaN,
        "Net Non Operating Interest Income Expense": -3360000.0,
        "Interest Expense Non Operating": 3360000.0,
        "Operating Income": -46981000.0,
        "Operating Expense": 139300000.0,
        "Depreciation Amortization Depletion Income Statement": 13038000.0,
        "Depreciation And Amortization In Income Statement": 13038000.0,
        "Research And Development": 15639000.0,
        "Selling General And Administration": 110623000.0,
        "Selling And Marketing Expense": 82097000.0,
        "General And Administrative Expense": 28526000.0,
        "Other Gand A": 28526000.0,
        "Gross Profit": 92319000.0,
        "Cost Of Revenue": 149771000.0,
        "Total Revenue": 242090000.0,
        "Operating Revenue": 193174000.0
    }
}