{
    "2023-03-31": {
        "Tax Effect Of Unusual Items": NaN,
        "Tax Rate For Calcs": NaN,
        "Normalized EBITDA": NaN,
        "Total Unusual Items": 1470000.0,
        "Total Unusual Items Excluding Goodwill": 1470000.0,
        "Net Income From Continuing Operation Net Minority Interest": NaN,
        "Reconciled Depreciation": NaN,
        "Reconciled Cost Of Revenue": NaN,
        "EBITDA": NaN,
        "EBIT": NaN,
        "Net Interest Income": NaN,
        "Interest Expense": NaN,
        "Interest Income": NaN,
        "Normalized Income": NaN,
        "Net Income From Continuing And Discontinued Operation": NaN,
        "Total Expenses": NaN,
        "Total Operating Income As Reported": NaN,
        "Diluted Average Shares": 109787528.0,
        "Basic Average Shares": 109787528.0,
        "Diluted EPS": -0.03,
        "Basic EPS": -0.03,
        "Diluted NI Availto Com Stockholders": NaN,
        "Net Income Common Stockholders": NaN,
        "Otherunder Preferred Stock Dividend": NaN,
        "Net Income": NaN,
        "Net Income Including Noncontrolling Interests": NaN,
        "Net Income Continuous Operations": NaN,
        "Tax Provision": NaN,
        "Pretax Income": NaN,
        "Other Income Expense": NaN,
        "Other Non Operating Income Expenses": 1470000.0,
        "Gain On Sale Of Security": 1470000.0,
        "Net Non Operating Interest Income Expense": NaN,
        "Interest Expense Non Operating": NaN,
        "Interest Income Non Operating": NaN,
        "Operating Income": NaN,
        "Operating Expense": NaN,
        "Research And Development": NaN,
        "Selling General And Administration": NaN,
        "Selling And Marketing Expense": NaN,
        "General And Administrative Expense": NaN,
        "Other Gand A": NaN,
        "Gross Profit": NaN,
        "Cost Of Revenue": NaN,
        "Total Revenue": NaN,
        "Operating Revenue": NaN
    },
    "2022-12-31": {
        "Tax Effect Of Unusual Items": NaN,
        "Tax Rate For Calcs": NaN,
        "Normalized EBITDA": NaN,
        "Total Unusual Items": NaN,
        "Total Unusual Items Excluding Goodwill": NaN,
        "Net Income From Continuing Operation Net Minority Interest": NaN,
        "Reconciled Depreciation": NaN,
        "Reconciled Cost Of Revenue": NaN,
        "EBITDA": NaN,
        "EBIT": NaN,
        "Net Interest Income": NaN,
        "Interest Expense": NaN,
        "Interest Income": NaN,
        "Normalized Income": NaN,
        "Net Income From Continuing And Discontinued Operation": NaN,
        "Total Expenses": NaN,
        "Total Operating Income As Reported": NaN,
        "Diluted Average Shares": NaN,
        "Basic Average Shares": NaN,
        "Diluted EPS": NaN,
        "Basic EPS": NaN,
        "Diluted NI Availto Com Stockholders": NaN,
        "Net Income Common Stockholders": NaN,
        "Otherunder Preferred Stock Dividend": 0.0,
        "Net Income": NaN,
        "Net Income Including Noncontrolling Interests": NaN,
        "Net Income Continuous Operations": NaN,
        "Tax Provision": NaN,
        "Pretax Income": NaN,
        "Other Income Expense": NaN,
        "Other Non Operating Income Expenses": 7702000.0,
        "Gain On Sale Of Security": NaN,
        "Net Non Operating Interest Income Expense": NaN,
        "Interest Expense Non Operating": NaN,
        "Interest Income Non Operating": NaN,
        "Operating Income": NaN,
        "Operating Expense": NaN,
        "Research And Development": NaN,
        "Selling General And Administration": NaN,
        "Selling And Marketing Expense": NaN,
        "General And Administrative Expense": NaN,
        "Other Gand A": NaN,
        "Gross Profit": NaN,
        "Cost Of Revenue": NaN,
        "Total Revenue": NaN,
        "Operating Revenue": NaN
    },
    "2022-09-30": {
        "Tax Effect Of Unusual Items": NaN,
        "Tax Rate For Calcs": NaN,
        "Normalized EBITDA": NaN,
        "Total Unusual Items": -7520000.0,
        "Total Unusual Items Excluding Goodwill": -7520000.0,
        "Net Income From Continuing Operation Net Minority Interest": NaN,
        "Reconciled Depreciation": NaN,
        "Reconciled Cost Of Revenue": NaN,
        "EBITDA": NaN,
        "EBIT": NaN,
        "Net Interest Income": NaN,
        "Interest Expense": NaN,
        "Interest Income": NaN,
        "Normalized Income": NaN,
        "Net Income From Continuing And Discontinued Operation": NaN,
        "Total Expenses": NaN,
        "Total Operating Income As Reported": NaN,
        "Diluted Average Shares": NaN,
        "Basic Average Shares": NaN,
        "Diluted EPS": NaN,
        "Basic EPS": NaN,
        "Diluted NI Availto Com Stockholders": NaN,
        "Net Income Common Stockholders": NaN,
        "Otherunder Preferred Stock Dividend": 0.0,
        "Net Income": NaN,
        "Net Income Including Noncontrolling Interests": NaN,
        "Net Income Continuous Operations": NaN,
        "Tax Provision": NaN,
        "Pretax Income": NaN,
        "Other Income Expense": NaN,
        "Other Non Operating Income Expenses": -6247000.0,
        "Gain On Sale Of Security": -7520000.0,
        "Net Non Operating Interest Income Expense": NaN,
        "Interest Expense Non Operating": NaN,
        "Interest Income Non Operating": NaN,
        "Operating Income": NaN,
        "Operating Expense": NaN,
        "Research And Development": NaN,
        "Selling General And Administration": NaN,
        "Selling And Marketing Expense": NaN,
        "General And Administrative Expense": NaN,
        "Other Gand A": NaN,
        "Gross Profit": NaN,
        "Cost Of Revenue": NaN,
        "Total Revenue": NaN,
        "Operating Revenue": NaN
    },
    "2022-06-30": {
        "Tax Effect Of Unusual Items": 0.0,
        "Tax Rate For Calcs": 0.4,
        "Normalized EBITDA": -19486000.0,
        "Total Unusual Items": NaN,
        "Total Unusual Items Excluding Goodwill": NaN,
        "Net Income From Continuing Operation Net Minority Interest": -23797000.0,
        "Reconciled Depreciation": 2967000.0,
        "Reconciled Cost Of Revenue": 21820000.0,
        "EBITDA": -19486000.0,
        "EBIT": -22453000.0,
        "Net Interest Income": -266000.0,
        "Interest Expense": 266000.0,
        "Interest Income": NaN,
        "Normalized Income": -23797000.0,
        "Net Income From Continuing And Discontinued Operation": -23797000.0,
        "Total Expenses": 73934000.0,
        "Total Operating Income As Reported": -17397000.0,
        "Diluted Average Shares": 107426898.0,
        "Basic Average Shares": 107426898.0,
        "Diluted EPS": -0.22,
        "Basic EPS": -0.22,
        "Diluted NI Availto Com Stockholders": -23797000.0,
        "Net Income Common Stockholders": -23797000.0,
        "Otherunder Preferred Stock Dividend": NaN,
        "Net Income": -23797000.0,
        "Net Income Including Noncontrolling Interests": -23797000.0,
        "Net Income Continuous Operations": -23797000.0,
        "Tax Provision": 1078000.0,
        "Pretax Income": -22719000.0,
        "Other Income Expense": -5056000.0,
        "Other Non Operating Income Expenses": -5056000.0,
        "Gain On Sale Of Security": NaN,
        "Net Non Operating Interest Income Expense": -266000.0,
        "Interest Expense Non Operating": 266000.0,
        "Interest Income Non Operating": NaN,
        "Operating Income": -17397000.0,
        "Operating Expense": 52114000.0,
        "Research And Development": 13204000.0,
        "Selling General And Administration": 38910000.0,
        "Selling And Marketing Expense": 18887000.0,
        "General And Administrative Expense": 20023000.0,
        "Other Gand A": 20023000.0,
        "Gross Profit": 34717000.0,
        "Cost Of Revenue": 21820000.0,
        "Total Revenue": 56537000.0,
        "Operating Revenue": 56537000.0
    },
    "2022-03-31": {
        "Diluted EPS": -0.1,
        "Total Revenue": 65,
        "Gross Profit": 65,
        "Operating Income": -7,
        "EBIT": -4,
        "Net Income": -10
    },
    "2021-12-31": {
        "Diluted EPS": 0.29,
        "Total Revenue": 51,
        "Gross Profit": 51,
        "Operating Income": -10,
        "EBIT": -8,
        "Net Income": -11
    },
    "2021-09-30": {
        "Diluted EPS": 0.08,
        "Total Revenue": 68,
        "Gross Profit": 68,
        "Operating Income": 11,
        "EBIT": 13,
        "Net Income": 10
    },
    "2021-06-30": {
        "Diluted EPS": -0.35,
        "Total Revenue": 37,
        "Gross Profit": 37,
        "Operating Income": -8,
        "EBIT": -5,
        "Net Income": -18
    },
    "2021-03-31": {
        "Diluted EPS": -0.41,
        "Total Revenue": 45,
        "Gross Profit": 45,
        "Operating Income": -6,
        "EBIT": -4,
        "Net Income": -9
    },
    "2020-12-31": {
        "Diluted EPS": 0.0,
        "Total Revenue": NaN,
        "Gross Profit": NaN,
        "Operating Income": NaN,
        "EBIT": NaN,
        "Net Income": NaN
    },
    "2020-09-30": {
        "Diluted EPS": 0.04,
        "Total Revenue": 42,
        "Gross Profit": 42,
        "Operating Income": 5,
        "EBIT": 7,
        "Net Income": 1
    },
    "2020-06-30": {
        "Diluted EPS": -0.87,
        "Total Revenue": 24,
        "Gross Profit": 24,
        "Operating Income": -15,
        "EBIT": -15,
        "Net Income": -16
    },
    "2019-12-31": {
        "Diluted EPS": 0.0,
        "Total Revenue": NaN,
        "Gross Profit": NaN,
        "Operating Income": NaN,
        "EBIT": NaN,
        "Net Income": NaN
    },
    "2023-06-30": {
        "Tax Effect Of Unusual Items": -158550.0,
        "Tax Rate For Calcs": 0.21,
        "Normalized EBITDA": -10728000.0,
        "Total Unusual Items": -755000.0,
        "Total Unusual Items Excluding Goodwill": -755000.0,
        "Net Income From Continuing Operation Net Minority Interest": -16813000.0,
        "Reconciled Depreciation": 4145000.0,
        "Reconciled Cost Of Revenue": 33804000.0,
        "EBITDA": -11483000.0,
        "EBIT": -15628000.0,
        "Net Interest Income": 1857000.0,
        "Interest Expense": 78000.0,
        "Interest Income": 1935000.0,
        "Normalized Income": -16216550.0,
        "Net Income From Continuing And Discontinued Operation": -16813000.0,
        "Total Expenses": 101677000.0,
        "Total Operating Income As Reported": -16808000.0,
        "Diluted Average Shares": 111133221.0,
        "Basic Average Shares": 111133221.0,
        "Diluted EPS": -0.15,
        "Basic EPS": -0.15,
        "Diluted NI Availto Com Stockholders": -16813000.0,
        "Net Income Common Stockholders": -16813000.0,
        "Otherunder Preferred Stock Dividend": NaN,
        "Net Income": -16813000.0,
        "Net Income Including Noncontrolling Interests": -16813000.0,
        "Net Income Continuous Operations": -16813000.0,
        "Tax Provision": 1107000.0,
        "Pretax Income": -15706000.0,
        "Other Income Expense": -755000.0,
        "Other Non Operating Income Expenses": NaN,
        "Gain On Sale Of Security": -755000.0,
        "Net Non Operating Interest Income Expense": 1857000.0,
        "Interest Expense Non Operating": 78000.0,
        "Interest Income Non Operating": 1935000.0,
        "Operating Income": -16808000.0,
        "Operating Expense": 67873000.0,
        "Research And Development": 16016000.0,
        "Selling General And Administration": 51857000.0,
        "Selling And Marketing Expense": 27273000.0,
        "General And Administrative Expense": 24584000.0,
        "Other Gand A": 24584000.0,
        "Gross Profit": 51065000.0,
        "Cost Of Revenue": 33804000.0,
        "Total Revenue": 84869000.0,
        "Operating Revenue": 84869000.0
    },
    "2023-09-30": {
        "Tax Effect Of Unusual Items": -245514.0,
        "Tax Rate For Calcs": 0.058,
        "Normalized EBITDA": 19625000.0,
        "Total Unusual Items": -4233000.0,
        "Total Unusual Items Excluding Goodwill": -4233000.0,
        "Net Income From Continuing Operation Net Minority Interest": 10643000.0,
        "Reconciled Depreciation": 3898000.0,
        "Reconciled Cost Of Revenue": 42900000.0,
        "EBITDA": 15392000.0,
        "EBIT": 11494000.0,
        "Net Interest Income": 3742000.0,
        "Interest Expense": 99000.0,
        "Interest Income": 3841000.0,
        "Normalized Income": 14630486.0,
        "Net Income From Continuing And Discontinued Operation": 10643000.0,
        "Total Expenses": 111437000.0,
        "Total Operating Income As Reported": 11886000.0,
        "Diluted Average Shares": 125480393.0,
        "Basic Average Shares": 116492191.0,
        "Diluted EPS": 0.08,
        "Basic EPS": 0.09,
        "Diluted NI Availto Com Stockholders": 10643000.0,
        "Net Income Common Stockholders": 10643000.0,
        "Otherunder Preferred Stock Dividend": NaN,
        "Net Income": 10643000.0,
        "Net Income Including Noncontrolling Interests": 10643000.0,
        "Net Income Continuous Operations": 10643000.0,
        "Tax Provision": 752000.0,
        "Pretax Income": 11395000.0,
        "Other Income Expense": -4233000.0,
        "Other Non Operating Income Expenses": NaN,
        "Gain On Sale Of Security": -4233000.0,
        "Net Non Operating Interest Income Expense": 3742000.0,
        "Interest Expense Non Operating": 99000.0,
        "Interest Income Non Operating": 3841000.0,
        "Operating Income": 11886000.0,
        "Operating Expense": 68537000.0,
        "Research And Development": 14591000.0,
        "Selling General And Administration": 53946000.0,
        "Selling And Marketing Expense": 27084000.0,
        "General And Administrative Expense": 26862000.0,
        "Other Gand A": 26862000.0,
        "Gross Profit": 80423000.0,
        "Cost Of Revenue": 42900000.0,
        "Total Revenue": 123323000.0,
        "Operating Revenue": 123323000.0
    },
    "2023-12-31": {
        "Tax Effect Of Unusual Items": 0.0,
        "Tax Rate For Calcs": 0.21,
        "Normalized EBITDA": 7307000.0,
        "Total Unusual Items": NaN,
        "Total Unusual Items Excluding Goodwill": NaN,
        "Net Income From Continuing Operation Net Minority Interest": 1287000.0,
        "Reconciled Depreciation": 3990000.0,
        "Reconciled Cost Of Revenue": 36780000.0,
        "EBITDA": 7307000.0,
        "EBIT": 3317000.0,
        "Net Interest Income": 5546000.0,
        "Interest Expense": 92000.0,
        "Interest Income": 5638000.0,
        "Normalized Income": 1287000.0,
        "Net Income From Continuing And Discontinued Operation": 1287000.0,
        "Total Expenses": 110573000.0,
        "Total Operating Income As Reported": -10028000.0,
        "Diluted Average Shares": NaN,
        "Basic Average Shares": NaN,
        "Diluted EPS": NaN,
        "Basic EPS": NaN,
        "Diluted NI Availto Com Stockholders": 1287000.0,
        "Net Income Common Stockholders": 1287000.0,
        "Otherunder Preferred Stock Dividend": NaN,
        "Net Income": 1287000.0,
        "Net Income Including Noncontrolling Interests": 1287000.0,
        "Net Income Continuous Operations": 1287000.0,
        "Tax Provision": 1938000.0,
        "Pretax Income": 3225000.0,
        "Other Income Expense": 7707000.0,
        "Other Non Operating Income Expenses": NaN,
        "Gain On Sale Of Security": NaN,
        "Net Non Operating Interest Income Expense": 5546000.0,
        "Interest Expense Non Operating": 92000.0,
        "Interest Income Non Operating": 5638000.0,
        "Operating Income": -10028000.0,
        "Operating Expense": 73793000.0,
        "Research And Development": 16898000.0,
        "Selling General And Administration": 56895000.0,
        "Selling And Marketing Expense": 28830000.0,
        "General And Administrative Expense": 28065000.0,
        "Other Gand A": 28065000.0,
        "Gross Profit": 63765000.0,
        "Cost Of Revenue": 36780000.0,
        "Total Revenue": 100545000.0,
        "Operating Revenue": 100545000.0
    },
    "2024-03-31": {
        "Tax Effect Of Unusual Items": -918960.0,
        "Tax Rate For Calcs": 0.21,
        "Normalized EBITDA": 4175000.0,
        "Total Unusual Items": -4376000.0,
        "Total Unusual Items Excluding Goodwill": -4376000.0,
        "Net Income From Continuing Operation Net Minority Interest": -6217000.0,
        "Reconciled Depreciation": 4259000.0,
        "Reconciled Cost Of Revenue": 41650000.0,
        "EBITDA": -201000.0,
        "EBIT": -4460000.0,
        "Net Interest Income": 5737000.0,
        "Interest Expense": 142000.0,
        "Interest Income": 5879000.0,
        "Normalized Income": -2759960.0,
        "Net Income From Continuing And Discontinued Operation": -6217000.0,
        "Total Expenses": 120066000.0,
        "Total Operating Income As Reported": -5963000.0,
        "Diluted Average Shares": 123143343.0,
        "Basic Average Shares": 123143343.0,
        "Diluted EPS": -0.05,
        "Basic EPS": -0.05,
        "Diluted NI Availto Com Stockholders": -6217000.0,
        "Net Income Common Stockholders": -6217000.0,
        "Otherunder Preferred Stock Dividend": NaN,
        "Net Income": -6217000.0,
        "Net Income Including Noncontrolling Interests": -6217000.0,
        "Net Income Continuous Operations": -6217000.0,
        "Tax Provision": 1615000.0,
        "Pretax Income": -4602000.0,
        "Other Income Expense": -4376000.0,
        "Other Non Operating Income Expenses": NaN,
        "Gain On Sale Of Security": -4376000.0,
        "Net Non Operating Interest Income Expense": 5737000.0,
        "Interest Expense Non Operating": 142000.0,
        "Interest Income Non Operating": 5879000.0,
        "Operating Income": -5963000.0,
        "Operating Expense": 78416000.0,
        "Research And Development": 16737000.0,
        "Selling General And Administration": 61679000.0,
        "Selling And Marketing Expense": 30083000.0,
        "General And Administrative Expense": 31596000.0,
        "Other Gand A": 31596000.0,
        "Gross Profit": 72453000.0,
        "Cost Of Revenue": 41650000.0,
        "Total Revenue": 114103000.0,
        "Operating Revenue": 114103000.0
    },
    "2024-06-30": {
        "Tax Effect Of Unusual Items": 209580.0,
        "Tax Rate For Calcs": 0.21,
        "Normalized EBITDA": -5864000.0,
        "Total Unusual Items": 998000.0,
        "Total Unusual Items Excluding Goodwill": 998000.0,
        "Net Income From Continuing Operation Net Minority Interest": -13880000.0,
        "Reconciled Depreciation": 4204000.0,
        "Reconciled Cost Of Revenue": 39899000.0,
        "EBITDA": -4866000.0,
        "EBIT": -9070000.0,
        "Net Interest Income": 5586000.0,
        "Interest Expense": 133000.0,
        "Interest Income": 5719000.0,
        "Normalized Income": -14668420.0,
        "Net Income From Continuing And Discontinued Operation": -13880000.0,
        "Total Expenses": 119463000.0,
        "Total Operating Income As Reported": -15787000.0,
        "Diluted Average Shares": 124562015.0,
        "Basic Average Shares": 124562015.0,
        "Diluted EPS": -0.11,
        "Basic EPS": -0.11,
        "Diluted NI Availto Com Stockholders": -13880000.0,
        "Net Income Common Stockholders": -13880000.0,
        "Otherunder Preferred Stock Dividend": NaN,
        "Net Income": -13880000.0,
        "Net Income Including Noncontrolling Interests": -13880000.0,
        "Net Income Continuous Operations": -13880000.0,
        "Tax Provision": 4677000.0,
        "Pretax Income": -9203000.0,
        "Other Income Expense": 998000.0,
        "Other Non Operating Income Expenses": NaN,
        "Gain On Sale Of Security": 998000.0,
        "Net Non Operating Interest Income Expense": 5586000.0,
        "Interest Expense Non Operating": 133000.0,
        "Interest Income Non Operating": 5719000.0,
        "Operating Income": -15787000.0,
        "Operating Expense": 79564000.0,
        "Research And Development": 15834000.0,
        "Selling General And Administration": 63730000.0,
        "Selling And Marketing Expense": 31771000.0,
        "General And Administrative Expense": 31959000.0,
        "Other Gand A": 31959000.0,
        "Gross Profit": 63777000.0,
        "Cost Of Revenue": 39899000.0,
        "Total Revenue": 103676000.0,
        "Operating Revenue": 103676000.0
    }
}