{
    "2023-06-30": {
        "Tax Effect Of Unusual Items": 0.0,
        "Tax Rate For Calcs": 0.2033,
        "Total Unusual Items": 0.0,
        "Total Unusual Items Excluding Goodwill": 0.0,
        "Net Income From Continuing Operation Net Minority Interest": 6001000.0,
        "Reconciled Depreciation": 1441000.0,
        "Net Interest Income": 19970000.0,
        "Interest Expense": 13259000.0,
        "Interest Income": 33229000.0,
        "Normalized Income": 6001000.0,
        "Net Income From Continuing And Discontinued Operation": 6001000.0,
        "Diluted NI Availto Com Stockholders": 5935000.0,
        "Net Income Common Stockholders": 5935000.0,
        "Otherunder Preferred Stock Dividend": 66000.0,
        "Net Income": 6001000.0,
        "Net Income Including Noncontrolling Interests": 6001000.0,
        "Net Income Continuous Operations": 6001000.0,
        "Tax Provision": 1531000.0,
        "Pretax Income": 7532000.0,
        "Gain On Sale Of Security": 0.0,
        "Depreciation Amortization Depletion Income Statement": 164000.0,
        "Depreciation And Amortization In Income Statement": 164000.0,
        "Amortization": 164000.0,
        "Amortization Of Intangibles Income Statement": 164000.0,
        "Selling General And Administration": 12540000.0,
        "Selling And Marketing Expense": 830000.0,
        "General And Administrative Expense": 11710000.0,
        "Other Gand A": 2643000.0,
        "Insurance And Claims": 496000.0,
        "Salaries And Wages": 8571000.0,
        "Total Revenue": 23707000.0,
        "Operating Revenue": 23707000.0
    },
    "2023-03-31": {
        "Tax Effect Of Unusual Items": 0.0,
        "Tax Rate For Calcs": 0.1967,
        "Total Unusual Items": 0.0,
        "Total Unusual Items Excluding Goodwill": 0.0,
        "Net Income From Continuing Operation Net Minority Interest": 6466000.0,
        "Reconciled Depreciation": 1438000.0,
        "Net Interest Income": 21559000.0,
        "Interest Expense": 10120000.0,
        "Interest Income": 31679000.0,
        "Normalized Income": 6466000.0,
        "Net Income From Continuing And Discontinued Operation": 6466000.0,
        "Diluted NI Availto Com Stockholders": 6401000.0,
        "Net Income Common Stockholders": 6401000.0,
        "Otherunder Preferred Stock Dividend": 65000.0,
        "Net Income": 6466000.0,
        "Net Income Including Noncontrolling Interests": 6466000.0,
        "Net Income Continuous Operations": 6466000.0,
        "Tax Provision": 1583000.0,
        "Pretax Income": 8049000.0,
        "Gain On Sale Of Security": -891000.0,
        "Depreciation Amortization Depletion Income Statement": 159000.0,
        "Depreciation And Amortization In Income Statement": 159000.0,
        "Amortization": 159000.0,
        "Amortization Of Intangibles Income Statement": 159000.0,
        "Selling General And Administration": 12719000.0,
        "Selling And Marketing Expense": 514000.0,
        "General And Administrative Expense": 12205000.0,
        "Other Gand A": 3077000.0,
        "Insurance And Claims": 306000.0,
        "Salaries And Wages": 8822000.0,
        "Total Revenue": 25236000.0,
        "Operating Revenue": 25236000.0
    },
    "2022-12-31": {
        "Tax Effect Of Unusual Items": -2301.776479,
        "Tax Rate For Calcs": 0.191815,
        "Total Unusual Items": -12000.0,
        "Total Unusual Items Excluding Goodwill": -12000.0,
        "Net Income From Continuing Operation Net Minority Interest": 7188000.0,
        "Reconciled Depreciation": 1146000.0,
        "Net Interest Income": 22431000.0,
        "Interest Expense": 6935000.0,
        "Interest Income": 29366000.0,
        "Normalized Income": 7197698.223521,
        "Net Income From Continuing And Discontinued Operation": 7188000.0,
        "Diluted NI Availto Com Stockholders": 7119000.0,
        "Net Income Common Stockholders": 7119000.0,
        "Otherunder Preferred Stock Dividend": 69000.0,
        "Net Income": 7188000.0,
        "Net Income Including Noncontrolling Interests": 7188000.0,
        "Net Income Continuous Operations": 7188000.0,
        "Tax Provision": 1706000.0,
        "Pretax Income": 8894000.0,
        "Gain On Sale Of Security": 0.0,
        "Depreciation Amortization Depletion Income Statement": 110000.0,
        "Depreciation And Amortization In Income Statement": 110000.0,
        "Amortization": 110000.0,
        "Amortization Of Intangibles Income Statement": 110000.0,
        "Selling General And Administration": 12009000.0,
        "Selling And Marketing Expense": 531000.0,
        "General And Administrative Expense": 11478000.0,
        "Other Gand A": 2964000.0,
        "Insurance And Claims": 250000.0,
        "Salaries And Wages": 8264000.0,
        "Total Revenue": 26126000.0,
        "Operating Revenue": 26126000.0
    },
    "2022-09-30": {
        "Tax Effect Of Unusual Items": 0.0,
        "Tax Rate For Calcs": 0.201035,
        "Total Unusual Items": 0.0,
        "Total Unusual Items Excluding Goodwill": 0.0,
        "Net Income From Continuing Operation Net Minority Interest": 8954000.0,
        "Reconciled Depreciation": -50000.0,
        "Net Interest Income": 22490000.0,
        "Interest Expense": 3264000.0,
        "Interest Income": 25754000.0,
        "Normalized Income": 8954000.0,
        "Net Income From Continuing And Discontinued Operation": 8954000.0,
        "Diluted Average Shares": 12983307.0,
        "Basic Average Shares": 12983307.0,
        "Diluted EPS": 0.68,
        "Basic EPS": 0.68,
        "Diluted NI Availto Com Stockholders": 8954000.0,
        "Net Income Common Stockholders": 8954000.0,
        "Otherunder Preferred Stock Dividend": 68000.0,
        "Net Income": 8954000.0,
        "Net Income Including Noncontrolling Interests": 8954000.0,
        "Net Income Continuous Operations": 8954000.0,
        "Tax Provision": 2253000.0,
        "Pretax Income": 11207000.0,
        "Gain On Sale Of Security": 0.0,
        "Depreciation Amortization Depletion Income Statement": -50000.0,
        "Depreciation And Amortization In Income Statement": -50000.0,
        "Amortization": -50000.0,
        "Amortization Of Intangibles Income Statement": -50000.0,
        "Selling General And Administration": 9912000.0,
        "Selling And Marketing Expense": 578000.0,
        "General And Administrative Expense": 9334000.0,
        "Other Gand A": 2192000.0,
        "Insurance And Claims": 271000.0,
        "Salaries And Wages": 6871000.0,
        "Total Revenue": 25735000.0,
        "Operating Revenue": 25735000.0
    },
    "2022-06-30": {
        "Tax Effect Of Unusual Items": 52834.02771,
        "Tax Rate For Calcs": 0.198624,
        "Total Unusual Items": 266000.0,
        "Total Unusual Items Excluding Goodwill": 266000.0,
        "Net Income From Continuing Operation Net Minority Interest": 8271000.0,
        "Reconciled Depreciation": 59000.0,
        "Net Interest Income": 21807000.0,
        "Interest Expense": 2047000.0,
        "Interest Income": 23854000.0,
        "Normalized Income": 8057834.02771,
        "Net Income From Continuing And Discontinued Operation": 8271000.0,
        "Diluted Average Shares": 12957126.0,
        "Basic Average Shares": 12957126.0,
        "Diluted EPS": 0.63,
        "Basic EPS": 0.63,
        "Diluted NI Availto Com Stockholders": 8271000.0,
        "Net Income Common Stockholders": 8271000.0,
        "Otherunder Preferred Stock Dividend": 69000.0,
        "Net Income": 8271000.0,
        "Net Income Including Noncontrolling Interests": 8271000.0,
        "Net Income Continuous Operations": 8271000.0,
        "Tax Provision": 2050000.0,
        "Pretax Income": 10321000.0,
        "Gain On Sale Of Security": 0.0,
        "Depreciation Amortization Depletion Income Statement": 59000.0,
        "Depreciation And Amortization In Income Statement": 59000.0,
        "Amortization": 59000.0,
        "Amortization Of Intangibles Income Statement": 59000.0,
        "Selling General And Administration": 9724000.0,
        "Selling And Marketing Expense": 300000.0,
        "General And Administrative Expense": 9424000.0,
        "Other Gand A": 2242000.0,
        "Insurance And Claims": 270000.0,
        "Salaries And Wages": 6912000.0,
        "Total Revenue": 24906000.0,
        "Operating Revenue": 24906000.0
    },
    "2022-03-31": {
        "Diluted EPS": 0.62,
        "Total Revenue": 26,
        "Gross Profit": 24,
        "Operating Income": 10,
        "EBIT": NaN,
        "Net Income": 8
    },
    "2021-12-31": {
        "Diluted EPS": 0.6,
        "Total Revenue": 27,
        "Gross Profit": 25,
        "Operating Income": 10,
        "EBIT": NaN,
        "Net Income": 8
    },
    "2021-09-30": {
        "Diluted EPS": 0.53,
        "Total Revenue": 24,
        "Gross Profit": 23,
        "Operating Income": 8,
        "EBIT": NaN,
        "Net Income": 6
    },
    "2021-06-30": {
        "Diluted EPS": 0.44,
        "Total Revenue": 22,
        "Gross Profit": 20,
        "Operating Income": 6,
        "EBIT": NaN,
        "Net Income": 5
    },
    "2021-03-31": {
        "Diluted EPS": 0.44,
        "Total Revenue": 22,
        "Gross Profit": 20,
        "Operating Income": 6,
        "EBIT": NaN,
        "Net Income": 5
    },
    "2020-12-31": {
        "Diluted EPS": 0.6,
        "Total Revenue": 24,
        "Gross Profit": 22,
        "Operating Income": 8,
        "EBIT": NaN,
        "Net Income": 7
    },
    "2020-09-30": {
        "Diluted EPS": 0.4,
        "Total Revenue": 22,
        "Gross Profit": 20,
        "Operating Income": 6,
        "EBIT": NaN,
        "Net Income": 4
    },
    "2020-06-30": {
        "Diluted EPS": 0.43,
        "Total Revenue": 21,
        "Gross Profit": 18,
        "Operating Income": 6,
        "EBIT": NaN,
        "Net Income": 5
    },
    "2020-03-31": {
        "Diluted EPS": 0.37,
        "Total Revenue": 21,
        "Gross Profit": 17,
        "Operating Income": 5,
        "EBIT": NaN,
        "Net Income": 4
    },
    "2019-12-31": {
        "Diluted EPS": 0.43,
        "Total Revenue": 20,
        "Gross Profit": 16,
        "Operating Income": 6,
        "EBIT": NaN,
        "Net Income": 5
    },
    "2019-09-30": {
        "Diluted EPS": 0.38,
        "Total Revenue": 20,
        "Gross Profit": 16,
        "Operating Income": 5,
        "EBIT": NaN,
        "Net Income": 4
    },
    "2019-06-30": {
        "Diluted EPS": 0.56,
        "Total Revenue": 21,
        "Gross Profit": 18,
        "Operating Income": 8,
        "EBIT": NaN,
        "Net Income": 6
    },
    "2019-03-31": {
        "Diluted EPS": 0.29,
        "Total Revenue": 19,
        "Gross Profit": 15,
        "Operating Income": 4,
        "EBIT": NaN,
        "Net Income": 3
    },
    "2018-12-31": {
        "Diluted EPS": 0.34,
        "Total Revenue": 15,
        "Gross Profit": 13,
        "Operating Income": 4,
        "EBIT": NaN,
        "Net Income": 3
    },
    "2018-09-30": {
        "Diluted EPS": 0.42,
        "Total Revenue": 14,
        "Gross Profit": 13,
        "Operating Income": 4,
        "EBIT": NaN,
        "Net Income": 4
    },
    "2018-06-30": {
        "Diluted EPS": 0.44,
        "Total Revenue": 14,
        "Gross Profit": 13,
        "Operating Income": 5,
        "EBIT": NaN,
        "Net Income": 4
    },
    "2018-03-31": {
        "Diluted EPS": 0.41,
        "Total Revenue": 14,
        "Gross Profit": 12,
        "Operating Income": 5,
        "EBIT": NaN,
        "Net Income": 4
    },
    "2017-12-31": {
        "Diluted EPS": 0.37,
        "Total Revenue": 14,
        "Gross Profit": 12,
        "Operating Income": 5,
        "EBIT": NaN,
        "Net Income": 3
    },
    "2017-09-30": {
        "Diluted EPS": 0.35,
        "Total Revenue": 13,
        "Gross Profit": 12,
        "Operating Income": 4,
        "EBIT": NaN,
        "Net Income": 3
    },
    "2017-06-30": {
        "Diluted EPS": 0.35,
        "Total Revenue": 13,
        "Gross Profit": 12,
        "Operating Income": 5,
        "EBIT": NaN,
        "Net Income": 3
    },
    "2017-03-31": {
        "Diluted EPS": 0.31,
        "Total Revenue": 12,
        "Gross Profit": 11,
        "Operating Income": 4,
        "EBIT": NaN,
        "Net Income": 3
    },
    "2016-12-31": {
        "Diluted EPS": 0.35,
        "Total Revenue": 13,
        "Gross Profit": 12,
        "Operating Income": 5,
        "EBIT": NaN,
        "Net Income": 3
    },
    "2016-09-30": {
        "Diluted EPS": 0.33,
        "Total Revenue": 13,
        "Gross Profit": 11,
        "Operating Income": 4,
        "EBIT": NaN,
        "Net Income": 3
    },
    "2016-06-30": {
        "Diluted EPS": 0.33,
        "Total Revenue": 12,
        "Gross Profit": 11,
        "Operating Income": 4,
        "EBIT": NaN,
        "Net Income": 3
    },
    "2016-03-31": {
        "Diluted EPS": 0.27,
        "Total Revenue": 12,
        "Gross Profit": 11,
        "Operating Income": 3,
        "EBIT": NaN,
        "Net Income": 2
    },
    "2015-12-31": {
        "Diluted EPS": 0.3,
        "Total Revenue": 11,
        "Gross Profit": 11,
        "Operating Income": 4,
        "EBIT": NaN,
        "Net Income": 3
    },
    "2015-09-30": {
        "Diluted EPS": 0.29,
        "Total Revenue": 11,
        "Gross Profit": 10,
        "Operating Income": 4,
        "EBIT": NaN,
        "Net Income": 3
    },
    "2015-06-30": {
        "Diluted EPS": 0.28,
        "Total Revenue": 11,
        "Gross Profit": 10,
        "Operating Income": 4,
        "EBIT": NaN,
        "Net Income": 3
    },
    "2015-03-31": {
        "Diluted EPS": 0.26,
        "Total Revenue": 11,
        "Gross Profit": 10,
        "Operating Income": 3,
        "EBIT": NaN,
        "Net Income": 2
    },
    "2014-12-31": {
        "Diluted EPS": 0.29,
        "Total Revenue": 11,
        "Gross Profit": 10,
        "Operating Income": 4,
        "EBIT": NaN,
        "Net Income": 3
    },
    "2014-09-30": {
        "Diluted EPS": 0.27,
        "Total Revenue": 11,
        "Gross Profit": 10,
        "Operating Income": 3,
        "EBIT": NaN,
        "Net Income": 2
    },
    "2014-06-30": {
        "Diluted EPS": 0.28,
        "Total Revenue": 11,
        "Gross Profit": 10,
        "Operating Income": 3,
        "EBIT": NaN,
        "Net Income": 3
    },
    "2014-03-31": {
        "Diluted EPS": 0.21,
        "Total Revenue": 10,
        "Gross Profit": 9,
        "Operating Income": 3,
        "EBIT": NaN,
        "Net Income": 2
    },
    "2013-12-31": {
        "Diluted EPS": 0.25,
        "Total Revenue": 11,
        "Gross Profit": 10,
        "Operating Income": 3,
        "EBIT": NaN,
        "Net Income": 2
    },
    "2013-09-30": {
        "Diluted EPS": 0.23,
        "Total Revenue": 10,
        "Gross Profit": 9,
        "Operating Income": 3,
        "EBIT": NaN,
        "Net Income": 2
    },
    "2013-06-30": {
        "Diluted EPS": 0.27,
        "Total Revenue": 11,
        "Gross Profit": 9,
        "Operating Income": 4,
        "EBIT": NaN,
        "Net Income": 3
    },
    "2013-03-31": {
        "Diluted EPS": 0.23,
        "Total Revenue": 11,
        "Gross Profit": 9,
        "Operating Income": 3,
        "EBIT": NaN,
        "Net Income": 2
    },
    "2012-12-31": {
        "Diluted EPS": 0.27,
        "Total Revenue": 12,
        "Gross Profit": 11,
        "Operating Income": 4,
        "EBIT": NaN,
        "Net Income": 3
    },
    "2012-09-30": {
        "Diluted EPS": 0.26,
        "Total Revenue": 11,
        "Gross Profit": 9,
        "Operating Income": 3,
        "EBIT": NaN,
        "Net Income": 2
    },
    "2012-06-30": {
        "Diluted EPS": 0.27,
        "Total Revenue": 11,
        "Gross Profit": 9,
        "Operating Income": 4,
        "EBIT": NaN,
        "Net Income": 3
    },
    "2012-03-31": {
        "Diluted EPS": 0.24,
        "Total Revenue": 11,
        "Gross Profit": 9,
        "Operating Income": 3,
        "EBIT": NaN,
        "Net Income": 2
    },
    "2011-12-31": {
        "Diluted EPS": 0.32,
        "Total Revenue": 11,
        "Gross Profit": 10,
        "Operating Income": 4,
        "EBIT": NaN,
        "Net Income": 3
    },
    "2011-09-30": {
        "Diluted EPS": 0.22,
        "Total Revenue": 10,
        "Gross Profit": 8,
        "Operating Income": 3,
        "EBIT": NaN,
        "Net Income": 2
    },
    "2011-06-30": {
        "Diluted EPS": 0.17,
        "Total Revenue": 11,
        "Gross Profit": 8,
        "Operating Income": 2,
        "EBIT": NaN,
        "Net Income": 2
    },
    "2011-03-31": {
        "Diluted EPS": 0.21,
        "Total Revenue": 11,
        "Gross Profit": 9,
        "Operating Income": 2,
        "EBIT": NaN,
        "Net Income": 2
    },
    "2010-12-31": {
        "Diluted EPS": 0.0,
        "Total Revenue": NaN,
        "Gross Profit": NaN,
        "Operating Income": NaN,
        "EBIT": NaN,
        "Net Income": NaN
    },
    "2010-09-30": {
        "Diluted EPS": 0.24,
        "Total Revenue": 12,
        "Gross Profit": 10,
        "Operating Income": 3,
        "EBIT": NaN,
        "Net Income": 2
    },
    "2009-12-31": {
        "Diluted EPS": 0.0,
        "Total Revenue": NaN,
        "Gross Profit": NaN,
        "Operating Income": NaN,
        "EBIT": NaN,
        "Net Income": NaN
    },
    "2023-09-30": {
        "Tax Effect Of Unusual Items": -9314.9,
        "Tax Rate For Calcs": 0.1901,
        "Total Unusual Items": -49000.0,
        "Total Unusual Items Excluding Goodwill": -49000.0,
        "Net Income From Continuing Operation Net Minority Interest": 4777000.0,
        "Reconciled Depreciation": 1471000.0,
        "Net Interest Income": 19416000.0,
        "Interest Expense": 16697000.0,
        "Interest Income": 36113000.0,
        "Normalized Income": 4816685.1,
        "Net Income From Continuing And Discontinued Operation": 4777000.0,
        "Diluted NI Availto Com Stockholders": 4724000.0,
        "Net Income Common Stockholders": 4724000.0,
        "Otherunder Preferred Stock Dividend": 53000.0,
        "Net Income": 4777000.0,
        "Net Income Including Noncontrolling Interests": 4777000.0,
        "Net Income Continuous Operations": 4777000.0,
        "Tax Provision": 1121000.0,
        "Pretax Income": 5898000.0,
        "Gain On Sale Of Security": 0.0,
        "Depreciation Amortization Depletion Income Statement": 106000.0,
        "Depreciation And Amortization In Income Statement": 106000.0,
        "Amortization": 106000.0,
        "Amortization Of Intangibles Income Statement": 106000.0,
        "Selling General And Administration": 12657000.0,
        "Selling And Marketing Expense": 865000.0,
        "General And Administrative Expense": 11792000.0,
        "Other Gand A": 2363000.0,
        "Insurance And Claims": 586000.0,
        "Salaries And Wages": 8843000.0,
        "Total Revenue": 22637000.0,
        "Operating Revenue": 22637000.0
    }
}