{
    "2023-06-30": {
        "Tax Effect Of Unusual Items": 0.0,
        "Tax Rate For Calcs": 0.224137,
        "Net Income From Continuing Operation Net Minority Interest": 16567000.0,
        "Reconciled Depreciation": 3383000.0,
        "Net Interest Income": 42367000.0,
        "Interest Expense": 23763000.0,
        "Interest Income": 66130000.0,
        "Normalized Income": 16567000.0,
        "Net Income From Continuing And Discontinued Operation": 16567000.0,
        "Diluted Average Shares": 20628239.0,
        "Basic Average Shares": 20528717.0,
        "Diluted EPS": 0.8,
        "Basic EPS": 0.81,
        "Diluted NI Availto Com Stockholders": 16567000.0,
        "Net Income Common Stockholders": 16567000.0,
        "Net Income": 16567000.0,
        "Net Income Including Noncontrolling Interests": 16567000.0,
        "Net Income Continuous Operations": 16567000.0,
        "Tax Provision": 4786000.0,
        "Pretax Income": 21353000.0,
        "Gain On Sale Of Security": -6000.0,
        "Depreciation Amortization Depletion Income Statement": 1477000.0,
        "Depreciation And Amortization In Income Statement": 1477000.0,
        "Amortization": 1477000.0,
        "Amortization Of Intangibles Income Statement": 1477000.0,
        "Selling General And Administration": 25528000.0,
        "Selling And Marketing Expense": 908000.0,
        "General And Administrative Expense": 24620000.0,
        "Other Gand A": NaN,
        "Insurance And Claims": 1076000.0,
        "Salaries And Wages": 23544000.0,
        "Total Revenue": 60837000.0,
        "Operating Revenue": 60837000.0
    },
    "2023-03-31": {
        "Tax Effect Of Unusual Items": 0.0,
        "Tax Rate For Calcs": 0.23,
        "Net Income From Continuing Operation Net Minority Interest": 19180000.0,
        "Reconciled Depreciation": 3485000.0,
        "Net Interest Income": 43191000.0,
        "Interest Expense": 20480000.0,
        "Interest Income": 63671000.0,
        "Normalized Income": 19180000.0,
        "Net Income From Continuing And Discontinued Operation": 19180000.0,
        "Diluted Average Shares": 20563972.0,
        "Basic Average Shares": 20492254.0,
        "Diluted EPS": 0.93,
        "Basic EPS": 0.94,
        "Diluted NI Availto Com Stockholders": 19180000.0,
        "Net Income Common Stockholders": 19180000.0,
        "Net Income": 19180000.0,
        "Net Income Including Noncontrolling Interests": 19180000.0,
        "Net Income Continuous Operations": 19180000.0,
        "Tax Provision": 5730000.0,
        "Pretax Income": 24910000.0,
        "Gain On Sale Of Security": -46000.0,
        "Depreciation Amortization Depletion Income Statement": 1522000.0,
        "Depreciation And Amortization In Income Statement": 1522000.0,
        "Amortization": 1522000.0,
        "Amortization Of Intangibles Income Statement": 1522000.0,
        "Selling General And Administration": 27188000.0,
        "Selling And Marketing Expense": 654000.0,
        "General And Administrative Expense": 26534000.0,
        "Other Gand A": NaN,
        "Insurance And Claims": 463000.0,
        "Salaries And Wages": 26071000.0,
        "Total Revenue": 64447000.0,
        "Operating Revenue": 64447000.0
    },
    "2022-12-31": {
        "Tax Effect Of Unusual Items": 0.0,
        "Tax Rate For Calcs": 0.12923,
        "Net Income From Continuing Operation Net Minority Interest": 20639000.0,
        "Reconciled Depreciation": 3558000.0,
        "Net Interest Income": 45672000.0,
        "Interest Expense": 15037000.0,
        "Interest Income": 60709000.0,
        "Normalized Income": 20639000.0,
        "Net Income From Continuing And Discontinued Operation": 20639000.0,
        "Diluted Average Shares": 20535220.0,
        "Basic Average Shares": 20461046.0,
        "Diluted EPS": 1.01,
        "Basic EPS": 1.01,
        "Diluted NI Availto Com Stockholders": 20639000.0,
        "Net Income Common Stockholders": 20639000.0,
        "Net Income": 20639000.0,
        "Net Income Including Noncontrolling Interests": 20639000.0,
        "Net Income Continuous Operations": 20639000.0,
        "Tax Provision": 3063000.0,
        "Pretax Income": 23702000.0,
        "Gain On Sale Of Security": -48000.0,
        "Depreciation Amortization Depletion Income Statement": 1537000.0,
        "Depreciation And Amortization In Income Statement": 1537000.0,
        "Amortization": 1537000.0,
        "Amortization Of Intangibles Income Statement": 1537000.0,
        "Selling General And Administration": 24755000.0,
        "Selling And Marketing Expense": 681000.0,
        "General And Administrative Expense": 24074000.0,
        "Insurance And Claims": 464000.0,
        "Salaries And Wages": 23610000.0,
        "Total Revenue": 62570000.0,
        "Operating Revenue": 62570000.0
    },
    "2022-09-30": {
        "Tax Effect Of Unusual Items": NaN,
        "Tax Rate For Calcs": NaN,
        "Net Income From Continuing Operation Net Minority Interest": NaN,
        "Reconciled Depreciation": NaN,
        "Net Interest Income": NaN,
        "Interest Expense": NaN,
        "Interest Income": NaN,
        "Normalized Income": NaN,
        "Net Income From Continuing And Discontinued Operation": NaN,
        "Diluted Average Shares": NaN,
        "Basic Average Shares": NaN,
        "Diluted EPS": NaN,
        "Basic EPS": NaN,
        "Diluted NI Availto Com Stockholders": NaN,
        "Net Income Common Stockholders": NaN,
        "Net Income": NaN,
        "Net Income Including Noncontrolling Interests": NaN,
        "Net Income Continuous Operations": NaN,
        "Tax Provision": NaN,
        "Pretax Income": NaN,
        "Gain On Sale Of Security": NaN,
        "Depreciation Amortization Depletion Income Statement": NaN,
        "Depreciation And Amortization In Income Statement": NaN,
        "Amortization": NaN,
        "Amortization Of Intangibles Income Statement": NaN,
        "Selling General And Administration": NaN,
        "Selling And Marketing Expense": NaN,
        "General And Administrative Expense": NaN,
        "Other Gand A": 361000.0,
        "Insurance And Claims": NaN,
        "Salaries And Wages": NaN,
        "Total Revenue": NaN,
        "Operating Revenue": NaN
    },
    "2022-06-30": {
        "Tax Effect Of Unusual Items": 0.0,
        "Tax Rate For Calcs": 0.226669,
        "Net Income From Continuing Operation Net Minority Interest": 17758000.0,
        "Reconciled Depreciation": 1633000.0,
        "Net Interest Income": 46826000.0,
        "Interest Expense": 4457000.0,
        "Interest Income": 51283000.0,
        "Normalized Income": 17758000.0,
        "Net Income From Continuing And Discontinued Operation": 17758000.0,
        "Diluted Average Shares": 20529523.0,
        "Basic Average Shares": 20448799.0,
        "Diluted EPS": 0.86,
        "Basic EPS": 0.87,
        "Diluted NI Availto Com Stockholders": 17758000.0,
        "Net Income Common Stockholders": 17758000.0,
        "Net Income": 17758000.0,
        "Net Income Including Noncontrolling Interests": 17758000.0,
        "Net Income Continuous Operations": 17758000.0,
        "Tax Provision": 5205000.0,
        "Pretax Income": 22963000.0,
        "Gain On Sale Of Security": 2000.0,
        "Depreciation Amortization Depletion Income Statement": 1633000.0,
        "Depreciation And Amortization In Income Statement": 1633000.0,
        "Amortization": 1633000.0,
        "Amortization Of Intangibles Income Statement": 1633000.0,
        "Selling General And Administration": 26910000.0,
        "Selling And Marketing Expense": 706000.0,
        "General And Administrative Expense": 26204000.0,
        "Other Gand A": 325000.0,
        "Insurance And Claims": 436000.0,
        "Salaries And Wages": 25768000.0,
        "Total Revenue": 65385000.0,
        "Operating Revenue": 65385000.0
    },
    "2022-03-31": {
        "Diluted EPS": 0.86,
        "Total Revenue": 68,
        "Gross Profit": 65,
        "Operating Income": 21,
        "EBIT": NaN,
        "Net Income": 17
    },
    "2021-12-31": {
        "Diluted EPS": 0.94,
        "Total Revenue": 64,
        "Gross Profit": 60,
        "Operating Income": 22,
        "EBIT": NaN,
        "Net Income": 17
    },
    "2021-09-30": {
        "Diluted EPS": 1.01,
        "Total Revenue": 66,
        "Gross Profit": 62,
        "Operating Income": 24,
        "EBIT": NaN,
        "Net Income": 18
    },
    "2021-06-30": {
        "Diluted EPS": 0.68,
        "Total Revenue": 65,
        "Gross Profit": 61,
        "Operating Income": 16,
        "EBIT": NaN,
        "Net Income": 12
    },
    "2021-03-31": {
        "Diluted EPS": 0.24,
        "Total Revenue": 59,
        "Gross Profit": 55,
        "Operating Income": 5,
        "EBIT": NaN,
        "Net Income": 4
    },
    "2020-12-31": {
        "Diluted EPS": 0.81,
        "Total Revenue": 53,
        "Gross Profit": 49,
        "Operating Income": 18,
        "EBIT": NaN,
        "Net Income": 14
    },
    "2020-09-30": {
        "Diluted EPS": 0.69,
        "Total Revenue": 50,
        "Gross Profit": 46,
        "Operating Income": 15,
        "EBIT": NaN,
        "Net Income": 12
    },
    "2020-06-30": {
        "Diluted EPS": 0.6,
        "Total Revenue": 49,
        "Gross Profit": 45,
        "Operating Income": 13,
        "EBIT": NaN,
        "Net Income": 10
    },
    "2020-03-31": {
        "Diluted EPS": 0.6,
        "Total Revenue": 51,
        "Gross Profit": 46,
        "Operating Income": 13,
        "EBIT": NaN,
        "Net Income": 10
    },
    "2019-12-31": {
        "Diluted EPS": 0.71,
        "Total Revenue": 51,
        "Gross Profit": 46,
        "Operating Income": 16,
        "EBIT": NaN,
        "Net Income": 12
    },
    "2019-09-30": {
        "Diluted EPS": 0.7,
        "Total Revenue": 50,
        "Gross Profit": 44,
        "Operating Income": 15,
        "EBIT": NaN,
        "Net Income": 12
    },
    "2019-06-30": {
        "Diluted EPS": 0.66,
        "Total Revenue": 51,
        "Gross Profit": 45,
        "Operating Income": 15,
        "EBIT": NaN,
        "Net Income": 11
    },
    "2019-03-31": {
        "Diluted EPS": 0.8,
        "Total Revenue": 53,
        "Gross Profit": 47,
        "Operating Income": 18,
        "EBIT": NaN,
        "Net Income": 13
    },
    "2018-12-31": {
        "Diluted EPS": 0.6,
        "Total Revenue": 47,
        "Gross Profit": 43,
        "Operating Income": 13,
        "EBIT": NaN,
        "Net Income": 10
    },
    "2018-09-30": {
        "Diluted EPS": 0.54,
        "Total Revenue": 41,
        "Gross Profit": 38,
        "Operating Income": 11,
        "EBIT": NaN,
        "Net Income": 8
    },
    "2018-06-30": {
        "Diluted EPS": 0.72,
        "Total Revenue": 38,
        "Gross Profit": 36,
        "Operating Income": 13,
        "EBIT": NaN,
        "Net Income": 10
    },
    "2018-03-31": {
        "Diluted EPS": 0.66,
        "Total Revenue": 33,
        "Gross Profit": 31,
        "Operating Income": 11,
        "EBIT": NaN,
        "Net Income": 8
    },
    "2017-12-31": {
        "Diluted EPS": 0.36,
        "Total Revenue": 33,
        "Gross Profit": 31,
        "Operating Income": 9,
        "EBIT": NaN,
        "Net Income": 5
    },
    "2017-09-30": {
        "Diluted EPS": 0.61,
        "Total Revenue": 32,
        "Gross Profit": 31,
        "Operating Income": 11,
        "EBIT": NaN,
        "Net Income": 8
    },
    "2017-06-30": {
        "Diluted EPS": 0.66,
        "Total Revenue": 33,
        "Gross Profit": 32,
        "Operating Income": 12,
        "EBIT": NaN,
        "Net Income": 8
    },
    "2017-03-31": {
        "Diluted EPS": 0.5,
        "Total Revenue": 32,
        "Gross Profit": 30,
        "Operating Income": 9,
        "EBIT": NaN,
        "Net Income": 6
    },
    "2016-12-31": {
        "Diluted EPS": 0.55,
        "Total Revenue": 30,
        "Gross Profit": 28,
        "Operating Income": 11,
        "EBIT": NaN,
        "Net Income": 7
    },
    "2016-09-30": {
        "Diluted EPS": 0.51,
        "Total Revenue": 26,
        "Gross Profit": 25,
        "Operating Income": 8,
        "EBIT": NaN,
        "Net Income": 5
    },
    "2016-06-30": {
        "Diluted EPS": 0.5,
        "Total Revenue": 23,
        "Gross Profit": 22,
        "Operating Income": 8,
        "EBIT": NaN,
        "Net Income": 5
    },
    "2016-03-31": {
        "Diluted EPS": 0.49,
        "Total Revenue": 24,
        "Gross Profit": 23,
        "Operating Income": 7,
        "EBIT": NaN,
        "Net Income": 4
    },
    "2015-12-31": {
        "Diluted EPS": 0.47,
        "Total Revenue": 23,
        "Gross Profit": 22,
        "Operating Income": 7,
        "EBIT": NaN,
        "Net Income": 4
    },
    "2015-09-30": {
        "Diluted EPS": 0.37,
        "Total Revenue": 20,
        "Gross Profit": 19,
        "Operating Income": 6,
        "EBIT": NaN,
        "Net Income": 3
    },
    "2015-06-30": {
        "Diluted EPS": 0.49,
        "Total Revenue": 19,
        "Gross Profit": 18,
        "Operating Income": 7,
        "EBIT": NaN,
        "Net Income": 4
    },
    "2015-03-31": {
        "Diluted EPS": 0.48,
        "Total Revenue": 18,
        "Gross Profit": 17,
        "Operating Income": 6,
        "EBIT": NaN,
        "Net Income": 3
    },
    "2014-12-31": {
        "Diluted EPS": 0.47,
        "Total Revenue": 18,
        "Gross Profit": 18,
        "Operating Income": 6,
        "EBIT": NaN,
        "Net Income": 3
    },
    "2014-09-30": {
        "Diluted EPS": 0.47,
        "Total Revenue": 18,
        "Gross Profit": 17,
        "Operating Income": 6,
        "EBIT": NaN,
        "Net Income": 3
    },
    "2014-06-30": {
        "Diluted EPS": 0.48,
        "Total Revenue": 19,
        "Gross Profit": 18,
        "Operating Income": 6,
        "EBIT": NaN,
        "Net Income": 3
    },
    "2014-03-31": {
        "Diluted EPS": 0.43,
        "Total Revenue": 18,
        "Gross Profit": 17,
        "Operating Income": 6,
        "EBIT": NaN,
        "Net Income": 3
    },
    "2013-12-31": {
        "Diluted EPS": 0.42,
        "Total Revenue": 18,
        "Gross Profit": 17,
        "Operating Income": 6,
        "EBIT": NaN,
        "Net Income": 3
    },
    "2013-09-30": {
        "Diluted EPS": 0.47,
        "Total Revenue": 19,
        "Gross Profit": 18,
        "Operating Income": 6,
        "EBIT": NaN,
        "Net Income": 3
    },
    "2013-06-30": {
        "Diluted EPS": 0.43,
        "Total Revenue": 18,
        "Gross Profit": 17,
        "Operating Income": 6,
        "EBIT": NaN,
        "Net Income": 3
    },
    "2013-03-31": {
        "Diluted EPS": 0.41,
        "Total Revenue": 18,
        "Gross Profit": 17,
        "Operating Income": 6,
        "EBIT": NaN,
        "Net Income": 2
    },
    "2012-12-31": {
        "Diluted EPS": 0.4,
        "Total Revenue": 19,
        "Gross Profit": 17,
        "Operating Income": 6,
        "EBIT": NaN,
        "Net Income": 2
    },
    "2012-09-30": {
        "Diluted EPS": 0.42,
        "Total Revenue": 18,
        "Gross Profit": 17,
        "Operating Income": 6,
        "EBIT": NaN,
        "Net Income": 3
    },
    "2012-06-30": {
        "Diluted EPS": 0.39,
        "Total Revenue": 18,
        "Gross Profit": 17,
        "Operating Income": 6,
        "EBIT": NaN,
        "Net Income": 2
    },
    "2012-03-31": {
        "Diluted EPS": 0.41,
        "Total Revenue": 19,
        "Gross Profit": 17,
        "Operating Income": 5,
        "EBIT": NaN,
        "Net Income": 2
    },
    "2011-12-31": {
        "Diluted EPS": 0.39,
        "Total Revenue": 18,
        "Gross Profit": 17,
        "Operating Income": 5,
        "EBIT": NaN,
        "Net Income": 2
    },
    "2011-09-30": {
        "Diluted EPS": 0.29,
        "Total Revenue": 18,
        "Gross Profit": 16,
        "Operating Income": 4,
        "EBIT": NaN,
        "Net Income": 2
    },
    "2011-06-30": {
        "Diluted EPS": 0.26,
        "Total Revenue": 18,
        "Gross Profit": 16,
        "Operating Income": 4,
        "EBIT": NaN,
        "Net Income": 2
    },
    "2011-03-31": {
        "Diluted EPS": 0.35,
        "Total Revenue": 18,
        "Gross Profit": 16,
        "Operating Income": 4,
        "EBIT": NaN,
        "Net Income": 2
    },
    "2010-12-31": {
        "Diluted EPS": 0.31,
        "Total Revenue": 18,
        "Gross Profit": 16,
        "Operating Income": 4,
        "EBIT": NaN,
        "Net Income": 2
    },
    "2010-09-30": {
        "Diluted EPS": 0.24,
        "Total Revenue": 16,
        "Gross Profit": 13,
        "Operating Income": 3,
        "EBIT": NaN,
        "Net Income": 1
    },
    "2010-06-30": {
        "Diluted EPS": 0.2,
        "Total Revenue": 15,
        "Gross Profit": 12,
        "Operating Income": 3,
        "EBIT": NaN,
        "Net Income": 1
    },
    "2010-03-31": {
        "Diluted EPS": 0.32,
        "Total Revenue": 15,
        "Gross Profit": 12,
        "Operating Income": 4,
        "EBIT": NaN,
        "Net Income": 2
    },
    "2009-12-31": {
        "Diluted EPS": 0.23,
        "Total Revenue": 16,
        "Gross Profit": 13,
        "Operating Income": 3,
        "EBIT": NaN,
        "Net Income": 1
    },
    "2009-09-30": {
        "Diluted EPS": 0.26,
        "Total Revenue": 16,
        "Gross Profit": 12,
        "Operating Income": 3,
        "EBIT": NaN,
        "Net Income": 2
    },
    "2009-06-30": {
        "Diluted EPS": 0.24,
        "Total Revenue": 17,
        "Gross Profit": 12,
        "Operating Income": 3,
        "EBIT": NaN,
        "Net Income": 1
    },
    "2009-03-31": {
        "Diluted EPS": 0.31,
        "Total Revenue": 17,
        "Gross Profit": 12,
        "Operating Income": 3,
        "EBIT": NaN,
        "Net Income": 2
    },
    "2023-09-30": {
        "Tax Effect Of Unusual Items": 0.0,
        "Tax Rate For Calcs": 0.262189,
        "Net Income From Continuing Operation Net Minority Interest": 15117000.0,
        "Reconciled Depreciation": 3103000.0,
        "Net Interest Income": 50443000.0,
        "Interest Expense": 29995000.0,
        "Interest Income": 80438000.0,
        "Normalized Income": 15117000.0,
        "Net Income From Continuing And Discontinued Operation": 15117000.0,
        "Diluted Average Shares": 22319334.0,
        "Basic Average Shares": 22220438.0,
        "Diluted EPS": 0.68,
        "Basic EPS": 0.68,
        "Diluted NI Availto Com Stockholders": 15117000.0,
        "Net Income Common Stockholders": 15117000.0,
        "Net Income": 15117000.0,
        "Net Income Including Noncontrolling Interests": 15117000.0,
        "Net Income Continuous Operations": 15117000.0,
        "Tax Provision": 5372000.0,
        "Pretax Income": 20489000.0,
        "Gain On Sale Of Security": 3389000.0,
        "Depreciation Amortization Depletion Income Statement": 2568000.0,
        "Depreciation And Amortization In Income Statement": 2568000.0,
        "Amortization": 2568000.0,
        "Amortization Of Intangibles Income Statement": 2568000.0,
        "Selling General And Administration": 26971000.0,
        "Selling And Marketing Expense": 764000.0,
        "General And Administrative Expense": 26207000.0,
        "Other Gand A": NaN,
        "Insurance And Claims": 785000.0,
        "Salaries And Wages": 25422000.0,
        "Total Revenue": 71745000.0,
        "Operating Revenue": 71745000.0
    },
    "2023-12-31": {
        "Tax Effect Of Unusual Items": 0.0,
        "Tax Rate For Calcs": 0.165427,
        "Net Income From Continuing Operation Net Minority Interest": 18071000.0,
        "Reconciled Depreciation": 4933000.0,
        "Net Interest Income": 57462000.0,
        "Interest Expense": 32465000.0,
        "Interest Income": 89927000.0,
        "Normalized Income": 18071000.0,
        "Net Income From Continuing And Discontinued Operation": 18071000.0,
        "Diluted Average Shares": 23921758.0,
        "Basic Average Shares": 23837853.0,
        "Diluted EPS": 0.76,
        "Basic EPS": 0.76,
        "Diluted NI Availto Com Stockholders": 18071000.0,
        "Net Income Common Stockholders": 18071000.0,
        "Net Income": 18071000.0,
        "Net Income Including Noncontrolling Interests": 18071000.0,
        "Net Income Continuous Operations": 18071000.0,
        "Tax Provision": 3582000.0,
        "Pretax Income": 21653000.0,
        "Gain On Sale Of Security": 46000.0,
        "Depreciation Amortization Depletion Income Statement": 3560000.0,
        "Depreciation And Amortization In Income Statement": 3560000.0,
        "Amortization": 3560000.0,
        "Amortization Of Intangibles Income Statement": 3560000.0,
        "Selling General And Administration": 31619000.0,
        "Selling And Marketing Expense": 679000.0,
        "General And Administrative Expense": 30940000.0,
        "Other Gand A": NaN,
        "Insurance And Claims": 1015000.0,
        "Salaries And Wages": 29925000.0,
        "Total Revenue": 77898000.0,
        "Operating Revenue": 77898000.0
    },
    "2024-03-31": {
        "Tax Effect Of Unusual Items": 0.0,
        "Tax Rate For Calcs": 0.239,
        "Net Income From Continuing Operation Net Minority Interest": 20503000.0,
        "Reconciled Depreciation": 5338000.0,
        "Net Interest Income": 55470000.0,
        "Interest Expense": 32202000.0,
        "Interest Income": 87672000.0,
        "Normalized Income": 20503000.0,
        "Net Income From Continuing And Discontinued Operation": 20503000.0,
        "Diluted Average Shares": 23960335.0,
        "Basic Average Shares": 23872731.0,
        "Diluted EPS": 0.86,
        "Basic EPS": 0.86,
        "Diluted NI Availto Com Stockholders": 20503000.0,
        "Net Income Common Stockholders": 20503000.0,
        "Net Income": 20503000.0,
        "Net Income Including Noncontrolling Interests": 20503000.0,
        "Net Income Continuous Operations": 20503000.0,
        "Tax Provision": 6440000.0,
        "Pretax Income": 26943000.0,
        "Gain On Sale Of Security": 0.0,
        "Depreciation Amortization Depletion Income Statement": 3497000.0,
        "Depreciation And Amortization In Income Statement": 3497000.0,
        "Amortization": 3497000.0,
        "Amortization Of Intangibles Income Statement": 3497000.0,
        "Selling General And Administration": 32179000.0,
        "Selling And Marketing Expense": 862000.0,
        "General And Administrative Expense": 31317000.0,
        "Other Gand A": NaN,
        "Insurance And Claims": 869000.0,
        "Salaries And Wages": 30448000.0,
        "Total Revenue": 78757000.0,
        "Operating Revenue": 78757000.0
    }
}