{
    "2023-03-31": {
        "Tax Effect Of Unusual Items": NaN,
        "Tax Rate For Calcs": NaN,
        "Normalized EBITDA": NaN,
        "Total Unusual Items": NaN,
        "Total Unusual Items Excluding Goodwill": NaN,
        "Net Income From Continuing Operation Net Minority Interest": NaN,
        "Reconciled Depreciation": NaN,
        "Reconciled Cost Of Revenue": NaN,
        "EBITDA": NaN,
        "EBIT": NaN,
        "Net Interest Income": NaN,
        "Interest Expense": NaN,
        "Normalized Income": NaN,
        "Net Income From Continuing And Discontinued Operation": NaN,
        "Total Expenses": NaN,
        "Diluted Average Shares": NaN,
        "Basic Average Shares": NaN,
        "Diluted EPS": NaN,
        "Basic EPS": NaN,
        "Diluted NI Availto Com Stockholders": NaN,
        "Net Income Common Stockholders": NaN,
        "Otherunder Preferred Stock Dividend": NaN,
        "Net Income": NaN,
        "Minority Interests": NaN,
        "Net Income Including Noncontrolling Interests": NaN,
        "Net Income Discontinuous Operations": NaN,
        "Net Income Continuous Operations": NaN,
        "Tax Provision": NaN,
        "Pretax Income": NaN,
        "Other Income Expense": NaN,
        "Other Non Operating Income Expenses": -4600000.0,
        "Special Income Charges": NaN,
        "Other Special Charges": 11600000.0,
        "Restructuring And Mergern Acquisition": NaN,
        "Net Non Operating Interest Income Expense": NaN,
        "Interest Expense Non Operating": NaN,
        "Operating Income": NaN,
        "Operating Expense": NaN,
        "Other Operating Expenses": NaN,
        "Research And Development": NaN,
        "Selling General And Administration": NaN,
        "General And Administrative Expense": NaN,
        "Other Gand A": NaN,
        "Salaries And Wages": NaN,
        "Gross Profit": NaN,
        "Cost Of Revenue": NaN,
        "Total Revenue": NaN,
        "Operating Revenue": NaN
    },
    "2022-12-31": {
        "Tax Effect Of Unusual Items": NaN,
        "Tax Rate For Calcs": NaN,
        "Normalized EBITDA": NaN,
        "Total Unusual Items": NaN,
        "Total Unusual Items Excluding Goodwill": NaN,
        "Net Income From Continuing Operation Net Minority Interest": NaN,
        "Reconciled Depreciation": NaN,
        "Reconciled Cost Of Revenue": NaN,
        "EBITDA": NaN,
        "EBIT": NaN,
        "Net Interest Income": NaN,
        "Interest Expense": NaN,
        "Normalized Income": NaN,
        "Net Income From Continuing And Discontinued Operation": NaN,
        "Total Expenses": NaN,
        "Diluted Average Shares": NaN,
        "Basic Average Shares": NaN,
        "Diluted EPS": NaN,
        "Basic EPS": NaN,
        "Diluted NI Availto Com Stockholders": NaN,
        "Net Income Common Stockholders": NaN,
        "Otherunder Preferred Stock Dividend": NaN,
        "Net Income": NaN,
        "Minority Interests": NaN,
        "Net Income Including Noncontrolling Interests": NaN,
        "Net Income Discontinuous Operations": NaN,
        "Net Income Continuous Operations": NaN,
        "Tax Provision": NaN,
        "Pretax Income": NaN,
        "Other Income Expense": NaN,
        "Other Non Operating Income Expenses": -2100000.0,
        "Special Income Charges": NaN,
        "Other Special Charges": NaN,
        "Restructuring And Mergern Acquisition": NaN,
        "Net Non Operating Interest Income Expense": NaN,
        "Interest Expense Non Operating": NaN,
        "Operating Income": NaN,
        "Operating Expense": NaN,
        "Other Operating Expenses": NaN,
        "Research And Development": NaN,
        "Selling General And Administration": NaN,
        "General And Administrative Expense": NaN,
        "Other Gand A": NaN,
        "Salaries And Wages": NaN,
        "Gross Profit": NaN,
        "Cost Of Revenue": NaN,
        "Total Revenue": NaN,
        "Operating Revenue": NaN
    },
    "2022-09-30": {
        "Tax Effect Of Unusual Items": NaN,
        "Tax Rate For Calcs": NaN,
        "Normalized EBITDA": NaN,
        "Total Unusual Items": NaN,
        "Total Unusual Items Excluding Goodwill": NaN,
        "Net Income From Continuing Operation Net Minority Interest": NaN,
        "Reconciled Depreciation": NaN,
        "Reconciled Cost Of Revenue": NaN,
        "EBITDA": NaN,
        "EBIT": NaN,
        "Net Interest Income": NaN,
        "Interest Expense": NaN,
        "Normalized Income": NaN,
        "Net Income From Continuing And Discontinued Operation": NaN,
        "Total Expenses": NaN,
        "Diluted Average Shares": NaN,
        "Basic Average Shares": NaN,
        "Diluted EPS": NaN,
        "Basic EPS": NaN,
        "Diluted NI Availto Com Stockholders": NaN,
        "Net Income Common Stockholders": NaN,
        "Otherunder Preferred Stock Dividend": NaN,
        "Net Income": NaN,
        "Minority Interests": NaN,
        "Net Income Including Noncontrolling Interests": NaN,
        "Net Income Discontinuous Operations": NaN,
        "Net Income Continuous Operations": NaN,
        "Tax Provision": NaN,
        "Pretax Income": NaN,
        "Other Income Expense": NaN,
        "Other Non Operating Income Expenses": 1700000.0,
        "Special Income Charges": NaN,
        "Other Special Charges": NaN,
        "Restructuring And Mergern Acquisition": NaN,
        "Net Non Operating Interest Income Expense": NaN,
        "Interest Expense Non Operating": NaN,
        "Operating Income": NaN,
        "Operating Expense": NaN,
        "Research And Development": NaN,
        "Selling General And Administration": NaN,
        "General And Administrative Expense": NaN,
        "Other Gand A": NaN,
        "Salaries And Wages": NaN,
        "Gross Profit": NaN,
        "Cost Of Revenue": NaN,
        "Total Revenue": NaN,
        "Operating Revenue": NaN
    },
    "2022-06-30": {
        "Tax Effect Of Unusual Items": -22469547.534316,
        "Tax Rate For Calcs": 0.278088,
        "Normalized EBITDA": 312800000.0,
        "Total Unusual Items": -80800000.0,
        "Total Unusual Items Excluding Goodwill": -80800000.0,
        "Net Income From Continuing Operation Net Minority Interest": 145000000.0,
        "Reconciled Depreciation": 42800000.0,
        "Reconciled Cost Of Revenue": 861300000.0,
        "EBITDA": 232000000.0,
        "EBIT": 232000000.0,
        "Net Interest Income": -35300000.0,
        "Interest Expense": 35300000.0,
        "Normalized Income": 203330452.465684,
        "Net Income From Continuing And Discontinued Operation": 134200000.0,
        "Total Expenses": 1135600000.0,
        "Diluted Average Shares": 126946000.0,
        "Basic Average Shares": 126204000.0,
        "Diluted EPS": 1.06,
        "Basic EPS": 1.06,
        "Diluted NI Availto Com Stockholders": 134200000.0,
        "Net Income Common Stockholders": 134200000.0,
        "Otherunder Preferred Stock Dividend": 300000.0,
        "Net Income": 134200000.0,
        "Minority Interests": 3000000.0,
        "Net Income Including Noncontrolling Interests": 131200000.0,
        "Net Income Discontinuous Operations": -10800000.0,
        "Net Income Continuous Operations": 142000000.0,
        "Tax Provision": 54700000.0,
        "Pretax Income": 196700000.0,
        "Other Income Expense": -84700000.0,
        "Other Non Operating Income Expenses": -3900000.0,
        "Special Income Charges": -80800000.0,
        "Restructuring And Mergern Acquisition": 80800000.0,
        "Net Non Operating Interest Income Expense": -35300000.0,
        "Interest Expense Non Operating": 35300000.0,
        "Operating Income": 316700000.0,
        "Operating Expense": 274300000.0,
        "Research And Development": 79500000.0,
        "Selling General And Administration": 194800000.0,
        "Gross Profit": 591000000.0,
        "Cost Of Revenue": 861300000.0,
        "Total Revenue": 1452300000.0,
        "Operating Revenue": 1452300000.0
    },
    "2023-06-30": {
        "Tax Effect Of Unusual Items": -1065800.0,
        "Tax Rate For Calcs": 0.146,
        "Normalized EBITDA": 183000000.0,
        "Total Unusual Items": -7300000.0,
        "Total Unusual Items Excluding Goodwill": -7300000.0,
        "Net Income From Continuing Operation Net Minority Interest": 52000000.0,
        "Reconciled Depreciation": 48100000.0,
        "Reconciled Cost Of Revenue": 581700000.0,
        "EBITDA": 175700000.0,
        "EBIT": 127600000.0,
        "Net Interest Income": -64500000.0,
        "Interest Expense": 64500000.0,
        "Normalized Income": 58234200.0,
        "Net Income From Continuing And Discontinued Operation": 30500000.0,
        "Total Expenses": 875000000.0,
        "Diluted Average Shares": 125664000.0,
        "Basic Average Shares": 125085000.0,
        "Diluted EPS": 0.24,
        "Basic EPS": 0.24,
        "Diluted NI Availto Com Stockholders": 30400000.0,
        "Net Income Common Stockholders": 30400000.0,
        "Otherunder Preferred Stock Dividend": 100000.0,
        "Net Income": 30500000.0,
        "Minority Interests": -1900000.0,
        "Net Income Including Noncontrolling Interests": 32400000.0,
        "Net Income Discontinuous Operations": -21500000.0,
        "Net Income Continuous Operations": 53900000.0,
        "Tax Provision": 9200000.0,
        "Pretax Income": 63100000.0,
        "Other Income Expense": -11900000.0,
        "Other Non Operating Income Expenses": -4600000.0,
        "Special Income Charges": -7300000.0,
        "Other Special Charges": 8200000.0,
        "Restructuring And Mergern Acquisition": -900000.0,
        "Net Non Operating Interest Income Expense": -64500000.0,
        "Interest Expense Non Operating": 64500000.0,
        "Operating Income": 139500000.0,
        "Operating Expense": 293300000.0,
        "Other Operating Expenses": NaN,
        "Research And Development": 87700000.0,
        "Selling General And Administration": 205600000.0,
        "General And Administrative Expense": 210200000.0,
        "Other Gand A": 205600000.0,
        "Salaries And Wages": 4600000.0,
        "Gross Profit": 432800000.0,
        "Cost Of Revenue": 581700000.0,
        "Total Revenue": 1014500000.0,
        "Operating Revenue": 1014500000.0
    },
    "2022-03-31": {
        "Diluted EPS": 1.64,
        "Total Revenue": NaN,
        "Gross Profit": 573,
        "Operating Income": 303,
        "EBIT": 346,
        "Net Income": 207
    },
    "2021-12-31": {
        "Diluted EPS": 1.53,
        "Total Revenue": NaN,
        "Gross Profit": 606,
        "Operating Income": 270,
        "EBIT": 312,
        "Net Income": 193
    },
    "2021-09-30": {
        "Diluted EPS": 1.24,
        "Total Revenue": NaN,
        "Gross Profit": 512,
        "Operating Income": 216,
        "EBIT": 259,
        "Net Income": 160
    },
    "2021-06-30": {
        "Diluted EPS": 1.56,
        "Total Revenue": NaN,
        "Gross Profit": 532,
        "Operating Income": 289,
        "EBIT": 331,
        "Net Income": 203
    },
    "2021-03-31": {
        "Diluted EPS": 1.4,
        "Total Revenue": NaN,
        "Gross Profit": 512,
        "Operating Income": 261,
        "EBIT": 303,
        "Net Income": 183
    },
    "2020-12-31": {
        "Diluted EPS": 0.39,
        "Total Revenue": NaN,
        "Gross Profit": 496,
        "Operating Income": 142,
        "EBIT": 184,
        "Net Income": 49
    },
    "2020-09-30": {
        "Diluted EPS": 0.85,
        "Total Revenue": NaN,
        "Gross Profit": 466,
        "Operating Income": 196,
        "EBIT": 238,
        "Net Income": 111
    },
    "2020-06-30": {
        "Diluted EPS": 1.41,
        "Total Revenue": NaN,
        "Gross Profit": 523,
        "Operating Income": 268,
        "EBIT": 308,
        "Net Income": 184
    },
    "2020-03-31": {
        "Diluted EPS": 1.58,
        "Total Revenue": NaN,
        "Gross Profit": 562,
        "Operating Income": 291,
        "EBIT": 331,
        "Net Income": 206
    },
    "2019-12-31": {
        "Diluted EPS": -0.01,
        "Total Revenue": NaN,
        "Gross Profit": 556,
        "Operating Income": 112,
        "EBIT": 151,
        "Net Income": -5
    },
    "2019-09-30": {
        "Diluted EPS": 0.69,
        "Total Revenue": NaN,
        "Gross Profit": 432,
        "Operating Income": 160,
        "EBIT": 197,
        "Net Income": 90
    },
    "2019-06-30": {
        "Diluted EPS": 1.32,
        "Total Revenue": NaN,
        "Gross Profit": 551,
        "Operating Income": 268,
        "EBIT": 305,
        "Net Income": 175
    },
    "2019-03-31": {
        "Diluted EPS": 1.62,
        "Total Revenue": NaN,
        "Gross Profit": 545,
        "Operating Income": 282,
        "EBIT": 319,
        "Net Income": 216
    },
    "2018-12-31": {
        "Diluted EPS": 0.23,
        "Total Revenue": NaN,
        "Gross Profit": 492,
        "Operating Income": 178,
        "EBIT": 216,
        "Net Income": 32
    },
    "2018-09-30": {
        "Diluted EPS": 0.54,
        "Total Revenue": 924,
        "Gross Profit": 395,
        "Operating Income": 105,
        "EBIT": 143,
        "Net Income": 73
    },
    "2018-06-30": {
        "Diluted EPS": 0.96,
        "Total Revenue": NaN,
        "Gross Profit": 490,
        "Operating Income": 133,
        "EBIT": 172,
        "Net Income": 130
    },
    "2018-03-31": {
        "Diluted EPS": 1.96,
        "Total Revenue": NaN,
        "Gross Profit": 503,
        "Operating Income": 325,
        "EBIT": 360,
        "Net Income": 267
    },
    "2017-12-31": {
        "Diluted EPS": 3.94,
        "Total Revenue": 632,
        "Gross Profit": 235,
        "Operating Income": -46,
        "EBIT": -19,
        "Net Income": 530
    },
    "2017-09-30": {
        "Diluted EPS": 0.41,
        "Total Revenue": 646,
        "Gross Profit": 266,
        "Operating Income": 74,
        "EBIT": 99,
        "Net Income": 55
    },
    "2017-06-30": {
        "Diluted EPS": 0.56,
        "Total Revenue": 657,
        "Gross Profit": 234,
        "Operating Income": 65,
        "EBIT": 88,
        "Net Income": 75
    },
    "2017-03-31": {
        "Diluted EPS": -0.92,
        "Total Revenue": 596,
        "Gross Profit": 216,
        "Operating Income": 65,
        "EBIT": 89,
        "Net Income": -124
    },
    "2016-12-31": {
        "Diluted EPS": 0.12,
        "Total Revenue": 688,
        "Gross Profit": 265,
        "Operating Income": 52,
        "EBIT": 77,
        "Net Income": 16
    },
    "2016-09-30": {
        "Diluted EPS": 0.59,
        "Total Revenue": 629,
        "Gross Profit": 215,
        "Operating Income": 70,
        "EBIT": 96,
        "Net Income": 80
    },
    "2016-06-30": {
        "Diluted EPS": 0.49,
        "Total Revenue": 615,
        "Gross Profit": 235,
        "Operating Income": 83,
        "EBIT": 107,
        "Net Income": 65
    },
    "2016-03-31": {
        "Diluted EPS": 0.36,
        "Total Revenue": 606,
        "Gross Profit": 216,
        "Operating Income": 62,
        "EBIT": 87,
        "Net Income": 48
    },
    "2015-12-31": {
        "Diluted EPS": -1.49,
        "Total Revenue": 114,
        "Gross Profit": 24,
        "Operating Income": -151,
        "EBIT": -167,
        "Net Income": -204
    },
    "2015-09-30": {
        "Diluted EPS": -0.02,
        "Total Revenue": 831,
        "Gross Profit": 220,
        "Operating Income": 1,
        "EBIT": 39,
        "Net Income": -2
    },
    "2015-06-30": {
        "Diluted EPS": 5.52,
        "Total Revenue": 887,
        "Gross Profit": 306,
        "Operating Income": 101,
        "EBIT": 132,
        "Net Income": 742
    },
    "2015-03-31": {
        "Diluted EPS": -0.35,
        "Total Revenue": 659,
        "Gross Profit": 251,
        "Operating Income": -96,
        "EBIT": -73,
        "Net Income": -47
    },
    "2014-12-31": {
        "Diluted EPS": 0.57,
        "Total Revenue": NaN,
        "Gross Profit": 365,
        "Operating Income": 86,
        "EBIT": 109,
        "Net Income": 77
    },
    "2014-09-30": {
        "Diluted EPS": 0.42,
        "Total Revenue": 819,
        "Gross Profit": 284,
        "Operating Income": 106,
        "EBIT": 129,
        "Net Income": 56
    },
    "2014-06-30": {
        "Diluted EPS": 0.81,
        "Total Revenue": 795,
        "Gross Profit": 316,
        "Operating Income": 150,
        "EBIT": 174,
        "Net Income": 109
    },
    "2014-03-31": {
        "Diluted EPS": 0.49,
        "Total Revenue": 757,
        "Gross Profit": 293,
        "Operating Income": 150,
        "EBIT": 174,
        "Net Income": 65
    },
    "2013-12-31": {
        "Diluted EPS": 0.2,
        "Total Revenue": NaN,
        "Gross Profit": 355,
        "Operating Income": 180,
        "EBIT": 176,
        "Net Income": 27
    },
    "2013-09-30": {
        "Diluted EPS": 0.13,
        "Total Revenue": 957,
        "Gross Profit": 304,
        "Operating Income": 151,
        "EBIT": 185,
        "Net Income": 18
    },
    "2013-06-30": {
        "Diluted EPS": 0.86,
        "Total Revenue": 876,
        "Gross Profit": 328,
        "Operating Income": 173,
        "EBIT": 201,
        "Net Income": 118
    },
    "2013-03-31": {
        "Diluted EPS": 0.94,
        "Total Revenue": 911,
        "Gross Profit": 354,
        "Operating Income": 204,
        "EBIT": 232,
        "Net Income": 130
    },
    "2012-12-31": {
        "Diluted EPS": 0.74,
        "Total Revenue": 742,
        "Gross Profit": 285,
        "Operating Income": 145,
        "EBIT": 176,
        "Net Income": 102
    },
    "2012-09-30": {
        "Diluted EPS": 0.65,
        "Total Revenue": 822,
        "Gross Profit": 298,
        "Operating Income": 151,
        "EBIT": 169,
        "Net Income": 90
    },
    "2012-06-30": {
        "Diluted EPS": 0.76,
        "Total Revenue": 905,
        "Gross Profit": 338,
        "Operating Income": 181,
        "EBIT": 216,
        "Net Income": 104
    },
    "2012-03-31": {
        "Diluted EPS": 0.85,
        "Total Revenue": 941,
        "Gross Profit": 347,
        "Operating Income": 190,
        "EBIT": 222,
        "Net Income": 119
    },
    "2011-12-31": {
        "Diluted EPS": 0.55,
        "Total Revenue": 567,
        "Gross Profit": 226,
        "Operating Income": 114,
        "EBIT": 119,
        "Net Income": 79
    },
    "2011-09-30": {
        "Diluted EPS": 0.61,
        "Total Revenue": 862,
        "Gross Profit": 287,
        "Operating Income": 149,
        "EBIT": 181,
        "Net Income": 86
    },
    "2011-06-30": {
        "Diluted EPS": 0.74,
        "Total Revenue": 812,
        "Gross Profit": 299,
        "Operating Income": 165,
        "EBIT": 197,
        "Net Income": 107
    },
    "2011-03-31": {
        "Diluted EPS": 0.65,
        "Total Revenue": 795,
        "Gross Profit": 288,
        "Operating Income": 160,
        "EBIT": 190,
        "Net Income": 94
    },
    "2010-12-31": {
        "Diluted EPS": -0.37,
        "Total Revenue": 811,
        "Gross Profit": 264,
        "Operating Income": 109,
        "EBIT": 144,
        "Net Income": -52
    },
    "2010-09-30": {
        "Diluted EPS": 0.57,
        "Total Revenue": 773,
        "Gross Profit": 255,
        "Operating Income": 131,
        "EBIT": 163,
        "Net Income": 82
    },
    "2010-06-30": {
        "Diluted EPS": 0.45,
        "Total Revenue": 777,
        "Gross Profit": 265,
        "Operating Income": 147,
        "EBIT": 179,
        "Net Income": 65
    },
    "2010-03-31": {
        "Diluted EPS": 0.53,
        "Total Revenue": 757,
        "Gross Profit": 267,
        "Operating Income": 153,
        "EBIT": 187,
        "Net Income": 77
    },
    "2009-12-31": {
        "Diluted EPS": 0.43,
        "Total Revenue": 722,
        "Gross Profit": 220,
        "Operating Income": 103,
        "EBIT": 137,
        "Net Income": 62
    },
    "2009-09-30": {
        "Diluted EPS": 0.19,
        "Total Revenue": 713,
        "Gross Profit": 203,
        "Operating Income": 100,
        "EBIT": 133,
        "Net Income": 28
    },
    "2009-06-30": {
        "Diluted EPS": 0.47,
        "Total Revenue": 700,
        "Gross Profit": 223,
        "Operating Income": 127,
        "EBIT": 158,
        "Net Income": 69
    },
    "2009-03-31": {
        "Diluted EPS": 0.47,
        "Total Revenue": 691,
        "Gross Profit": 237,
        "Operating Income": 137,
        "EBIT": 167,
        "Net Income": 69
    },
    "2023-09-30": {
        "Tax Effect Of Unusual Items": -5922000.0,
        "Tax Rate For Calcs": 0.21,
        "Normalized EBITDA": 170400000.0,
        "Total Unusual Items": -28200000.0,
        "Total Unusual Items Excluding Goodwill": -28200000.0,
        "Net Income From Continuing Operation Net Minority Interest": 4800000.0,
        "Reconciled Depreciation": 45600000.0,
        "Reconciled Cost Of Revenue": 600700000.0,
        "EBITDA": 142200000.0,
        "EBIT": 96600000.0,
        "Net Interest Income": -64600000.0,
        "Interest Expense": 64600000.0,
        "Normalized Income": 27078000.0,
        "Net Income From Continuing And Discontinued Operation": -3500000.0,
        "Total Expenses": 852900000.0,
        "Diluted Average Shares": 125260000.0,
        "Basic Average Shares": 124887000.0,
        "Diluted EPS": -0.03,
        "Basic EPS": -0.03,
        "Diluted NI Availto Com Stockholders": -3500000.0,
        "Net Income Common Stockholders": -3500000.0,
        "Otherunder Preferred Stock Dividend": 0.0,
        "Net Income": -3500000.0,
        "Minority Interests": 200000.0,
        "Net Income Including Noncontrolling Interests": -3700000.0,
        "Net Income Discontinuous Operations": -8300000.0,
        "Net Income Continuous Operations": 4600000.0,
        "Tax Provision": 27400000.0,
        "Pretax Income": 32000000.0,
        "Other Income Expense": -32400000.0,
        "Other Non Operating Income Expenses": -4200000.0,
        "Special Income Charges": -28200000.0,
        "Other Special Charges": 25300000.0,
        "Restructuring And Mergern Acquisition": 2900000.0,
        "Net Non Operating Interest Income Expense": -64600000.0,
        "Interest Expense Non Operating": 64600000.0,
        "Operating Income": 129000000.0,
        "Operating Expense": 252200000.0,
        "Other Operating Expenses": NaN,
        "Research And Development": 80900000.0,
        "Selling General And Administration": 171300000.0,
        "General And Administrative Expense": 175500000.0,
        "Other Gand A": 171300000.0,
        "Salaries And Wages": 4200000.0,
        "Gross Profit": 381200000.0,
        "Cost Of Revenue": 600700000.0,
        "Total Revenue": 981900000.0,
        "Operating Revenue": 981900000.0
    },
    "2023-12-31": {
        "Tax Effect Of Unusual Items": -34503000.0,
        "Tax Rate For Calcs": 0.21,
        "Normalized EBITDA": 223500000.0,
        "Total Unusual Items": -164300000.0,
        "Total Unusual Items Excluding Goodwill": -164300000.0,
        "Net Income From Continuing Operation Net Minority Interest": 1155700000.0,
        "Reconciled Depreciation": 45900000.0,
        "Reconciled Cost Of Revenue": 710400000.0,
        "EBITDA": 59200000.0,
        "EBIT": 13300000.0,
        "Net Interest Income": -56700000.0,
        "Interest Expense": 56700000.0,
        "Normalized Income": 1285497000.0,
        "Net Income From Continuing And Discontinued Operation": 1098500000.0,
        "Total Expenses": 968500000.0,
        "Diluted Average Shares": 125200000.0,
        "Basic Average Shares": 124900000.0,
        "Diluted EPS": 8.77,
        "Basic EPS": 8.77,
        "Diluted NI Availto Com Stockholders": 1095500000.0,
        "Net Income Common Stockholders": 1095500000.0,
        "Otherunder Preferred Stock Dividend": 3000000.0,
        "Net Income": 1098500000.0,
        "Minority Interests": 2100000.0,
        "Net Income Including Noncontrolling Interests": 1096400000.0,
        "Net Income Discontinuous Operations": -57200000.0,
        "Net Income Continuous Operations": 1153600000.0,
        "Tax Provision": -1197000000.0,
        "Pretax Income": -43400000.0,
        "Other Income Expense": -164300000.0,
        "Other Non Operating Income Expenses": NaN,
        "Special Income Charges": -164300000.0,
        "Other Special Charges": 105800000.0,
        "Restructuring And Mergern Acquisition": 58500000.0,
        "Net Non Operating Interest Income Expense": -56700000.0,
        "Interest Expense Non Operating": 56700000.0,
        "Operating Income": 177600000.0,
        "Operating Expense": 258100000.0,
        "Other Operating Expenses": NaN,
        "Research And Development": 81800000.0,
        "Selling General And Administration": 176300000.0,
        "General And Administrative Expense": 176300000.0,
        "Other Gand A": 171500000.0,
        "Salaries And Wages": 4800000.0,
        "Gross Profit": 435700000.0,
        "Cost Of Revenue": 710400000.0,
        "Total Revenue": 1146100000.0,
        "Operating Revenue": 1146100000.0
    },
    "2024-03-31": {
        "Tax Effect Of Unusual Items": -8589000.0,
        "Tax Rate For Calcs": 0.21,
        "Normalized EBITDA": 156300000.0,
        "Total Unusual Items": -40900000.0,
        "Total Unusual Items Excluding Goodwill": -40900000.0,
        "Net Income From Continuing Operation Net Minority Interest": 9800000.0,
        "Reconciled Depreciation": 45700000.0,
        "Reconciled Cost Of Revenue": 578300000.0,
        "EBITDA": 115400000.0,
        "EBIT": 69700000.0,
        "Net Interest Income": -61700000.0,
        "Interest Expense": 61700000.0,
        "Normalized Income": 42111000.0,
        "Net Income From Continuing And Discontinued Operation": -2700000.0,
        "Total Expenses": 807400000.0,
        "Diluted Average Shares": 125242000.0,
        "Basic Average Shares": 124945000.0,
        "Diluted EPS": -0.02,
        "Basic EPS": -0.02,
        "Diluted NI Availto Com Stockholders": -2700000.0,
        "Net Income Common Stockholders": -2700000.0,
        "Otherunder Preferred Stock Dividend": 0.0,
        "Net Income": -2700000.0,
        "Minority Interests": 400000.0,
        "Net Income Including Noncontrolling Interests": -3100000.0,
        "Net Income Discontinuous Operations": -12500000.0,
        "Net Income Continuous Operations": 9400000.0,
        "Tax Provision": -1400000.0,
        "Pretax Income": 8000000.0,
        "Other Income Expense": -40900000.0,
        "Other Non Operating Income Expenses": NaN,
        "Special Income Charges": -40900000.0,
        "Other Special Charges": NaN,
        "Restructuring And Mergern Acquisition": 40900000.0,
        "Net Non Operating Interest Income Expense": -61700000.0,
        "Interest Expense Non Operating": 61700000.0,
        "Operating Income": 110600000.0,
        "Operating Expense": 229100000.0,
        "Other Operating Expenses": NaN,
        "Research And Development": 60900000.0,
        "Selling General And Administration": 168200000.0,
        "General And Administrative Expense": 168200000.0,
        "Other Gand A": 163900000.0,
        "Salaries And Wages": 4300000.0,
        "Gross Profit": 339700000.0,
        "Cost Of Revenue": 578300000.0,
        "Total Revenue": 918000000.0,
        "Operating Revenue": 918000000.0
    },
    "2024-06-30": {
        "Tax Effect Of Unusual Items": -18774000.0,
        "Tax Rate For Calcs": 0.21,
        "Normalized EBITDA": 191800000.0,
        "Total Unusual Items": -89400000.0,
        "Total Unusual Items Excluding Goodwill": -89400000.0,
        "Net Income From Continuing Operation Net Minority Interest": 297900000.0,
        "Reconciled Depreciation": 44300000.0,
        "Reconciled Cost Of Revenue": 640300000.0,
        "EBITDA": 102400000.0,
        "EBIT": 58100000.0,
        "Net Interest Income": -63600000.0,
        "Interest Expense": 63600000.0,
        "Normalized Income": 368526000.0,
        "Net Income From Continuing And Discontinued Operation": 295100000.0,
        "Total Expenses": 890900000.0,
        "Diluted Average Shares": 125352000.0,
        "Basic Average Shares": 125009000.0,
        "Diluted EPS": 2.35,
        "Basic EPS": 2.35,
        "Diluted NI Availto Com Stockholders": 294200000.0,
        "Net Income Common Stockholders": 294200000.0,
        "Otherunder Preferred Stock Dividend": 900000.0,
        "Net Income": 295100000.0,
        "Minority Interests": -100000.0,
        "Net Income Including Noncontrolling Interests": 295200000.0,
        "Net Income Discontinuous Operations": -2800000.0,
        "Net Income Continuous Operations": 298000000.0,
        "Tax Provision": -303500000.0,
        "Pretax Income": -5500000.0,
        "Other Income Expense": -89400000.0,
        "Other Non Operating Income Expenses": NaN,
        "Special Income Charges": -89400000.0,
        "Other Special Charges": 5600000.0,
        "Restructuring And Mergern Acquisition": 83800000.0,
        "Net Non Operating Interest Income Expense": -63600000.0,
        "Interest Expense Non Operating": 63600000.0,
        "Operating Income": 147500000.0,
        "Operating Expense": 250600000.0,
        "Other Operating Expenses": 5700000.0,
        "Research And Development": 75900000.0,
        "Selling General And Administration": 169000000.0,
        "General And Administrative Expense": 169000000.0,
        "Other Gand A": 164800000.0,
        "Salaries And Wages": 4200000.0,
        "Gross Profit": 398100000.0,
        "Cost Of Revenue": 640300000.0,
        "Total Revenue": 1038400000.0,
        "Operating Revenue": 1023700000.0
    }
}