{
    "2023-06-30": {
        "Tax Effect Of Unusual Items": -66490.690282,
        "Tax Rate For Calcs": 0.150431,
        "Total Unusual Items": -442000.0,
        "Total Unusual Items Excluding Goodwill": -442000.0,
        "Net Income From Continuing Operation Net Minority Interest": 14966000.0,
        "Reconciled Depreciation": 2202000.0,
        "Net Interest Income": 33984000.0,
        "Interest Expense": 18226000.0,
        "Interest Income": 52210000.0,
        "Normalized Income": 15341509.309718,
        "Net Income From Continuing And Discontinued Operation": 14966000.0,
        "Diluted Average Shares": 37320453.0,
        "Basic Average Shares": 37233732.0,
        "Diluted EPS": 0.4,
        "Basic EPS": 0.4,
        "Diluted NI Availto Com Stockholders": 14966000.0,
        "Net Income Common Stockholders": 14966000.0,
        "Net Income": 14966000.0,
        "Net Income Including Noncontrolling Interests": 14966000.0,
        "Net Income Continuous Operations": 14966000.0,
        "Tax Provision": 2650000.0,
        "Pretax Income": 17616000.0,
        "Special Income Charges": -442000.0,
        "Restructuring And Mergern Acquisition": 442000.0,
        "Gain On Sale Of Security": 13000.0,
        "Depreciation Amortization Depletion Income Statement": 1222000.0,
        "Depreciation And Amortization In Income Statement": 1222000.0,
        "Amortization": 1222000.0,
        "Amortization Of Intangibles Income Statement": 1222000.0,
        "Selling General And Administration": 14103000.0,
        "Selling And Marketing Expense": 478000.0,
        "General And Administrative Expense": 13625000.0,
        "Insurance And Claims": NaN,
        "Salaries And Wages": 13625000.0,
        "Total Revenue": 44027000.0,
        "Operating Revenue": 44027000.0
    },
    "2023-03-31": {
        "Tax Effect Of Unusual Items": -357273.399015,
        "Tax Rate For Calcs": 0.082836,
        "Total Unusual Items": -4313000.0,
        "Total Unusual Items Excluding Goodwill": -4313000.0,
        "Net Income From Continuing Operation Net Minority Interest": 7075000.0,
        "Reconciled Depreciation": 1899000.0,
        "Net Interest Income": 36234000.0,
        "Interest Expense": 14623000.0,
        "Interest Income": 50857000.0,
        "Normalized Income": 11030726.600985,
        "Net Income From Continuing And Discontinued Operation": 7075000.0,
        "Diluted Average Shares": 37933199.0,
        "Basic Average Shares": 37823628.0,
        "Diluted EPS": 0.19,
        "Basic EPS": 0.19,
        "Diluted NI Availto Com Stockholders": 7075000.0,
        "Net Income Common Stockholders": 7075000.0,
        "Net Income": 7075000.0,
        "Net Income Including Noncontrolling Interests": 7075000.0,
        "Net Income Continuous Operations": 7075000.0,
        "Tax Provision": 639000.0,
        "Pretax Income": 7714000.0,
        "Special Income Charges": -4313000.0,
        "Restructuring And Mergern Acquisition": 4313000.0,
        "Gain On Sale Of Security": 121000.0,
        "Depreciation Amortization Depletion Income Statement": 909000.0,
        "Depreciation And Amortization In Income Statement": 909000.0,
        "Amortization": 909000.0,
        "Amortization Of Intangibles Income Statement": 909000.0,
        "Selling General And Administration": 16276000.0,
        "Selling And Marketing Expense": 409000.0,
        "General And Administrative Expense": 15867000.0,
        "Insurance And Claims": 1222000.0,
        "Salaries And Wages": 14645000.0,
        "Total Revenue": 47035000.0,
        "Operating Revenue": 47035000.0
    },
    "2022-12-31": {
        "Tax Effect Of Unusual Items": -100165.002171,
        "Tax Rate For Calcs": 0.171515,
        "Total Unusual Items": -584000.0,
        "Total Unusual Items Excluding Goodwill": -584000.0,
        "Net Income From Continuing Operation Net Minority Interest": 13356000.0,
        "Reconciled Depreciation": 1424000.0,
        "Net Interest Income": 29106000.0,
        "Interest Expense": 8679000.0,
        "Interest Income": 37785000.0,
        "Normalized Income": 13839834.997829,
        "Net Income From Continuing And Discontinued Operation": 13356000.0,
        "Diluted Average Shares": 34246154.0,
        "Basic Average Shares": 34246154.0,
        "Diluted EPS": 0.39,
        "Basic EPS": 0.39,
        "Diluted NI Availto Com Stockholders": 13356000.0,
        "Net Income Common Stockholders": 13356000.0,
        "Net Income": 13356000.0,
        "Net Income Including Noncontrolling Interests": 13356000.0,
        "Net Income Continuous Operations": 13356000.0,
        "Tax Provision": 2765000.0,
        "Pretax Income": 16121000.0,
        "Special Income Charges": -584000.0,
        "Other Special Charges": 0.0,
        "Restructuring And Mergern Acquisition": 584000.0,
        "Gain On Sale Of Security": -366000.0,
        "Depreciation Amortization Depletion Income Statement": 702000.0,
        "Depreciation And Amortization In Income Statement": 702000.0,
        "Amortization": 702000.0,
        "Amortization Of Intangibles Income Statement": 702000.0,
        "Selling General And Administration": 11858000.0,
        "Selling And Marketing Expense": 473000.0,
        "General And Administrative Expense": 11385000.0,
        "Insurance And Claims": NaN,
        "Salaries And Wages": 11385000.0,
        "Total Revenue": 37632000.0,
        "Operating Revenue": 37632000.0
    },
    "2022-09-30": {
        "Tax Effect Of Unusual Items": -154079.206865,
        "Tax Rate For Calcs": 0.176696,
        "Total Unusual Items": -872000.0,
        "Total Unusual Items Excluding Goodwill": -872000.0,
        "Net Income From Continuing Operation Net Minority Interest": 15446000.0,
        "Reconciled Depreciation": 432000.0,
        "Net Interest Income": 31781000.0,
        "Interest Expense": 4629000.0,
        "Interest Income": 36410000.0,
        "Normalized Income": 16163920.793135,
        "Net Income From Continuing And Discontinued Operation": 15446000.0,
        "Diluted Average Shares": 33931882.0,
        "Basic Average Shares": 33851596.0,
        "Diluted EPS": 0.46,
        "Basic EPS": 0.46,
        "Diluted NI Availto Com Stockholders": 15446000.0,
        "Net Income Common Stockholders": 15446000.0,
        "Net Income": 15446000.0,
        "Net Income Including Noncontrolling Interests": 15446000.0,
        "Net Income Continuous Operations": 15446000.0,
        "Tax Provision": 3315000.0,
        "Pretax Income": 18761000.0,
        "Special Income Charges": -872000.0,
        "Other Special Charges": NaN,
        "Restructuring And Mergern Acquisition": 872000.0,
        "Gain On Sale Of Security": -17000.0,
        "Depreciation Amortization Depletion Income Statement": 432000.0,
        "Depreciation And Amortization In Income Statement": 432000.0,
        "Amortization": 432000.0,
        "Amortization Of Intangibles Income Statement": 432000.0,
        "Selling General And Administration": 13075000.0,
        "Selling And Marketing Expense": 596000.0,
        "General And Administrative Expense": 12479000.0,
        "Other Gand A": 738000.0,
        "Insurance And Claims": 1017000.0,
        "Salaries And Wages": 10724000.0,
        "Total Revenue": 40608000.0,
        "Operating Revenue": 40608000.0
    },
    "2022-06-30": {
        "Tax Effect Of Unusual Items": -111445.76422,
        "Tax Rate For Calcs": 0.16535,
        "Total Unusual Items": -674000.0,
        "Total Unusual Items Excluding Goodwill": -674000.0,
        "Net Income From Continuing Operation Net Minority Interest": 15951000.0,
        "Reconciled Depreciation": 1179000.0,
        "Net Interest Income": 31711000.0,
        "Interest Expense": 2575000.0,
        "Interest Income": 34286000.0,
        "Normalized Income": 16513554.23578,
        "Net Income From Continuing And Discontinued Operation": 15951000.0,
        "Diluted Average Shares": 33922844.0,
        "Basic Average Shares": 33850449.0,
        "Diluted EPS": 0.47,
        "Basic EPS": 0.47,
        "Diluted NI Availto Com Stockholders": 15951000.0,
        "Net Income Common Stockholders": 15951000.0,
        "Net Income": 15951000.0,
        "Net Income Including Noncontrolling Interests": 15951000.0,
        "Net Income Continuous Operations": 15951000.0,
        "Tax Provision": 3160000.0,
        "Pretax Income": 19111000.0,
        "Special Income Charges": -674000.0,
        "Other Special Charges": NaN,
        "Restructuring And Mergern Acquisition": 674000.0,
        "Gain On Sale Of Security": -60000.0,
        "Depreciation Amortization Depletion Income Statement": 419000.0,
        "Depreciation And Amortization In Income Statement": 419000.0,
        "Amortization": 419000.0,
        "Amortization Of Intangibles Income Statement": 419000.0,
        "Selling General And Administration": 11842000.0,
        "Selling And Marketing Expense": 487000.0,
        "General And Administrative Expense": 11355000.0,
        "Other Gand A": NaN,
        "Insurance And Claims": 282000.0,
        "Salaries And Wages": 11073000.0,
        "Total Revenue": 41188000.0,
        "Operating Revenue": 41188000.0
    },
    "2022-03-31": {
        "Diluted EPS": 0.47,
        "Total Revenue": 51,
        "Gross Profit": 49,
        "Operating Income": 21,
        "EBIT": NaN,
        "Net Income": 16
    },
    "2021-12-31": {
        "Diluted EPS": 0.15,
        "Total Revenue": 41,
        "Gross Profit": 39,
        "Operating Income": 13,
        "EBIT": NaN,
        "Net Income": 6
    },
    "2021-09-30": {
        "Diluted EPS": 0.56,
        "Total Revenue": 37,
        "Gross Profit": 36,
        "Operating Income": 20,
        "EBIT": NaN,
        "Net Income": 16
    },
    "2021-06-30": {
        "Diluted EPS": 0.55,
        "Total Revenue": 38,
        "Gross Profit": 36,
        "Operating Income": 19,
        "EBIT": NaN,
        "Net Income": 16
    },
    "2021-03-31": {
        "Diluted EPS": 0.51,
        "Total Revenue": 38,
        "Gross Profit": 35,
        "Operating Income": 18,
        "EBIT": NaN,
        "Net Income": 15
    },
    "2020-12-31": {
        "Diluted EPS": 0.4,
        "Total Revenue": 39,
        "Gross Profit": 36,
        "Operating Income": 16,
        "EBIT": NaN,
        "Net Income": 11
    },
    "2020-09-30": {
        "Diluted EPS": 0.38,
        "Total Revenue": 37,
        "Gross Profit": 33,
        "Operating Income": 13,
        "EBIT": NaN,
        "Net Income": 11
    },
    "2020-06-30": {
        "Diluted EPS": 0.39,
        "Total Revenue": 37,
        "Gross Profit": 33,
        "Operating Income": 13,
        "EBIT": NaN,
        "Net Income": 11
    },
    "2020-03-31": {
        "Diluted EPS": 0.3,
        "Total Revenue": 36,
        "Gross Profit": 30,
        "Operating Income": 12,
        "EBIT": NaN,
        "Net Income": 9
    },
    "2019-12-31": {
        "Diluted EPS": 0.34,
        "Total Revenue": 33,
        "Gross Profit": 28,
        "Operating Income": 12,
        "EBIT": NaN,
        "Net Income": 10
    },
    "2019-09-30": {
        "Diluted EPS": 0.33,
        "Total Revenue": 34,
        "Gross Profit": 28,
        "Operating Income": 11,
        "EBIT": NaN,
        "Net Income": 9
    },
    "2019-06-30": {
        "Diluted EPS": 0.31,
        "Total Revenue": 33,
        "Gross Profit": 28,
        "Operating Income": 10,
        "EBIT": NaN,
        "Net Income": 9
    },
    "2019-03-31": {
        "Diluted EPS": 0.3,
        "Total Revenue": 31,
        "Gross Profit": 26,
        "Operating Income": 10,
        "EBIT": NaN,
        "Net Income": 8
    },
    "2018-12-31": {
        "Diluted EPS": 0.3,
        "Total Revenue": 31,
        "Gross Profit": 27,
        "Operating Income": 10,
        "EBIT": NaN,
        "Net Income": 9
    },
    "2018-09-30": {
        "Diluted EPS": 0.29,
        "Total Revenue": 30,
        "Gross Profit": 26,
        "Operating Income": 9,
        "EBIT": NaN,
        "Net Income": 8
    },
    "2018-06-30": {
        "Diluted EPS": 0.29,
        "Total Revenue": 29,
        "Gross Profit": 26,
        "Operating Income": 10,
        "EBIT": NaN,
        "Net Income": 8
    },
    "2018-03-31": {
        "Diluted EPS": 0.28,
        "Total Revenue": 27,
        "Gross Profit": 25,
        "Operating Income": 9,
        "EBIT": NaN,
        "Net Income": 8
    },
    "2017-12-31": {
        "Diluted EPS": 0.18,
        "Total Revenue": 27,
        "Gross Profit": 25,
        "Operating Income": 10,
        "EBIT": NaN,
        "Net Income": 5
    },
    "2017-09-30": {
        "Diluted EPS": 0.22,
        "Total Revenue": 27,
        "Gross Profit": 25,
        "Operating Income": 8,
        "EBIT": NaN,
        "Net Income": 6
    },
    "2017-06-30": {
        "Diluted EPS": 0.21,
        "Total Revenue": 26,
        "Gross Profit": 24,
        "Operating Income": 8,
        "EBIT": NaN,
        "Net Income": 6
    },
    "2017-03-31": {
        "Diluted EPS": 0.21,
        "Total Revenue": 25,
        "Gross Profit": 23,
        "Operating Income": 8,
        "EBIT": NaN,
        "Net Income": 6
    },
    "2016-12-31": {
        "Diluted EPS": 0.19,
        "Total Revenue": 25,
        "Gross Profit": 23,
        "Operating Income": 7,
        "EBIT": NaN,
        "Net Income": 5
    },
    "2016-09-30": {
        "Diluted EPS": 0.2,
        "Total Revenue": 25,
        "Gross Profit": 24,
        "Operating Income": 7,
        "EBIT": NaN,
        "Net Income": 5
    },
    "2016-06-30": {
        "Diluted EPS": 0.19,
        "Total Revenue": 24,
        "Gross Profit": 23,
        "Operating Income": 7,
        "EBIT": NaN,
        "Net Income": 5
    },
    "2016-03-31": {
        "Diluted EPS": 0.18,
        "Total Revenue": 23,
        "Gross Profit": 22,
        "Operating Income": 7,
        "EBIT": NaN,
        "Net Income": 5
    },
    "2015-12-31": {
        "Diluted EPS": 0.13,
        "Total Revenue": 23,
        "Gross Profit": 22,
        "Operating Income": 6,
        "EBIT": NaN,
        "Net Income": 3
    },
    "2015-09-30": {
        "Diluted EPS": 0.07,
        "Total Revenue": 20,
        "Gross Profit": 19,
        "Operating Income": 5,
        "EBIT": NaN,
        "Net Income": 2
    },
    "2015-06-30": {
        "Diluted EPS": 0.04,
        "Total Revenue": 15,
        "Gross Profit": 14,
        "Operating Income": 3,
        "EBIT": NaN,
        "Net Income": 1
    },
    "2015-03-31": {
        "Diluted EPS": 0.12,
        "Total Revenue": 14,
        "Gross Profit": 13,
        "Operating Income": 3,
        "EBIT": NaN,
        "Net Income": 2
    },
    "2014-12-31": {
        "Diluted EPS": 0.11,
        "Total Revenue": 15,
        "Gross Profit": 13,
        "Operating Income": 3,
        "EBIT": NaN,
        "Net Income": 2
    },
    "2014-09-30": {
        "Diluted EPS": 0.12,
        "Total Revenue": 14,
        "Gross Profit": 13,
        "Operating Income": 3,
        "EBIT": NaN,
        "Net Income": 2
    },
    "2014-06-30": {
        "Diluted EPS": 0.13,
        "Total Revenue": 14,
        "Gross Profit": 13,
        "Operating Income": 3,
        "EBIT": NaN,
        "Net Income": 2
    },
    "2014-03-31": {
        "Diluted EPS": 0.12,
        "Total Revenue": 13,
        "Gross Profit": 12,
        "Operating Income": 3,
        "EBIT": NaN,
        "Net Income": 2
    },
    "2013-12-31": {
        "Diluted EPS": 0.11,
        "Total Revenue": 14,
        "Gross Profit": 13,
        "Operating Income": 3,
        "EBIT": NaN,
        "Net Income": 2
    },
    "2013-09-30": {
        "Diluted EPS": 0.09,
        "Total Revenue": 14,
        "Gross Profit": 13,
        "Operating Income": 2,
        "EBIT": NaN,
        "Net Income": 2
    },
    "2013-06-30": {
        "Diluted EPS": 0.1,
        "Total Revenue": 13,
        "Gross Profit": 12,
        "Operating Income": 2,
        "EBIT": NaN,
        "Net Income": 2
    },
    "2013-03-31": {
        "Diluted EPS": 0.11,
        "Total Revenue": 13,
        "Gross Profit": 12,
        "Operating Income": 3,
        "EBIT": NaN,
        "Net Income": 2
    },
    "2012-12-31": {
        "Diluted EPS": 0.15,
        "Total Revenue": 14,
        "Gross Profit": 13,
        "Operating Income": 3,
        "EBIT": NaN,
        "Net Income": 3
    },
    "2012-09-30": {
        "Diluted EPS": 0.13,
        "Total Revenue": 14,
        "Gross Profit": 12,
        "Operating Income": 3,
        "EBIT": NaN,
        "Net Income": 2
    },
    "2012-06-30": {
        "Diluted EPS": 0.12,
        "Total Revenue": 14,
        "Gross Profit": 12,
        "Operating Income": 3,
        "EBIT": NaN,
        "Net Income": 2
    },
    "2012-03-31": {
        "Diluted EPS": 0.13,
        "Total Revenue": 14,
        "Gross Profit": 12,
        "Operating Income": 3,
        "EBIT": NaN,
        "Net Income": 3
    },
    "2011-12-31": {
        "Diluted EPS": 0.16,
        "Total Revenue": 15,
        "Gross Profit": 14,
        "Operating Income": 4,
        "EBIT": NaN,
        "Net Income": 3
    },
    "2011-09-30": {
        "Diluted EPS": 0.13,
        "Total Revenue": 14,
        "Gross Profit": 12,
        "Operating Income": 3,
        "EBIT": NaN,
        "Net Income": 2
    },
    "2011-06-30": {
        "Diluted EPS": 0.11,
        "Total Revenue": 14,
        "Gross Profit": 12,
        "Operating Income": 3,
        "EBIT": NaN,
        "Net Income": 2
    },
    "2011-03-31": {
        "Diluted EPS": 0.1,
        "Total Revenue": 14,
        "Gross Profit": 12,
        "Operating Income": 2,
        "EBIT": NaN,
        "Net Income": 2
    },
    "2010-12-31": {
        "Diluted EPS": 0.24,
        "Total Revenue": 16,
        "Gross Profit": 14,
        "Operating Income": 4,
        "EBIT": NaN,
        "Net Income": 3
    },
    "2010-09-30": {
        "Diluted EPS": 0.21,
        "Total Revenue": 16,
        "Gross Profit": 13,
        "Operating Income": 4,
        "EBIT": NaN,
        "Net Income": 3
    },
    "2010-06-30": {
        "Diluted EPS": 0.15,
        "Total Revenue": 15,
        "Gross Profit": 12,
        "Operating Income": 3,
        "EBIT": NaN,
        "Net Income": 2
    },
    "2010-03-31": {
        "Diluted EPS": 0.06,
        "Total Revenue": 14,
        "Gross Profit": 11,
        "Operating Income": 1,
        "EBIT": NaN,
        "Net Income": 1
    },
    "2009-12-31": {
        "Diluted EPS": 0.07,
        "Total Revenue": 16,
        "Gross Profit": 12,
        "Operating Income": 1,
        "EBIT": NaN,
        "Net Income": 1
    },
    "2009-09-30": {
        "Diluted EPS": 0.12,
        "Total Revenue": 15,
        "Gross Profit": 11,
        "Operating Income": 2,
        "EBIT": NaN,
        "Net Income": 2
    },
    "2009-06-30": {
        "Diluted EPS": 0.12,
        "Total Revenue": 15,
        "Gross Profit": 11,
        "Operating Income": 2,
        "EBIT": NaN,
        "Net Income": 2
    },
    "2009-03-31": {
        "Diluted EPS": 0.13,
        "Total Revenue": 13,
        "Gross Profit": 9,
        "Operating Income": 3,
        "EBIT": NaN,
        "Net Income": 2
    },
    "2023-09-30": {
        "Tax Effect Of Unusual Items": -39857.289003,
        "Tax Rate For Calcs": 0.148721,
        "Total Unusual Items": -268000.0,
        "Total Unusual Items Excluding Goodwill": -268000.0,
        "Net Income From Continuing Operation Net Minority Interest": 13314000.0,
        "Reconciled Depreciation": 1678000.0,
        "Net Interest Income": 33281000.0,
        "Interest Expense": 20461000.0,
        "Interest Income": 53742000.0,
        "Normalized Income": 13542142.710997,
        "Net Income From Continuing And Discontinued Operation": 13314000.0,
        "Diluted Average Shares": 37379354.0,
        "Basic Average Shares": 37241383.0,
        "Diluted EPS": 0.36,
        "Basic EPS": 0.36,
        "Diluted NI Availto Com Stockholders": 13314000.0,
        "Net Income Common Stockholders": 13314000.0,
        "Net Income": 13314000.0,
        "Net Income Including Noncontrolling Interests": 13314000.0,
        "Net Income Continuous Operations": 13314000.0,
        "Tax Provision": 2326000.0,
        "Pretax Income": 15640000.0,
        "Special Income Charges": -268000.0,
        "Restructuring And Mergern Acquisition": 268000.0,
        "Gain On Sale Of Security": -624000.0,
        "Depreciation Amortization Depletion Income Statement": 725000.0,
        "Depreciation And Amortization In Income Statement": 725000.0,
        "Amortization": 725000.0,
        "Amortization Of Intangibles Income Statement": 725000.0,
        "Selling General And Administration": 14725000.0,
        "Selling And Marketing Expense": 492000.0,
        "General And Administrative Expense": 14233000.0,
        "Insurance And Claims": NaN,
        "Salaries And Wages": 14233000.0,
        "Total Revenue": 43599000.0,
        "Operating Revenue": 43599000.0
    },
    "2023-12-31": {
        "Tax Effect Of Unusual Items": -80542.418773,
        "Tax Rate For Calcs": 0.177798,
        "Total Unusual Items": -453000.0,
        "Total Unusual Items Excluding Goodwill": -453000.0,
        "Net Income From Continuing Operation Net Minority Interest": 14576000.0,
        "Reconciled Depreciation": 1548000.0,
        "Net Interest Income": 32301000.0,
        "Interest Expense": 22239000.0,
        "Interest Income": 54540000.0,
        "Normalized Income": 14948457.581227,
        "Net Income From Continuing And Discontinued Operation": 14576000.0,
        "Diluted Average Shares": 37426000.0,
        "Basic Average Shares": 37376923.0,
        "Diluted EPS": 0.39,
        "Basic EPS": 0.39,
        "Diluted NI Availto Com Stockholders": 14576000.0,
        "Net Income Common Stockholders": 14576000.0,
        "Net Income": 14576000.0,
        "Net Income Including Noncontrolling Interests": 14576000.0,
        "Net Income Continuous Operations": 14576000.0,
        "Tax Provision": 3152000.0,
        "Pretax Income": 17728000.0,
        "Special Income Charges": -453000.0,
        "Restructuring And Mergern Acquisition": 453000.0,
        "Gain On Sale Of Security": 19000.0,
        "Depreciation Amortization Depletion Income Statement": 578000.0,
        "Depreciation And Amortization In Income Statement": 578000.0,
        "Amortization": 578000.0,
        "Amortization Of Intangibles Income Statement": 578000.0,
        "Selling General And Administration": 15285000.0,
        "Selling And Marketing Expense": 414000.0,
        "General And Administrative Expense": 14871000.0,
        "Insurance And Claims": NaN,
        "Salaries And Wages": 14871000.0,
        "Total Revenue": 44986000.0,
        "Operating Revenue": 44986000.0
    }
}