{
    "2023-03-31": {
        "Tax Effect Of Unusual Items": NaN,
        "Tax Rate For Calcs": NaN,
        "Normalized EBITDA": NaN,
        "Net Income From Continuing Operation Net Minority Interest": NaN,
        "Reconciled Depreciation": NaN,
        "Reconciled Cost Of Revenue": NaN,
        "EBITDA": NaN,
        "EBIT": NaN,
        "Net Interest Income": NaN,
        "Interest Expense": NaN,
        "Normalized Income": NaN,
        "Net Income From Continuing And Discontinued Operation": NaN,
        "Total Expenses": NaN,
        "Total Operating Income As Reported": NaN,
        "Diluted Average Shares": 80681715.0,
        "Basic Average Shares": 80681715.0,
        "Diluted EPS": -0.13,
        "Basic EPS": -0.13,
        "Diluted NI Availto Com Stockholders": NaN,
        "Net Income Common Stockholders": NaN,
        "Net Income": NaN,
        "Net Income Including Noncontrolling Interests": NaN,
        "Net Income Continuous Operations": NaN,
        "Tax Provision": NaN,
        "Pretax Income": NaN,
        "Other Income Expense": NaN,
        "Other Non Operating Income Expenses": NaN,
        "Net Non Operating Interest Income Expense": NaN,
        "Interest Expense Non Operating": NaN,
        "Operating Income": NaN,
        "Operating Expense": NaN,
        "Research And Development": NaN,
        "Selling General And Administration": NaN,
        "Gross Profit": NaN,
        "Cost Of Revenue": NaN,
        "Total Revenue": NaN,
        "Operating Revenue": NaN
    },
    "2022-12-31": {
        "Tax Effect Of Unusual Items": NaN,
        "Tax Rate For Calcs": NaN,
        "Normalized EBITDA": NaN,
        "Net Income From Continuing Operation Net Minority Interest": NaN,
        "Reconciled Depreciation": NaN,
        "Reconciled Cost Of Revenue": NaN,
        "EBITDA": NaN,
        "EBIT": NaN,
        "Net Interest Income": NaN,
        "Interest Expense": NaN,
        "Normalized Income": NaN,
        "Net Income From Continuing And Discontinued Operation": NaN,
        "Total Expenses": NaN,
        "Total Operating Income As Reported": NaN,
        "Diluted Average Shares": 77770588.0,
        "Basic Average Shares": 77770588.0,
        "Diluted EPS": -0.498428,
        "Basic EPS": -0.498428,
        "Diluted NI Availto Com Stockholders": NaN,
        "Net Income Common Stockholders": NaN,
        "Net Income": NaN,
        "Net Income Including Noncontrolling Interests": NaN,
        "Net Income Continuous Operations": NaN,
        "Tax Provision": NaN,
        "Pretax Income": NaN,
        "Other Income Expense": NaN,
        "Other Non Operating Income Expenses": NaN,
        "Net Non Operating Interest Income Expense": NaN,
        "Interest Expense Non Operating": NaN,
        "Operating Income": NaN,
        "Operating Expense": NaN,
        "Research And Development": NaN,
        "Selling General And Administration": NaN,
        "Gross Profit": NaN,
        "Cost Of Revenue": NaN,
        "Total Revenue": NaN,
        "Operating Revenue": NaN
    },
    "2022-09-30": {
        "Tax Effect Of Unusual Items": 0.0,
        "Tax Rate For Calcs": 0.4,
        "Normalized EBITDA": -5372000.0,
        "Total Unusual Items": NaN,
        "Total Unusual Items Excluding Goodwill": NaN,
        "Net Income From Continuing Operation Net Minority Interest": -9724000.0,
        "Reconciled Depreciation": 3058000.0,
        "Reconciled Cost Of Revenue": 8491000.0,
        "EBITDA": -5372000.0,
        "EBIT": -8430000.0,
        "Net Interest Income": -1093000.0,
        "Interest Expense": 1093000.0,
        "Normalized Income": -9724000.0,
        "Net Income From Continuing And Discontinued Operation": -9724000.0,
        "Total Expenses": 54495000.0,
        "Total Operating Income As Reported": -8489000.0,
        "Diluted Average Shares": 76850949.0,
        "Basic Average Shares": 76850949.0,
        "Diluted EPS": -0.13,
        "Basic EPS": -0.13,
        "Diluted NI Availto Com Stockholders": -9724000.0,
        "Net Income Common Stockholders": -9724000.0,
        "Net Income": -9724000.0,
        "Net Income Including Noncontrolling Interests": -9724000.0,
        "Net Income Continuous Operations": -9724000.0,
        "Tax Provision": 201000.0,
        "Pretax Income": -9523000.0,
        "Other Income Expense": 59000.0,
        "Other Non Operating Income Expenses": 59000.0,
        "Special Income Charges": NaN,
        "Other Special Charges": NaN,
        "Net Non Operating Interest Income Expense": -1093000.0,
        "Interest Expense Non Operating": 1093000.0,
        "Operating Income": -8489000.0,
        "Operating Expense": 46004000.0,
        "Research And Development": 6337000.0,
        "Selling General And Administration": 39667000.0,
        "Gross Profit": 37515000.0,
        "Cost Of Revenue": 8491000.0,
        "Total Revenue": 46006000.0,
        "Operating Revenue": 46006000.0
    },
    "2022-06-30": {
        "Tax Effect Of Unusual Items": 0.0,
        "Tax Rate For Calcs": 0.4,
        "Normalized EBITDA": -4890000.0,
        "Total Unusual Items": NaN,
        "Total Unusual Items Excluding Goodwill": NaN,
        "Net Income From Continuing Operation Net Minority Interest": -9603000.0,
        "Reconciled Depreciation": 3536000.0,
        "Reconciled Cost Of Revenue": 7638000.0,
        "EBITDA": -4890000.0,
        "EBIT": -8426000.0,
        "Net Interest Income": -1104000.0,
        "Interest Expense": 1104000.0,
        "Normalized Income": -9603000.0,
        "Net Income From Continuing And Discontinued Operation": -9603000.0,
        "Total Expenses": 51576000.0,
        "Total Operating Income As Reported": -9078000.0,
        "Diluted Average Shares": 76481709.0,
        "Basic Average Shares": 76481709.0,
        "Diluted EPS": -0.13,
        "Basic EPS": -0.13,
        "Diluted NI Availto Com Stockholders": -9603000.0,
        "Net Income Common Stockholders": -9603000.0,
        "Net Income": -9603000.0,
        "Net Income Including Noncontrolling Interests": -9603000.0,
        "Net Income Continuous Operations": -9603000.0,
        "Tax Provision": 73000.0,
        "Pretax Income": -9530000.0,
        "Other Income Expense": 652000.0,
        "Other Non Operating Income Expenses": 652000.0,
        "Special Income Charges": NaN,
        "Other Special Charges": NaN,
        "Net Non Operating Interest Income Expense": -1104000.0,
        "Interest Expense Non Operating": 1104000.0,
        "Operating Income": -9078000.0,
        "Operating Expense": 43938000.0,
        "Research And Development": 5990000.0,
        "Selling General And Administration": 37948000.0,
        "Gross Profit": 34860000.0,
        "Cost Of Revenue": 7638000.0,
        "Total Revenue": 42498000.0,
        "Operating Revenue": 42498000.0
    },
    "2023-06-30": {
        "Tax Effect Of Unusual Items": NaN,
        "Tax Rate For Calcs": NaN,
        "Normalized EBITDA": NaN,
        "Net Income From Continuing Operation Net Minority Interest": NaN,
        "Reconciled Depreciation": NaN,
        "Reconciled Cost Of Revenue": NaN,
        "EBITDA": NaN,
        "EBIT": NaN,
        "Net Interest Income": NaN,
        "Interest Expense": NaN,
        "Normalized Income": NaN,
        "Net Income From Continuing And Discontinued Operation": NaN,
        "Total Expenses": NaN,
        "Total Operating Income As Reported": NaN,
        "Diluted Average Shares": 82373441.0,
        "Basic Average Shares": 82373441.0,
        "Diluted EPS": -0.16,
        "Basic EPS": -0.16,
        "Diluted NI Availto Com Stockholders": NaN,
        "Net Income Common Stockholders": NaN,
        "Net Income": NaN,
        "Net Income Including Noncontrolling Interests": NaN,
        "Net Income Continuous Operations": NaN,
        "Tax Provision": NaN,
        "Pretax Income": NaN,
        "Other Income Expense": NaN,
        "Other Non Operating Income Expenses": NaN,
        "Net Non Operating Interest Income Expense": NaN,
        "Interest Expense Non Operating": NaN,
        "Operating Income": NaN,
        "Operating Expense": NaN,
        "Research And Development": NaN,
        "Selling General And Administration": NaN,
        "Gross Profit": NaN,
        "Cost Of Revenue": NaN,
        "Total Revenue": NaN,
        "Operating Revenue": NaN
    },
    "2022-03-31": {
        "Diluted EPS": -0.12,
        "Total Revenue": 41,
        "Gross Profit": 35,
        "Operating Income": -8,
        "EBIT": -5,
        "Net Income": -9
    },
    "2021-12-31": {
        "Diluted EPS": -0.07,
        "Total Revenue": 43,
        "Gross Profit": 35,
        "Operating Income": -5,
        "EBIT": -2,
        "Net Income": -5
    },
    "2021-09-30": {
        "Diluted EPS": -0.12,
        "Total Revenue": 36,
        "Gross Profit": 29,
        "Operating Income": -4,
        "EBIT": -2,
        "Net Income": -6
    },
    "2021-06-30": {
        "Diluted EPS": -0.05,
        "Total Revenue": 36,
        "Gross Profit": 29,
        "Operating Income": -1,
        "EBIT": 1,
        "Net Income": -2
    },
    "2021-03-31": {
        "Diluted EPS": -0.02,
        "Total Revenue": 33,
        "Gross Profit": 27,
        "Operating Income": 0,
        "EBIT": 1,
        "Net Income": -1
    },
    "2020-12-31": {
        "Diluted EPS": 0.0,
        "Total Revenue": NaN,
        "Gross Profit": NaN,
        "Operating Income": NaN,
        "EBIT": NaN,
        "Net Income": NaN
    },
    "2020-09-30": {
        "Diluted EPS": 0.06,
        "Total Revenue": 30,
        "Gross Profit": 23,
        "Operating Income": 4,
        "EBIT": 4,
        "Net Income": 3
    },
    "2019-12-31": {
        "Diluted EPS": 0.0,
        "Total Revenue": NaN,
        "Gross Profit": NaN,
        "Operating Income": NaN,
        "EBIT": NaN,
        "Net Income": NaN
    },
    "2023-09-30": {
        "Tax Effect Of Unusual Items": 0.0,
        "Tax Rate For Calcs": 0.009592,
        "Normalized EBITDA": -5952000.0,
        "Net Income From Continuing Operation Net Minority Interest": -11151000.0,
        "Reconciled Depreciation": 4188000.0,
        "Reconciled Cost Of Revenue": 11922000.0,
        "EBITDA": -5952000.0,
        "EBIT": -10140000.0,
        "Net Interest Income": -1119000.0,
        "Interest Expense": 1119000.0,
        "Normalized Income": -11151000.0,
        "Net Income From Continuing And Discontinued Operation": -11151000.0,
        "Total Expenses": 63292000.0,
        "Total Operating Income As Reported": -10509000.0,
        "Diluted Average Shares": 82548892.0,
        "Basic Average Shares": 82548892.0,
        "Diluted EPS": -0.14,
        "Basic EPS": -0.14,
        "Diluted NI Availto Com Stockholders": -11151000.0,
        "Net Income Common Stockholders": -11151000.0,
        "Net Income": -11151000.0,
        "Net Income Including Noncontrolling Interests": -11151000.0,
        "Net Income Continuous Operations": -11151000.0,
        "Tax Provision": -108000.0,
        "Pretax Income": -11259000.0,
        "Other Income Expense": 369000.0,
        "Other Non Operating Income Expenses": 369000.0,
        "Net Non Operating Interest Income Expense": -1119000.0,
        "Interest Expense Non Operating": 1119000.0,
        "Operating Income": -10509000.0,
        "Operating Expense": 51370000.0,
        "Research And Development": 7244000.0,
        "Selling General And Administration": 44126000.0,
        "Gross Profit": 40861000.0,
        "Cost Of Revenue": 11922000.0,
        "Total Revenue": 52783000.0,
        "Operating Revenue": 52783000.0
    },
    "2023-12-31": {
        "Tax Effect Of Unusual Items": 0.0,
        "Tax Rate For Calcs": 0.21,
        "Normalized EBITDA": -12458000.0,
        "Net Income From Continuing Operation Net Minority Interest": -19559000.0,
        "Reconciled Depreciation": 4940000.0,
        "Reconciled Cost Of Revenue": 15440000.0,
        "EBITDA": -12458000.0,
        "EBIT": -17398000.0,
        "Net Interest Income": -2038000.0,
        "Interest Expense": 2038000.0,
        "Normalized Income": -19559000.0,
        "Net Income From Continuing And Discontinued Operation": -19559000.0,
        "Total Expenses": 71791000.0,
        "Total Operating Income As Reported": -11230000.0,
        "Diluted Average Shares": NaN,
        "Basic Average Shares": NaN,
        "Diluted EPS": NaN,
        "Basic EPS": NaN,
        "Diluted NI Availto Com Stockholders": -19559000.0,
        "Net Income Common Stockholders": -19559000.0,
        "Net Income": -19559000.0,
        "Net Income Including Noncontrolling Interests": -19559000.0,
        "Net Income Continuous Operations": -19559000.0,
        "Tax Provision": 123000.0,
        "Pretax Income": -19436000.0,
        "Other Income Expense": -6168000.0,
        "Other Non Operating Income Expenses": -860000.0,
        "Net Non Operating Interest Income Expense": -2038000.0,
        "Interest Expense Non Operating": 2038000.0,
        "Operating Income": -11230000.0,
        "Operating Expense": 56351000.0,
        "Research And Development": 8102000.0,
        "Selling General And Administration": 48249000.0,
        "Gross Profit": 45121000.0,
        "Cost Of Revenue": 15440000.0,
        "Total Revenue": 60561000.0,
        "Operating Revenue": 60561000.0
    },
    "2024-03-31": {
        "Tax Effect Of Unusual Items": 0.0,
        "Tax Rate For Calcs": 0.21,
        "Normalized EBITDA": -10353000.0,
        "Net Income From Continuing Operation Net Minority Interest": -17399000.0,
        "Reconciled Depreciation": 4258000.0,
        "Reconciled Cost Of Revenue": 13842000.0,
        "EBITDA": -10353000.0,
        "EBIT": -14611000.0,
        "Net Interest Income": -2622000.0,
        "Interest Expense": 2622000.0,
        "Normalized Income": -17399000.0,
        "Net Income From Continuing And Discontinued Operation": -17399000.0,
        "Total Expenses": 76208000.0,
        "Total Operating Income As Reported": -15126000.0,
        "Diluted Average Shares": 82854334.0,
        "Basic Average Shares": 82854334.0,
        "Diluted EPS": -0.21,
        "Basic EPS": -0.21,
        "Diluted NI Availto Com Stockholders": -17399000.0,
        "Net Income Common Stockholders": -17399000.0,
        "Net Income": -17399000.0,
        "Net Income Including Noncontrolling Interests": -17399000.0,
        "Net Income Continuous Operations": -17399000.0,
        "Tax Provision": 166000.0,
        "Pretax Income": -17233000.0,
        "Other Income Expense": 515000.0,
        "Other Non Operating Income Expenses": 515000.0,
        "Net Non Operating Interest Income Expense": -2622000.0,
        "Interest Expense Non Operating": 2622000.0,
        "Operating Income": -15126000.0,
        "Operating Expense": 62366000.0,
        "Research And Development": 7584000.0,
        "Selling General And Administration": 54782000.0,
        "Gross Profit": 47240000.0,
        "Cost Of Revenue": 13842000.0,
        "Total Revenue": 61082000.0,
        "Operating Revenue": 61082000.0
    },
    "2024-06-30": {
        "Tax Effect Of Unusual Items": 0.0,
        "Tax Rate For Calcs": 0.21,
        "Normalized EBITDA": -6025000.0,
        "Net Income From Continuing Operation Net Minority Interest": -13782000.0,
        "Reconciled Depreciation": 4610000.0,
        "Reconciled Cost Of Revenue": 15261000.0,
        "EBITDA": -6025000.0,
        "EBIT": -10635000.0,
        "Net Interest Income": -2917000.0,
        "Interest Expense": 2917000.0,
        "Normalized Income": -13782000.0,
        "Net Income From Continuing And Discontinued Operation": -13782000.0,
        "Total Expenses": 71783000.0,
        "Total Operating Income As Reported": -10767000.0,
        "Diluted Average Shares": 83115861.0,
        "Basic Average Shares": 83115861.0,
        "Diluted EPS": -0.17,
        "Basic EPS": -0.17,
        "Diluted NI Availto Com Stockholders": -13782000.0,
        "Net Income Common Stockholders": -13782000.0,
        "Net Income": -13782000.0,
        "Net Income Including Noncontrolling Interests": -13782000.0,
        "Net Income Continuous Operations": -13782000.0,
        "Tax Provision": 230000.0,
        "Pretax Income": -13552000.0,
        "Other Income Expense": 132000.0,
        "Other Non Operating Income Expenses": 132000.0,
        "Net Non Operating Interest Income Expense": -2917000.0,
        "Interest Expense Non Operating": 2917000.0,
        "Operating Income": -10767000.0,
        "Operating Expense": 56522000.0,
        "Research And Development": 7083000.0,
        "Selling General And Administration": 49439000.0,
        "Gross Profit": 45755000.0,
        "Cost Of Revenue": 15261000.0,
        "Total Revenue": 61016000.0,
        "Operating Revenue": 61016000.0
    },
    "2024-09-30": {
        "Tax Effect Of Unusual Items": 0.0,
        "Tax Rate For Calcs": 0.21,
        "Normalized EBITDA": -4397000.0,
        "Net Income From Continuing Operation Net Minority Interest": -12338000.0,
        "Reconciled Depreciation": 4705000.0,
        "Reconciled Cost Of Revenue": 16159000.0,
        "EBITDA": -4397000.0,
        "EBIT": -9102000.0,
        "Net Interest Income": -3031000.0,
        "Interest Expense": 3031000.0,
        "Normalized Income": -12338000.0,
        "Net Income From Continuing And Discontinued Operation": -12338000.0,
        "Total Expenses": 70787000.0,
        "Total Operating Income As Reported": -8451000.0,
        "Diluted Average Shares": 83560337.0,
        "Basic Average Shares": 83560337.0,
        "Diluted EPS": -0.15,
        "Basic EPS": -0.15,
        "Diluted NI Availto Com Stockholders": -12338000.0,
        "Net Income Common Stockholders": -12338000.0,
        "Net Income": -12338000.0,
        "Net Income Including Noncontrolling Interests": -12338000.0,
        "Net Income Continuous Operations": -12338000.0,
        "Tax Provision": 205000.0,
        "Pretax Income": -12133000.0,
        "Other Income Expense": -651000.0,
        "Other Non Operating Income Expenses": -651000.0,
        "Net Non Operating Interest Income Expense": -3031000.0,
        "Interest Expense Non Operating": 3031000.0,
        "Operating Income": -8451000.0,
        "Operating Expense": 54628000.0,
        "Research And Development": 5661000.0,
        "Selling General And Administration": 48967000.0,
        "Gross Profit": 46177000.0,
        "Cost Of Revenue": 16159000.0,
        "Total Revenue": 62336000.0,
        "Operating Revenue": 62336000.0
    }
}