{
    "2023-06-30": {
        "Tax Effect Of Unusual Items": -33398.7,
        "Tax Rate For Calcs": 0.2049,
        "Total Unusual Items": -163000.0,
        "Total Unusual Items Excluding Goodwill": -163000.0,
        "Net Income From Continuing Operation Net Minority Interest": 142392000.0,
        "Reconciled Depreciation": 5044000.0,
        "Net Interest Income": 329244000.0,
        "Interest Expense": 154956000.0,
        "Interest Income": 484200000.0,
        "Normalized Income": 142521601.3,
        "Net Income From Continuing And Discontinued Operation": 142392000.0,
        "Diluted Average Shares": 362626182.0,
        "Basic Average Shares": 359953846.0,
        "Diluted EPS": 0.39,
        "Basic EPS": 0.39,
        "Diluted NI Availto Com Stockholders": 140382000.0,
        "Net Income Common Stockholders": 140382000.0,
        "Preferred Stock Dividends": 2010000.0,
        "Net Income": 142392000.0,
        "Net Income Including Noncontrolling Interests": 142392000.0,
        "Net Income Continuous Operations": 142392000.0,
        "Tax Provision": 36690000.0,
        "Pretax Income": 179082000.0,
        "Special Income Charges": -163000.0,
        "Restructuring And Mergern Acquisition": 163000.0,
        "Gain On Sale Of Security": 5878000.0,
        "Depreciation Amortization Depletion Income Statement": 5044000.0,
        "Depreciation And Amortization In Income Statement": 5044000.0,
        "Amortization": 5044000.0,
        "Amortization Of Intangibles Income Statement": 5044000.0,
        "Selling General And Administration": 125606000.0,
        "Selling And Marketing Expense": 3943000.0,
        "General And Administrative Expense": 121663000.0,
        "Other Gand A": NaN,
        "Insurance And Claims": 7717000.0,
        "Salaries And Wages": 113946000.0,
        "Total Revenue": 409553000.0,
        "Operating Revenue": 409553000.0
    },
    "2023-03-31": {
        "Tax Effect Of Unusual Items": -400140.0,
        "Tax Rate For Calcs": 0.195,
        "Total Unusual Items": -2052000.0,
        "Total Unusual Items Excluding Goodwill": -2052000.0,
        "Net Income From Continuing Operation Net Minority Interest": 146505000.0,
        "Reconciled Depreciation": 5119000.0,
        "Net Interest Income": 336654000.0,
        "Interest Expense": 106849000.0,
        "Interest Income": 443503000.0,
        "Normalized Income": 148156860.0,
        "Net Income From Continuing And Discontinued Operation": 146505000.0,
        "Diluted Average Shares": 361237500.0,
        "Basic Average Shares": 361237500.0,
        "Diluted EPS": 0.4,
        "Basic EPS": 0.4,
        "Diluted NI Availto Com Stockholders": 144495000.0,
        "Net Income Common Stockholders": 144495000.0,
        "Preferred Stock Dividends": 2010000.0,
        "Net Income": 146505000.0,
        "Net Income Including Noncontrolling Interests": 146505000.0,
        "Net Income Continuous Operations": 146505000.0,
        "Tax Provision": 35560000.0,
        "Pretax Income": 182065000.0,
        "Special Income Charges": -2052000.0,
        "Restructuring And Mergern Acquisition": 2052000.0,
        "Gain On Sale Of Security": 6793000.0,
        "Depreciation Amortization Depletion Income Statement": 5119000.0,
        "Depreciation And Amortization In Income Statement": 5119000.0,
        "Amortization": 5119000.0,
        "Amortization Of Intangibles Income Statement": 5119000.0,
        "Selling General And Administration": 150465000.0,
        "Selling And Marketing Expense": 3701000.0,
        "General And Administrative Expense": 146764000.0,
        "Other Gand A": 19398000.0,
        "Insurance And Claims": 7119000.0,
        "Salaries And Wages": 120247000.0,
        "Total Revenue": 416043000.0,
        "Operating Revenue": 416043000.0
    },
    "2022-12-31": {
        "Tax Effect Of Unusual Items": -2578337.4,
        "Tax Rate For Calcs": 0.2063,
        "Total Unusual Items": -12498000.0,
        "Total Unusual Items Excluding Goodwill": -12498000.0,
        "Net Income From Continuing Operation Net Minority Interest": 139471000.0,
        "Reconciled Depreciation": 3545000.0,
        "Net Interest Income": 334889000.0,
        "Interest Expense": 72993000.0,
        "Interest Income": 407882000.0,
        "Normalized Income": 149390662.6,
        "Net Income From Continuing And Discontinued Operation": 139471000.0,
        "Diluted Average Shares": 357791000.0,
        "Basic Average Shares": 352461538.0,
        "Diluted EPS": 0.38,
        "Basic EPS": 0.39,
        "Diluted NI Availto Com Stockholders": 137460000.0,
        "Net Income Common Stockholders": 137460000.0,
        "Preferred Stock Dividends": 2011000.0,
        "Net Income": 139471000.0,
        "Net Income Including Noncontrolling Interests": 139471000.0,
        "Net Income Continuous Operations": 139471000.0,
        "Tax Provision": 36259000.0,
        "Pretax Income": 175730000.0,
        "Special Income Charges": -12498000.0,
        "Restructuring And Mergern Acquisition": 12498000.0,
        "Gain On Sale Of Security": 10016000.0,
        "Depreciation Amortization Depletion Income Statement": 3545000.0,
        "Depreciation And Amortization In Income Statement": 3545000.0,
        "Amortization": 3545000.0,
        "Amortization Of Intangibles Income Statement": 3545000.0,
        "Selling General And Administration": 133129000.0,
        "Selling And Marketing Expense": 4594000.0,
        "General And Administrative Expense": 128535000.0,
        "Other Gand A": 19655000.0,
        "Insurance And Claims": 5322000.0,
        "Salaries And Wages": 103558000.0,
        "Total Revenue": 415502000.0,
        "Operating Revenue": 415502000.0
    },
    "2022-09-30": {
        "Tax Effect Of Unusual Items": -435314.0,
        "Tax Rate For Calcs": 0.2068,
        "Total Unusual Items": -2105000.0,
        "Total Unusual Items Excluding Goodwill": -2105000.0,
        "Net Income From Continuing Operation Net Minority Interest": 137498000.0,
        "Reconciled Depreciation": 3547000.0,
        "Net Interest Income": 297125000.0,
        "Interest Expense": 45589000.0,
        "Interest Income": 342714000.0,
        "Normalized Income": 139167686.0,
        "Net Income From Continuing And Discontinued Operation": 137498000.0,
        "Diluted Average Shares": 354654479.0,
        "Basic Average Shares": 350910562.0,
        "Diluted EPS": 0.38,
        "Basic EPS": 0.39,
        "Diluted NI Availto Com Stockholders": 135488000.0,
        "Net Income Common Stockholders": 135488000.0,
        "Preferred Stock Dividends": 2010000.0,
        "Net Income": 137498000.0,
        "Net Income Including Noncontrolling Interests": 137498000.0,
        "Net Income Continuous Operations": 137498000.0,
        "Tax Provision": 35846000.0,
        "Pretax Income": 173344000.0,
        "Special Income Charges": -2105000.0,
        "Restructuring And Mergern Acquisition": 2105000.0,
        "Gain On Sale Of Security": 9605000.0,
        "Depreciation Amortization Depletion Income Statement": 3547000.0,
        "Depreciation And Amortization In Income Statement": 3547000.0,
        "Amortization": 3547000.0,
        "Amortization Of Intangibles Income Statement": 3547000.0,
        "Selling General And Administration": 134045000.0,
        "Selling And Marketing Expense": 3196000.0,
        "General And Administrative Expense": 130849000.0,
        "Other Gand A": 19008000.0,
        "Insurance And Claims": 5221000.0,
        "Salaries And Wages": 106620000.0,
        "Total Revenue": 379589000.0,
        "Operating Revenue": 379589000.0
    },
    "2022-06-30": {
        "Tax Effect Of Unusual Items": -408035.1,
        "Tax Rate For Calcs": 0.2013,
        "Total Unusual Items": -2027000.0,
        "Total Unusual Items Excluding Goodwill": -2027000.0,
        "Net Income From Continuing Operation Net Minority Interest": 109142000.0,
        "Reconciled Depreciation": 3549000.0,
        "Net Interest Income": 253690000.0,
        "Interest Expense": 27088000.0,
        "Interest Income": 280778000.0,
        "Normalized Income": 110760964.9,
        "Net Income From Continuing And Discontinued Operation": 109142000.0,
        "Diluted Average Shares": 354687069.0,
        "Basic Average Shares": 351269791.0,
        "Diluted EPS": 0.3,
        "Basic EPS": 0.3,
        "Diluted NI Availto Com Stockholders": 107132000.0,
        "Net Income Common Stockholders": 107132000.0,
        "Preferred Stock Dividends": 2010000.0,
        "Net Income": 109142000.0,
        "Net Income Including Noncontrolling Interests": 109142000.0,
        "Net Income Continuous Operations": 109142000.0,
        "Tax Provision": 27506000.0,
        "Pretax Income": 136648000.0,
        "Special Income Charges": -2027000.0,
        "Restructuring And Mergern Acquisition": 2027000.0,
        "Gain On Sale Of Security": 8595000.0,
        "Depreciation Amortization Depletion Income Statement": 3549000.0,
        "Depreciation And Amortization In Income Statement": 3549000.0,
        "Amortization": 3549000.0,
        "Amortization Of Intangibles Income Statement": 3549000.0,
        "Selling General And Administration": 131058000.0,
        "Selling And Marketing Expense": 4628000.0,
        "General And Administrative Expense": 126430000.0,
        "Other Gand A": 17265000.0,
        "Insurance And Claims": 5295000.0,
        "Salaries And Wages": 103870000.0,
        "Total Revenue": 335844000.0,
        "Operating Revenue": 335844000.0
    },
    "2022-03-31": {
        "Diluted EPS": 0.15,
        "Total Revenue": 332,
        "Gross Profit": 312,
        "Operating Income": 96,
        "EBIT": NaN,
        "Net Income": 51
    },
    "2021-12-31": {
        "Diluted EPS": 0.3,
        "Total Revenue": 324,
        "Gross Profit": 303,
        "Operating Income": 124,
        "EBIT": NaN,
        "Net Income": 97
    },
    "2021-09-30": {
        "Diluted EPS": 0.34,
        "Total Revenue": 344,
        "Gross Profit": 320,
        "Operating Income": 139,
        "EBIT": NaN,
        "Net Income": 109
    },
    "2021-06-30": {
        "Diluted EPS": 0.31,
        "Total Revenue": 333,
        "Gross Profit": 308,
        "Operating Income": 127,
        "EBIT": NaN,
        "Net Income": 100
    },
    "2021-03-31": {
        "Diluted EPS": 0.28,
        "Total Revenue": 334,
        "Gross Profit": 306,
        "Operating Income": 115,
        "EBIT": NaN,
        "Net Income": 91
    },
    "2020-12-31": {
        "Diluted EPS": 0.21,
        "Total Revenue": 338,
        "Gross Profit": 302,
        "Operating Income": 85,
        "EBIT": NaN,
        "Net Income": 70
    },
    "2020-09-30": {
        "Diluted EPS": 0.25,
        "Total Revenue": 353,
        "Gross Profit": 307,
        "Operating Income": 100,
        "EBIT": NaN,
        "Net Income": 81
    },
    "2020-06-30": {
        "Diluted EPS": 0.25,
        "Total Revenue": 358,
        "Gross Profit": 306,
        "Operating Income": 100,
        "EBIT": NaN,
        "Net Income": 82
    },
    "2020-03-31": {
        "Diluted EPS": 0.14,
        "Total Revenue": 375,
        "Gross Profit": 301,
        "Operating Income": 58,
        "EBIT": NaN,
        "Net Income": 45
    },
    "2019-12-31": {
        "Diluted EPS": 0.28,
        "Total Revenue": 380,
        "Gross Profit": 300,
        "Operating Income": 116,
        "EBIT": NaN,
        "Net Income": 93
    },
    "2019-09-30": {
        "Diluted EPS": 0.31,
        "Total Revenue": 394,
        "Gross Profit": 310,
        "Operating Income": 120,
        "EBIT": NaN,
        "Net Income": 101
    },
    "2019-06-30": {
        "Diluted EPS": 0.29,
        "Total Revenue": 392,
        "Gross Profit": 305,
        "Operating Income": 119,
        "EBIT": NaN,
        "Net Income": 93
    },
    "2019-03-31": {
        "Diluted EPS": 0.28,
        "Total Revenue": 375,
        "Gross Profit": 296,
        "Operating Income": 116,
        "EBIT": NaN,
        "Net Income": 92
    },
    "2018-12-31": {
        "Diluted EPS": 0.3,
        "Total Revenue": 374,
        "Gross Profit": 300,
        "Operating Income": 115,
        "EBIT": NaN,
        "Net Income": 98
    },
    "2018-09-30": {
        "Diluted EPS": 0.3,
        "Total Revenue": 373,
        "Gross Profit": 310,
        "Operating Income": 123,
        "EBIT": NaN,
        "Net Income": 99
    },
    "2018-06-30": {
        "Diluted EPS": 0.26,
        "Total Revenue": 359,
        "Gross Profit": 305,
        "Operating Income": 106,
        "EBIT": NaN,
        "Net Income": 83
    },
    "2018-03-31": {
        "Diluted EPS": 0.26,
        "Total Revenue": 340,
        "Gross Profit": 293,
        "Operating Income": 108,
        "EBIT": NaN,
        "Net Income": 85
    },
    "2017-12-31": {
        "Diluted EPS": 0.09,
        "Total Revenue": 335,
        "Gross Profit": 294,
        "Operating Income": 113,
        "EBIT": NaN,
        "Net Income": 22
    },
    "2017-09-30": {
        "Diluted EPS": 0.23,
        "Total Revenue": 330,
        "Gross Profit": 291,
        "Operating Income": 112,
        "EBIT": NaN,
        "Net Income": 76
    },
    "2017-06-30": {
        "Diluted EPS": 0.22,
        "Total Revenue": 317,
        "Gross Profit": 284,
        "Operating Income": 105,
        "EBIT": NaN,
        "Net Income": 72
    },
    "2017-03-31": {
        "Diluted EPS": 0.09,
        "Total Revenue": 250,
        "Gross Profit": 228,
        "Operating Income": 82,
        "EBIT": NaN,
        "Net Income": 21
    },
    "2016-12-31": {
        "Diluted EPS": 0.23,
        "Total Revenue": 228,
        "Gross Profit": 210,
        "Operating Income": 75,
        "EBIT": NaN,
        "Net Income": 49
    },
    "2016-09-30": {
        "Diluted EPS": 0.24,
        "Total Revenue": 228,
        "Gross Profit": 211,
        "Operating Income": 75,
        "EBIT": NaN,
        "Net Income": 50
    },
    "2016-06-30": {
        "Diluted EPS": 0.19,
        "Total Revenue": 222,
        "Gross Profit": 206,
        "Operating Income": 70,
        "EBIT": NaN,
        "Net Income": 39
    },
    "2016-03-31": {
        "Diluted EPS": 0.12,
        "Total Revenue": 202,
        "Gross Profit": 186,
        "Operating Income": 63,
        "EBIT": NaN,
        "Net Income": 24
    },
    "2015-12-31": {
        "Diluted EPS": 0.2,
        "Total Revenue": 184,
        "Gross Profit": 170,
        "Operating Income": 63,
        "EBIT": NaN,
        "Net Income": 37
    },
    "2015-09-30": {
        "Diluted EPS": 0.22,
        "Total Revenue": 179,
        "Gross Profit": 167,
        "Operating Income": 59,
        "EBIT": NaN,
        "Net Income": 38
    },
    "2015-06-30": {
        "Diluted EPS": 0.22,
        "Total Revenue": 175,
        "Gross Profit": 164,
        "Operating Income": 59,
        "EBIT": NaN,
        "Net Income": 38
    },
    "2015-03-31": {
        "Diluted EPS": 0.22,
        "Total Revenue": 172,
        "Gross Profit": 160,
        "Operating Income": 57,
        "EBIT": NaN,
        "Net Income": 38
    },
    "2014-12-31": {
        "Diluted EPS": 0.2,
        "Total Revenue": 175,
        "Gross Profit": 163,
        "Operating Income": 62,
        "EBIT": NaN,
        "Net Income": 37
    },
    "2014-09-30": {
        "Diluted EPS": 0.2,
        "Total Revenue": 169,
        "Gross Profit": 158,
        "Operating Income": 53,
        "EBIT": NaN,
        "Net Income": 33
    },
    "2014-06-30": {
        "Diluted EPS": 0.2,
        "Total Revenue": 164,
        "Gross Profit": 153,
        "Operating Income": 51,
        "EBIT": NaN,
        "Net Income": 33
    },
    "2014-03-31": {
        "Diluted EPS": 0.2,
        "Total Revenue": 160,
        "Gross Profit": 150,
        "Operating Income": 54,
        "EBIT": NaN,
        "Net Income": 32
    },
    "2013-12-31": {
        "Diluted EPS": 0.18,
        "Total Revenue": 150,
        "Gross Profit": 140,
        "Operating Income": 46,
        "EBIT": NaN,
        "Net Income": 28
    },
    "2013-09-30": {
        "Diluted EPS": 0.22,
        "Total Revenue": 143,
        "Gross Profit": 132,
        "Operating Income": 43,
        "EBIT": NaN,
        "Net Income": 32
    },
    "2013-06-30": {
        "Diluted EPS": 0.2,
        "Total Revenue": 145,
        "Gross Profit": 133,
        "Operating Income": 44,
        "EBIT": NaN,
        "Net Income": 29
    },
    "2013-03-31": {
        "Diluted EPS": 0.2,
        "Total Revenue": 139,
        "Gross Profit": 127,
        "Operating Income": 41,
        "EBIT": NaN,
        "Net Income": 29
    },
    "2012-12-31": {
        "Diluted EPS": 0.21,
        "Total Revenue": 139,
        "Gross Profit": 126,
        "Operating Income": 43,
        "EBIT": NaN,
        "Net Income": 29
    },
    "2012-09-30": {
        "Diluted EPS": 0.22,
        "Total Revenue": 143,
        "Gross Profit": 128,
        "Operating Income": 43,
        "EBIT": NaN,
        "Net Income": 31
    },
    "2012-06-30": {
        "Diluted EPS": 0.21,
        "Total Revenue": 142,
        "Gross Profit": 127,
        "Operating Income": 42,
        "EBIT": NaN,
        "Net Income": 29
    },
    "2012-03-31": {
        "Diluted EPS": 0.15,
        "Total Revenue": 139,
        "Gross Profit": 123,
        "Operating Income": 36,
        "EBIT": NaN,
        "Net Income": 22
    },
    "2011-12-31": {
        "Diluted EPS": 0.19,
        "Total Revenue": 129,
        "Gross Profit": 113,
        "Operating Income": 38,
        "EBIT": NaN,
        "Net Income": 24
    },
    "2011-09-30": {
        "Diluted EPS": 0.19,
        "Total Revenue": 128,
        "Gross Profit": 110,
        "Operating Income": 33,
        "EBIT": NaN,
        "Net Income": 24
    },
    "2011-06-30": {
        "Diluted EPS": 0.18,
        "Total Revenue": 127,
        "Gross Profit": 108,
        "Operating Income": 31,
        "EBIT": NaN,
        "Net Income": 22
    },
    "2011-03-31": {
        "Diluted EPS": 0.14,
        "Total Revenue": 126,
        "Gross Profit": 106,
        "Operating Income": 27,
        "EBIT": NaN,
        "Net Income": 17
    },
    "2010-12-31": {
        "Diluted EPS": 0.2,
        "Total Revenue": 122,
        "Gross Profit": 102,
        "Operating Income": 39,
        "EBIT": NaN,
        "Net Income": 24
    },
    "2010-09-30": {
        "Diluted EPS": 0.15,
        "Total Revenue": 122,
        "Gross Profit": 100,
        "Operating Income": 24,
        "EBIT": NaN,
        "Net Income": 17
    },
    "2010-06-30": {
        "Diluted EPS": 0.16,
        "Total Revenue": 123,
        "Gross Profit": 100,
        "Operating Income": 25,
        "EBIT": NaN,
        "Net Income": 18
    },
    "2010-03-31": {
        "Diluted EPS": 0.14,
        "Total Revenue": 123,
        "Gross Profit": 99,
        "Operating Income": 21,
        "EBIT": NaN,
        "Net Income": 16
    },
    "2009-12-31": {
        "Diluted EPS": 0.02,
        "Total Revenue": 121,
        "Gross Profit": 95,
        "Operating Income": 9,
        "EBIT": NaN,
        "Net Income": 5
    },
    "2009-09-30": {
        "Diluted EPS": 0.04,
        "Total Revenue": 120,
        "Gross Profit": 92,
        "Operating Income": 13,
        "EBIT": NaN,
        "Net Income": 5
    },
    "2009-06-30": {
        "Diluted EPS": 0.1,
        "Total Revenue": 125,
        "Gross Profit": 94,
        "Operating Income": 14,
        "EBIT": NaN,
        "Net Income": 9
    },
    "2009-03-31": {
        "Diluted EPS": 0.16,
        "Total Revenue": 126,
        "Gross Profit": 92,
        "Operating Income": 21,
        "EBIT": NaN,
        "Net Income": 14
    },
    "2023-09-30": {
        "Tax Effect Of Unusual Items": 0.0,
        "Tax Rate For Calcs": 0.115,
        "Total Unusual Items": 0.0,
        "Total Unusual Items Excluding Goodwill": 0.0,
        "Net Income From Continuing Operation Net Minority Interest": 145281000.0,
        "Reconciled Depreciation": 5040000.0,
        "Net Interest Income": 326581000.0,
        "Interest Expense": 186780000.0,
        "Interest Income": 513361000.0,
        "Normalized Income": 145281000.0,
        "Net Income From Continuing And Discontinued Operation": 145281000.0,
        "Diluted Average Shares": 361778425.0,
        "Basic Average Shares": 358177500.0,
        "Diluted EPS": 0.4,
        "Basic EPS": 0.4,
        "Diluted NI Availto Com Stockholders": 143271000.0,
        "Net Income Common Stockholders": 143271000.0,
        "Preferred Stock Dividends": 2010000.0,
        "Net Income": 145281000.0,
        "Net Income Including Noncontrolling Interests": 145281000.0,
        "Net Income Continuous Operations": 145281000.0,
        "Tax Provision": 18919000.0,
        "Pretax Income": 164200000.0,
        "Special Income Charges": 0.0,
        "Restructuring And Mergern Acquisition": 0.0,
        "Gain On Sale Of Security": 7022000.0,
        "Depreciation Amortization Depletion Income Statement": 5040000.0,
        "Depreciation And Amortization In Income Statement": 5040000.0,
        "Amortization": 5040000.0,
        "Amortization Of Intangibles Income Statement": 5040000.0,
        "Selling General And Administration": 127036000.0,
        "Selling And Marketing Expense": 5419000.0,
        "General And Administrative Expense": 121617000.0,
        "Other Gand A": NaN,
        "Insurance And Claims": 8266000.0,
        "Salaries And Wages": 113351000.0,
        "Total Revenue": 408132000.0,
        "Operating Revenue": 408132000.0
    }
}