{
    "2023-06-30": {
        "Tax Effect Of Unusual Items": 0.0,
        "Tax Rate For Calcs": 0.2369,
        "Total Unusual Items": NaN,
        "Total Unusual Items Excluding Goodwill": NaN,
        "Net Income From Continuing Operation Net Minority Interest": 2805000.0,
        "Reconciled Depreciation": 329000.0,
        "Net Interest Income": 11406000.0,
        "Interest Expense": 8307000.0,
        "Interest Income": 19713000.0,
        "Normalized Income": 2805000.0,
        "Net Income From Continuing And Discontinued Operation": 2805000.0,
        "Diluted Average Shares": 19715136.0,
        "Basic Average Shares": 19715136.0,
        "Diluted EPS": 0.14,
        "Basic EPS": 0.14,
        "Diluted NI Availto Com Stockholders": 2805000.0,
        "Net Income Common Stockholders": 2805000.0,
        "Net Income": 2805000.0,
        "Net Income Including Noncontrolling Interests": 2805000.0,
        "Net Income Continuous Operations": 2805000.0,
        "Tax Provision": 871000.0,
        "Pretax Income": 3676000.0,
        "Special Income Charges": NaN,
        "Restructuring And Mergern Acquisition": NaN,
        "Gain On Sale Of Security": -942000.0,
        "Selling General And Administration": 4888000.0,
        "Selling And Marketing Expense": 188000.0,
        "General And Administrative Expense": 4700000.0,
        "Insurance And Claims": 171000.0,
        "Salaries And Wages": 4529000.0,
        "Total Revenue": 12577000.0,
        "Operating Revenue": 12577000.0
    },
    "2023-03-31": {
        "Tax Effect Of Unusual Items": 0.0,
        "Tax Rate For Calcs": 0.2074,
        "Total Unusual Items": NaN,
        "Total Unusual Items Excluding Goodwill": NaN,
        "Net Income From Continuing Operation Net Minority Interest": 2663000.0,
        "Reconciled Depreciation": 352000.0,
        "Net Interest Income": 11312000.0,
        "Interest Expense": 7094000.0,
        "Interest Income": 18406000.0,
        "Normalized Income": 2663000.0,
        "Net Income From Continuing And Discontinued Operation": 2663000.0,
        "Diluted Average Shares": 19690859.0,
        "Basic Average Shares": 19682357.0,
        "Diluted EPS": 0.14,
        "Basic EPS": 0.14,
        "Diluted NI Availto Com Stockholders": 2663000.0,
        "Net Income Common Stockholders": 2663000.0,
        "Net Income": 2663000.0,
        "Net Income Including Noncontrolling Interests": 2663000.0,
        "Net Income Continuous Operations": 2663000.0,
        "Tax Provision": 697000.0,
        "Pretax Income": 3360000.0,
        "Special Income Charges": NaN,
        "Restructuring And Mergern Acquisition": NaN,
        "Gain On Sale Of Security": -346000.0,
        "Selling General And Administration": 5604000.0,
        "Selling And Marketing Expense": 209000.0,
        "General And Administrative Expense": 5395000.0,
        "Insurance And Claims": NaN,
        "Salaries And Wages": 5395000.0,
        "Total Revenue": 13256000.0,
        "Operating Revenue": 13256000.0
    },
    "2022-12-31": {
        "Tax Effect Of Unusual Items": 0.0,
        "Tax Rate For Calcs": 0.151604,
        "Total Unusual Items": NaN,
        "Total Unusual Items Excluding Goodwill": NaN,
        "Net Income From Continuing Operation Net Minority Interest": 4919000.0,
        "Reconciled Depreciation": 402000.0,
        "Net Interest Income": 13503000.0,
        "Interest Expense": 3832000.0,
        "Interest Income": 17335000.0,
        "Normalized Income": 4919000.0,
        "Net Income From Continuing And Discontinued Operation": 4919000.0,
        "Diluted Average Shares": 19690676.0,
        "Basic Average Shares": 19681437.0,
        "Diluted EPS": 0.24,
        "Basic EPS": 0.25,
        "Diluted NI Availto Com Stockholders": 4919000.0,
        "Net Income Common Stockholders": 4919000.0,
        "Net Income": 4919000.0,
        "Net Income Including Noncontrolling Interests": 4919000.0,
        "Net Income Continuous Operations": 4919000.0,
        "Tax Provision": 879000.0,
        "Pretax Income": 5798000.0,
        "Special Income Charges": NaN,
        "Restructuring And Mergern Acquisition": NaN,
        "Gain On Sale Of Security": -101000.0,
        "Selling General And Administration": 1203000.0,
        "Selling And Marketing Expense": 240000.0,
        "General And Administrative Expense": 963000.0,
        "Insurance And Claims": NaN,
        "Salaries And Wages": 5137000.0,
        "Total Revenue": 16092000.0,
        "Operating Revenue": 16092000.0
    },
    "2022-09-30": {
        "Tax Effect Of Unusual Items": 0.0,
        "Tax Rate For Calcs": 0.168452,
        "Total Unusual Items": NaN,
        "Total Unusual Items Excluding Goodwill": NaN,
        "Net Income From Continuing Operation Net Minority Interest": 5435000.0,
        "Reconciled Depreciation": 385000.0,
        "Net Interest Income": 13777000.0,
        "Interest Expense": 1836000.0,
        "Interest Income": 15613000.0,
        "Normalized Income": 5435000.0,
        "Net Income From Continuing And Discontinued Operation": 5435000.0,
        "Diluted Average Shares": 19697047.0,
        "Basic Average Shares": 19687766.0,
        "Diluted EPS": 0.28,
        "Basic EPS": 0.28,
        "Diluted NI Availto Com Stockholders": 5435000.0,
        "Net Income Common Stockholders": 5435000.0,
        "Net Income": 5435000.0,
        "Net Income Including Noncontrolling Interests": 5435000.0,
        "Net Income Continuous Operations": 5435000.0,
        "Tax Provision": 1101000.0,
        "Pretax Income": 6536000.0,
        "Special Income Charges": NaN,
        "Restructuring And Mergern Acquisition": NaN,
        "Gain On Sale Of Security": 86000.0,
        "Selling General And Administration": 6154000.0,
        "Selling And Marketing Expense": 202000.0,
        "General And Administrative Expense": 5952000.0,
        "Other Gand A": 1204000.0,
        "Insurance And Claims": 167000.0,
        "Salaries And Wages": 4581000.0,
        "Total Revenue": 16081000.0,
        "Operating Revenue": 16081000.0
    },
    "2022-06-30": {
        "Tax Effect Of Unusual Items": 0.0,
        "Tax Rate For Calcs": 0.178525,
        "Net Income From Continuing Operation Net Minority Interest": 5738000.0,
        "Reconciled Depreciation": 389000.0,
        "Net Interest Income": 13510000.0,
        "Interest Expense": 658000.0,
        "Interest Income": 14168000.0,
        "Normalized Income": 5738000.0,
        "Net Income From Continuing And Discontinued Operation": 5738000.0,
        "Diluted Average Shares": 19694125.0,
        "Basic Average Shares": 19677109.0,
        "Diluted EPS": 0.29,
        "Basic EPS": 0.29,
        "Diluted NI Availto Com Stockholders": 5738000.0,
        "Net Income Common Stockholders": 5738000.0,
        "Net Income": 5738000.0,
        "Net Income Including Noncontrolling Interests": 5738000.0,
        "Net Income Continuous Operations": 5738000.0,
        "Tax Provision": 1247000.0,
        "Pretax Income": 6985000.0,
        "Gain On Sale Of Security": -117000.0,
        "Selling General And Administration": 5951000.0,
        "Selling And Marketing Expense": 227000.0,
        "General And Administrative Expense": 5724000.0,
        "Other Gand A": 1205000.0,
        "Insurance And Claims": 155000.0,
        "Salaries And Wages": 4519000.0,
        "Total Revenue": 15279000.0,
        "Operating Revenue": 15279000.0
    },
    "2022-03-31": {
        "Diluted EPS": 0.22,
        "Total Revenue": 15,
        "Gross Profit": 15,
        "Operating Income": 5,
        "EBIT": NaN,
        "Net Income": 4
    },
    "2021-12-31": {
        "Diluted EPS": 0.2,
        "Total Revenue": 15,
        "Gross Profit": 15,
        "Operating Income": 5,
        "EBIT": NaN,
        "Net Income": 4
    },
    "2021-09-30": {
        "Diluted EPS": 0.31,
        "Total Revenue": 15,
        "Gross Profit": 15,
        "Operating Income": 8,
        "EBIT": NaN,
        "Net Income": 6
    },
    "2021-06-30": {
        "Diluted EPS": 0.26,
        "Total Revenue": 15,
        "Gross Profit": 14,
        "Operating Income": 6,
        "EBIT": NaN,
        "Net Income": 5
    },
    "2021-03-31": {
        "Diluted EPS": 0.29,
        "Total Revenue": 15,
        "Gross Profit": 14,
        "Operating Income": 7,
        "EBIT": NaN,
        "Net Income": 6
    },
    "2020-12-31": {
        "Diluted EPS": 0.26,
        "Total Revenue": 15,
        "Gross Profit": 14,
        "Operating Income": 6,
        "EBIT": NaN,
        "Net Income": 5
    },
    "2020-09-30": {
        "Diluted EPS": 0.2,
        "Total Revenue": 14,
        "Gross Profit": 13,
        "Operating Income": 5,
        "EBIT": NaN,
        "Net Income": 4
    },
    "2020-06-30": {
        "Diluted EPS": 0.2,
        "Total Revenue": 14,
        "Gross Profit": 12,
        "Operating Income": 5,
        "EBIT": NaN,
        "Net Income": 4
    },
    "2020-03-31": {
        "Diluted EPS": 0.1,
        "Total Revenue": 13,
        "Gross Profit": 11,
        "Operating Income": 3,
        "EBIT": NaN,
        "Net Income": 2
    },
    "2019-12-31": {
        "Diluted EPS": 0.17,
        "Total Revenue": 14,
        "Gross Profit": 12,
        "Operating Income": 4,
        "EBIT": NaN,
        "Net Income": 3
    },
    "2019-09-30": {
        "Diluted EPS": 0.12,
        "Total Revenue": 13,
        "Gross Profit": 11,
        "Operating Income": 3,
        "EBIT": NaN,
        "Net Income": 2
    },
    "2019-06-30": {
        "Diluted EPS": 0.13,
        "Total Revenue": 13,
        "Gross Profit": 11,
        "Operating Income": 3,
        "EBIT": NaN,
        "Net Income": 3
    },
    "2019-03-31": {
        "Diluted EPS": 0.14,
        "Total Revenue": 13,
        "Gross Profit": 10,
        "Operating Income": 3,
        "EBIT": NaN,
        "Net Income": 3
    },
    "2018-12-31": {
        "Diluted EPS": 0.42,
        "Total Revenue": 19,
        "Gross Profit": 17,
        "Operating Income": 9,
        "EBIT": NaN,
        "Net Income": 7
    },
    "2018-09-30": {
        "Diluted EPS": 0.11,
        "Total Revenue": 13,
        "Gross Profit": 11,
        "Operating Income": 2,
        "EBIT": NaN,
        "Net Income": 2
    },
    "2018-06-30": {
        "Diluted EPS": 0.14,
        "Total Revenue": 13,
        "Gross Profit": 11,
        "Operating Income": 3,
        "EBIT": NaN,
        "Net Income": 2
    },
    "2018-03-31": {
        "Diluted EPS": 0.12,
        "Total Revenue": 12,
        "Gross Profit": 10,
        "Operating Income": 2,
        "EBIT": NaN,
        "Net Income": 2
    },
    "2017-12-31": {
        "Diluted EPS": -0.37,
        "Total Revenue": 12,
        "Gross Profit": 11,
        "Operating Income": 3,
        "EBIT": NaN,
        "Net Income": -6
    },
    "2017-09-30": {
        "Diluted EPS": 0.14,
        "Total Revenue": 11,
        "Gross Profit": 10,
        "Operating Income": 3,
        "EBIT": NaN,
        "Net Income": 2
    },
    "2017-06-30": {
        "Diluted EPS": 0.11,
        "Total Revenue": 11,
        "Gross Profit": 10,
        "Operating Income": 3,
        "EBIT": NaN,
        "Net Income": 2
    },
    "2017-03-31": {
        "Diluted EPS": 0.13,
        "Total Revenue": 11,
        "Gross Profit": 9,
        "Operating Income": 3,
        "EBIT": NaN,
        "Net Income": 2
    },
    "2016-12-31": {
        "Diluted EPS": 0.09,
        "Total Revenue": 10,
        "Gross Profit": 9,
        "Operating Income": 2,
        "EBIT": NaN,
        "Net Income": 2
    },
    "2016-09-30": {
        "Diluted EPS": 0.12,
        "Total Revenue": 10,
        "Gross Profit": 9,
        "Operating Income": 3,
        "EBIT": NaN,
        "Net Income": 2
    },
    "2016-06-30": {
        "Diluted EPS": 0.1,
        "Total Revenue": 11,
        "Gross Profit": 10,
        "Operating Income": 2,
        "EBIT": NaN,
        "Net Income": 2
    },
    "2016-03-31": {
        "Diluted EPS": 0.07,
        "Total Revenue": 10,
        "Gross Profit": 9,
        "Operating Income": 1,
        "EBIT": NaN,
        "Net Income": 1
    },
    "2015-12-31": {
        "Diluted EPS": 1.77,
        "Total Revenue": 10,
        "Gross Profit": 9,
        "Operating Income": 1,
        "EBIT": NaN,
        "Net Income": 29
    },
    "2015-09-30": {
        "Diluted EPS": 0.14,
        "Total Revenue": 10,
        "Gross Profit": 9,
        "Operating Income": 2,
        "EBIT": NaN,
        "Net Income": 2
    },
    "2015-06-30": {
        "Diluted EPS": 0.05,
        "Total Revenue": 9,
        "Gross Profit": 8,
        "Operating Income": 1,
        "EBIT": NaN,
        "Net Income": 1
    },
    "2015-03-31": {
        "Diluted EPS": 0.21,
        "Total Revenue": 11,
        "Gross Profit": 10,
        "Operating Income": 3,
        "EBIT": NaN,
        "Net Income": 3
    },
    "2014-12-31": {
        "Diluted EPS": 0.0,
        "Total Revenue": 10,
        "Gross Profit": 9,
        "Operating Income": 0,
        "EBIT": NaN,
        "Net Income": 0
    },
    "2014-09-30": {
        "Diluted EPS": 0.2,
        "Total Revenue": 13,
        "Gross Profit": 11,
        "Operating Income": 4,
        "EBIT": NaN,
        "Net Income": 3
    },
    "2014-06-30": {
        "Diluted EPS": 0.4,
        "Total Revenue": 13,
        "Gross Profit": 12,
        "Operating Income": 7,
        "EBIT": NaN,
        "Net Income": 7
    },
    "2014-03-31": {
        "Diluted EPS": 0.21,
        "Total Revenue": 12,
        "Gross Profit": 10,
        "Operating Income": 4,
        "EBIT": NaN,
        "Net Income": 4
    },
    "2013-12-31": {
        "Diluted EPS": 0.13,
        "Total Revenue": 11,
        "Gross Profit": 9,
        "Operating Income": 2,
        "EBIT": NaN,
        "Net Income": 2
    },
    "2013-09-30": {
        "Diluted EPS": 0.11,
        "Total Revenue": 11,
        "Gross Profit": 9,
        "Operating Income": 2,
        "EBIT": NaN,
        "Net Income": 2
    },
    "2013-06-30": {
        "Diluted EPS": 0.04,
        "Total Revenue": 10,
        "Gross Profit": 9,
        "Operating Income": 1,
        "EBIT": NaN,
        "Net Income": 1
    },
    "2013-03-31": {
        "Diluted EPS": 0.11,
        "Total Revenue": 11,
        "Gross Profit": 9,
        "Operating Income": 2,
        "EBIT": NaN,
        "Net Income": 2
    },
    "2012-12-31": {
        "Diluted EPS": -0.3,
        "Total Revenue": 9,
        "Gross Profit": 6,
        "Operating Income": -7,
        "EBIT": NaN,
        "Net Income": -5
    },
    "2012-09-30": {
        "Diluted EPS": -0.4,
        "Total Revenue": 11,
        "Gross Profit": 8,
        "Operating Income": -7,
        "EBIT": NaN,
        "Net Income": -7
    },
    "2012-06-30": {
        "Diluted EPS": -0.06,
        "Total Revenue": 11,
        "Gross Profit": 9,
        "Operating Income": -1,
        "EBIT": NaN,
        "Net Income": -1
    },
    "2012-03-31": {
        "Diluted EPS": -0.07,
        "Total Revenue": 11,
        "Gross Profit": 9,
        "Operating Income": -1,
        "EBIT": NaN,
        "Net Income": -1
    },
    "2011-12-31": {
        "Diluted EPS": 0.03,
        "Total Revenue": 13,
        "Gross Profit": 10,
        "Operating Income": -2,
        "EBIT": NaN,
        "Net Income": 0
    },
    "2011-09-30": {
        "Diluted EPS": -0.03,
        "Total Revenue": 13,
        "Gross Profit": 10,
        "Operating Income": 0,
        "EBIT": NaN,
        "Net Income": 0
    },
    "2011-06-30": {
        "Diluted EPS": 0.01,
        "Total Revenue": 15,
        "Gross Profit": 11,
        "Operating Income": 0,
        "EBIT": NaN,
        "Net Income": 0
    },
    "2011-03-31": {
        "Diluted EPS": -0.03,
        "Total Revenue": 15,
        "Gross Profit": 11,
        "Operating Income": -1,
        "EBIT": NaN,
        "Net Income": -1
    },
    "2010-12-31": {
        "Diluted EPS": -0.85,
        "Total Revenue": 14,
        "Gross Profit": 9,
        "Operating Income": -28,
        "EBIT": NaN,
        "Net Income": -14
    },
    "2010-09-30": {
        "Diluted EPS": -0.72,
        "Total Revenue": 11,
        "Gross Profit": 6,
        "Operating Income": -12,
        "EBIT": NaN,
        "Net Income": -12
    },
    "2010-06-30": {
        "Diluted EPS": -0.32,
        "Total Revenue": 13,
        "Gross Profit": 8,
        "Operating Income": -5,
        "EBIT": NaN,
        "Net Income": -5
    },
    "2010-03-31": {
        "Diluted EPS": -0.05,
        "Total Revenue": 18,
        "Gross Profit": 12,
        "Operating Income": -1,
        "EBIT": NaN,
        "Net Income": -1
    },
    "2009-12-31": {
        "Diluted EPS": -2.37,
        "Total Revenue": 0,
        "Gross Profit": -7,
        "Operating Income": -46,
        "EBIT": NaN,
        "Net Income": -41
    },
    "2009-09-30": {
        "Diluted EPS": -0.37,
        "Total Revenue": 15,
        "Gross Profit": 9,
        "Operating Income": -10,
        "EBIT": NaN,
        "Net Income": -6
    },
    "2009-06-30": {
        "Diluted EPS": 0.0,
        "Total Revenue": 18,
        "Gross Profit": 12,
        "Operating Income": -3,
        "EBIT": NaN,
        "Net Income": -2
    },
    "2009-03-31": {
        "Diluted EPS": 0.0,
        "Total Revenue": 19,
        "Gross Profit": 13,
        "Operating Income": 6,
        "EBIT": NaN,
        "Net Income": 5
    },
    "2023-09-30": {
        "Tax Effect Of Unusual Items": -78187.2,
        "Tax Rate For Calcs": 0.1456,
        "Total Unusual Items": -537000.0,
        "Total Unusual Items Excluding Goodwill": -537000.0,
        "Net Income From Continuing Operation Net Minority Interest": 4162000.0,
        "Reconciled Depreciation": 307000.0,
        "Net Interest Income": 11959000.0,
        "Interest Expense": 9110000.0,
        "Interest Income": 21069000.0,
        "Normalized Income": 4620812.8,
        "Net Income From Continuing And Discontinued Operation": 4162000.0,
        "Diluted Average Shares": 19776360.0,
        "Basic Average Shares": 19776342.0,
        "Diluted EPS": 0.21,
        "Basic EPS": 0.21,
        "Diluted NI Availto Com Stockholders": 4162000.0,
        "Net Income Common Stockholders": 4162000.0,
        "Net Income": 4162000.0,
        "Net Income Including Noncontrolling Interests": 4162000.0,
        "Net Income Continuous Operations": 4162000.0,
        "Tax Provision": 709000.0,
        "Pretax Income": 4871000.0,
        "Special Income Charges": -537000.0,
        "Restructuring And Mergern Acquisition": 537000.0,
        "Gain On Sale Of Security": -233000.0,
        "Selling General And Administration": 5556000.0,
        "Selling And Marketing Expense": 198000.0,
        "General And Administrative Expense": 5358000.0,
        "Insurance And Claims": 175000.0,
        "Salaries And Wages": 5183000.0,
        "Total Revenue": 13901000.0,
        "Operating Revenue": 13901000.0
    }
}