{
    "2023-03-31": {
        "Tax Effect Of Unusual Items": NaN,
        "Tax Rate For Calcs": NaN,
        "Normalized EBITDA": NaN,
        "Total Unusual Items": NaN,
        "Total Unusual Items Excluding Goodwill": NaN,
        "Net Income From Continuing Operation Net Minority Interest": NaN,
        "Reconciled Depreciation": NaN,
        "Reconciled Cost Of Revenue": NaN,
        "EBITDA": NaN,
        "EBIT": NaN,
        "Net Interest Income": NaN,
        "Interest Expense": NaN,
        "Normalized Income": NaN,
        "Net Income From Continuing And Discontinued Operation": NaN,
        "Total Expenses": NaN,
        "Total Operating Income As Reported": NaN,
        "Diluted Average Shares": 47248000.0,
        "Basic Average Shares": 47248000.0,
        "Diluted EPS": -1.17,
        "Basic EPS": -1.17,
        "Diluted NI Availto Com Stockholders": NaN,
        "Average Dilution Earnings": NaN,
        "Net Income Common Stockholders": NaN,
        "Net Income": NaN,
        "Minority Interests": NaN,
        "Net Income Including Noncontrolling Interests": NaN,
        "Net Income Continuous Operations": NaN,
        "Tax Provision": NaN,
        "Pretax Income": NaN,
        "Other Income Expense": NaN,
        "Other Non Operating Income Expenses": NaN,
        "Special Income Charges": NaN,
        "Other Special Charges": 494000.0,
        "Net Non Operating Interest Income Expense": NaN,
        "Interest Expense Non Operating": NaN,
        "Operating Income": NaN,
        "Operating Expense": NaN,
        "Depreciation Amortization Depletion Income Statement": NaN,
        "Depreciation And Amortization In Income Statement": NaN,
        "Selling General And Administration": NaN,
        "Gross Profit": NaN,
        "Cost Of Revenue": NaN,
        "Total Revenue": NaN,
        "Operating Revenue": NaN
    },
    "2022-12-31": {
        "Tax Effect Of Unusual Items": NaN,
        "Tax Rate For Calcs": NaN,
        "Normalized EBITDA": NaN,
        "Total Unusual Items": NaN,
        "Total Unusual Items Excluding Goodwill": NaN,
        "Net Income From Continuing Operation Net Minority Interest": NaN,
        "Reconciled Depreciation": NaN,
        "Reconciled Cost Of Revenue": NaN,
        "EBITDA": NaN,
        "EBIT": NaN,
        "Net Interest Income": NaN,
        "Interest Expense": NaN,
        "Normalized Income": NaN,
        "Net Income From Continuing And Discontinued Operation": NaN,
        "Total Expenses": NaN,
        "Total Operating Income As Reported": NaN,
        "Diluted Average Shares": NaN,
        "Basic Average Shares": NaN,
        "Diluted EPS": NaN,
        "Basic EPS": NaN,
        "Diluted NI Availto Com Stockholders": NaN,
        "Average Dilution Earnings": -5397000.0,
        "Net Income Common Stockholders": NaN,
        "Net Income": NaN,
        "Minority Interests": NaN,
        "Net Income Including Noncontrolling Interests": NaN,
        "Net Income Continuous Operations": NaN,
        "Tax Provision": NaN,
        "Pretax Income": NaN,
        "Other Income Expense": NaN,
        "Other Non Operating Income Expenses": NaN,
        "Special Income Charges": NaN,
        "Other Special Charges": NaN,
        "Net Non Operating Interest Income Expense": NaN,
        "Interest Expense Non Operating": NaN,
        "Operating Income": NaN,
        "Operating Expense": NaN,
        "Depreciation Amortization Depletion Income Statement": NaN,
        "Depreciation And Amortization In Income Statement": NaN,
        "Selling General And Administration": NaN,
        "Gross Profit": NaN,
        "Cost Of Revenue": NaN,
        "Total Revenue": NaN,
        "Operating Revenue": NaN
    },
    "2022-09-30": {
        "Tax Effect Of Unusual Items": NaN,
        "Tax Rate For Calcs": NaN,
        "Normalized EBITDA": NaN,
        "Total Unusual Items": NaN,
        "Total Unusual Items Excluding Goodwill": NaN,
        "Net Income From Continuing Operation Net Minority Interest": NaN,
        "Reconciled Depreciation": NaN,
        "Reconciled Cost Of Revenue": NaN,
        "EBITDA": NaN,
        "EBIT": NaN,
        "Net Interest Income": NaN,
        "Interest Expense": NaN,
        "Normalized Income": NaN,
        "Net Income From Continuing And Discontinued Operation": NaN,
        "Total Expenses": NaN,
        "Total Operating Income As Reported": NaN,
        "Diluted Average Shares": NaN,
        "Basic Average Shares": NaN,
        "Diluted EPS": NaN,
        "Basic EPS": NaN,
        "Diluted NI Availto Com Stockholders": NaN,
        "Average Dilution Earnings": 0.0,
        "Net Income Common Stockholders": NaN,
        "Net Income": NaN,
        "Minority Interests": NaN,
        "Net Income Including Noncontrolling Interests": NaN,
        "Net Income Continuous Operations": NaN,
        "Tax Provision": NaN,
        "Pretax Income": NaN,
        "Other Income Expense": NaN,
        "Other Non Operating Income Expenses": NaN,
        "Special Income Charges": NaN,
        "Other Special Charges": NaN,
        "Net Non Operating Interest Income Expense": NaN,
        "Interest Expense Non Operating": NaN,
        "Operating Income": NaN,
        "Operating Expense": NaN,
        "Depreciation Amortization Depletion Income Statement": NaN,
        "Depreciation And Amortization In Income Statement": NaN,
        "Selling General And Administration": NaN,
        "Gross Profit": NaN,
        "Cost Of Revenue": NaN,
        "Total Revenue": NaN,
        "Operating Revenue": NaN
    },
    "2022-06-30": {
        "Tax Effect Of Unusual Items": 0.0,
        "Tax Rate For Calcs": 0.4,
        "Normalized EBITDA": 19991000.0,
        "Total Unusual Items": NaN,
        "Total Unusual Items Excluding Goodwill": NaN,
        "Net Income From Continuing Operation Net Minority Interest": 14672000.0,
        "Reconciled Depreciation": 11445000.0,
        "Reconciled Cost Of Revenue": 212635000.0,
        "EBITDA": 19991000.0,
        "EBIT": 8508000.0,
        "Net Interest Income": -1667000.0,
        "Interest Expense": 1667000.0,
        "Normalized Income": 14672000.0,
        "Net Income From Continuing And Discontinued Operation": 14672000.0,
        "Total Expenses": 306773000.0,
        "Total Operating Income As Reported": 8943000.0,
        "Diluted Average Shares": 53823583.0,
        "Basic Average Shares": 43740737.0,
        "Diluted EPS": 0.28,
        "Basic EPS": 0.34,
        "Diluted NI Availto Com Stockholders": 15291000.0,
        "Average Dilution Earnings": 619000.0,
        "Net Income Common Stockholders": 14672000.0,
        "Net Income": 14672000.0,
        "Minority Interests": -1121000.0,
        "Net Income Including Noncontrolling Interests": 15793000.0,
        "Net Income Continuous Operations": 15793000.0,
        "Tax Provision": -8952000.0,
        "Pretax Income": 6841000.0,
        "Other Income Expense": -435000.0,
        "Other Non Operating Income Expenses": -435000.0,
        "Special Income Charges": NaN,
        "Other Special Charges": NaN,
        "Net Non Operating Interest Income Expense": -1667000.0,
        "Interest Expense Non Operating": 1667000.0,
        "Operating Income": 8943000.0,
        "Operating Expense": 94176000.0,
        "Depreciation Amortization Depletion Income Statement": 11483000.0,
        "Depreciation And Amortization In Income Statement": 11483000.0,
        "Selling General And Administration": 82693000.0,
        "Gross Profit": 103119000.0,
        "Cost Of Revenue": 212597000.0,
        "Total Revenue": 315716000.0,
        "Operating Revenue": 315716000.0
    },
    "2023-06-30": {
        "Tax Effect Of Unusual Items": 20920200.0,
        "Tax Rate For Calcs": 0.21,
        "Normalized EBITDA": -15222000.0,
        "Total Unusual Items": 99620000.0,
        "Total Unusual Items Excluding Goodwill": 99620000.0,
        "Net Income From Continuing Operation Net Minority Interest": -72998000.0,
        "Reconciled Depreciation": 14106000.0,
        "Reconciled Cost Of Revenue": 170806000.0,
        "EBITDA": 84398000.0,
        "EBIT": 69505000.0,
        "Net Interest Income": -7264000.0,
        "Interest Expense": 7264000.0,
        "Normalized Income": -151697800.0,
        "Net Income From Continuing And Discontinued Operation": -72998000.0,
        "Total Expenses": 270544000.0,
        "Total Operating Income As Reported": -30516000.0,
        "Diluted Average Shares": 47427510.0,
        "Basic Average Shares": 47427510.0,
        "Diluted EPS": -1.54,
        "Basic EPS": -1.54,
        "Diluted NI Availto Com Stockholders": -72998000.0,
        "Average Dilution Earnings": 0.0,
        "Net Income Common Stockholders": -72998000.0,
        "Net Income": -72998000.0,
        "Minority Interests": 2864000.0,
        "Net Income Including Noncontrolling Interests": -75862000.0,
        "Net Income Continuous Operations": -75862000.0,
        "Tax Provision": 138103000.0,
        "Pretax Income": 62241000.0,
        "Other Income Expense": 100021000.0,
        "Other Non Operating Income Expenses": 401000.0,
        "Special Income Charges": 99620000.0,
        "Other Special Charges": -99620000.0,
        "Net Non Operating Interest Income Expense": -7264000.0,
        "Interest Expense Non Operating": 7264000.0,
        "Operating Income": -30516000.0,
        "Operating Expense": 100525000.0,
        "Depreciation Amortization Depletion Income Statement": 14893000.0,
        "Depreciation And Amortization In Income Statement": 14893000.0,
        "Selling General And Administration": 85632000.0,
        "Gross Profit": 70009000.0,
        "Cost Of Revenue": 170019000.0,
        "Total Revenue": 240028000.0,
        "Operating Revenue": 240028000.0
    },
    "2022-03-31": {
        "Diluted EPS": 0.23,
        "Total Revenue": 308,
        "Gross Profit": 109,
        "Operating Income": 20,
        "EBIT": 30,
        "Net Income": 10
    },
    "2021-12-31": {
        "Diluted EPS": 0.29,
        "Total Revenue": 336,
        "Gross Profit": 114,
        "Operating Income": 25,
        "EBIT": 35,
        "Net Income": 12
    },
    "2021-09-30": {
        "Diluted EPS": 0.28,
        "Total Revenue": 268,
        "Gross Profit": 96,
        "Operating Income": 26,
        "EBIT": 37,
        "Net Income": 12
    },
    "2021-06-30": {
        "Diluted EPS": 0.34,
        "Total Revenue": 236,
        "Gross Profit": 92,
        "Operating Income": 27,
        "EBIT": 37,
        "Net Income": 14
    },
    "2021-03-31": {
        "Diluted EPS": 0.17,
        "Total Revenue": 189,
        "Gross Profit": 78,
        "Operating Income": 17,
        "EBIT": 28,
        "Net Income": 7
    },
    "2020-12-31": {
        "Diluted EPS": 0.26,
        "Total Revenue": 227,
        "Gross Profit": 84,
        "Operating Income": 20,
        "EBIT": 31,
        "Net Income": 9
    },
    "2020-09-30": {
        "Diluted EPS": 0.27,
        "Total Revenue": 191,
        "Gross Profit": 74,
        "Operating Income": 21,
        "EBIT": 34,
        "Net Income": 10
    },
    "2020-06-30": {
        "Diluted EPS": -0.3,
        "Total Revenue": 98,
        "Gross Profit": 36,
        "Operating Income": -14,
        "EBIT": -3,
        "Net Income": -11
    },
    "2020-03-31": {
        "Diluted EPS": -0.12,
        "Total Revenue": 137,
        "Gross Profit": 55,
        "Operating Income": -3,
        "EBIT": 9,
        "Net Income": -4
    },
    "2019-12-31": {
        "Diluted EPS": -0.13,
        "Total Revenue": 214,
        "Gross Profit": 62,
        "Operating Income": -6,
        "EBIT": 7,
        "Net Income": -4
    },
    "2019-09-30": {
        "Diluted EPS": 0.25,
        "Total Revenue": 223,
        "Gross Profit": 86,
        "Operating Income": 23,
        "EBIT": 34,
        "Net Income": 9
    },
    "2019-06-30": {
        "Diluted EPS": 0.16,
        "Total Revenue": 191,
        "Gross Profit": 71,
        "Operating Income": 17,
        "EBIT": 28,
        "Net Income": 5
    },
    "2019-03-31": {
        "Diluted EPS": 0.08,
        "Total Revenue": 167,
        "Gross Profit": 63,
        "Operating Income": 13,
        "EBIT": 23,
        "Net Income": 2
    },
    "2018-12-31": {
        "Diluted EPS": 0.19,
        "Total Revenue": 233,
        "Gross Profit": 83,
        "Operating Income": 28,
        "EBIT": 39,
        "Net Income": 5
    },
    "2018-09-30": {
        "Diluted EPS": 0.06,
        "Total Revenue": 177,
        "Gross Profit": 68,
        "Operating Income": 17,
        "EBIT": 27,
        "Net Income": 2
    },
    "2018-06-30": {
        "Diluted EPS": 0.0,
        "Total Revenue": 139,
        "Gross Profit": 53,
        "Operating Income": 9,
        "EBIT": 19,
        "Net Income": 0
    },
    "2018-03-31": {
        "Diluted EPS": 0.04,
        "Total Revenue": 137,
        "Gross Profit": 51,
        "Operating Income": 7,
        "EBIT": 17,
        "Net Income": 1
    },
    "2017-12-31": {
        "Diluted EPS": 0.0,
        "Total Revenue": 169,
        "Gross Profit": 67,
        "Operating Income": 19,
        "EBIT": 29,
        "Net Income": 6
    },
    "2017-09-30": {
        "Diluted EPS": 0.0,
        "Total Revenue": 143,
        "Gross Profit": 58,
        "Operating Income": 17,
        "EBIT": 27,
        "Net Income": 8
    },
    "2017-06-30": {
        "Diluted EPS": 0.0,
        "Total Revenue": 105,
        "Gross Profit": 39,
        "Operating Income": 4,
        "EBIT": 13,
        "Net Income": -5
    },
    "2017-03-31": {
        "Diluted EPS": 0.0,
        "Total Revenue": 99,
        "Gross Profit": 35,
        "Operating Income": 1,
        "EBIT": 9,
        "Net Income": -6
    },
    "2016-12-31": {
        "Diluted EPS": 0.0,
        "Total Revenue": NaN,
        "Gross Profit": NaN,
        "Operating Income": NaN,
        "EBIT": NaN,
        "Net Income": NaN
    },
    "2016-09-30": {
        "Diluted EPS": 0.0,
        "Total Revenue": 118,
        "Gross Profit": 46,
        "Operating Income": 21,
        "EBIT": 28,
        "Net Income": 17
    },
    "2016-06-30": {
        "Diluted EPS": 0.0,
        "Total Revenue": NaN,
        "Gross Profit": NaN,
        "Operating Income": NaN,
        "EBIT": NaN,
        "Net Income": NaN
    },
    "2015-12-31": {
        "Diluted EPS": 0.0,
        "Total Revenue": NaN,
        "Gross Profit": NaN,
        "Operating Income": NaN,
        "EBIT": NaN,
        "Net Income": NaN
    },
    "2023-09-30": {
        "Tax Effect Of Unusual Items": 0.0,
        "Tax Rate For Calcs": 0.21,
        "Normalized EBITDA": 9918000.0,
        "Total Unusual Items": 0.0,
        "Total Unusual Items Excluding Goodwill": 0.0,
        "Net Income From Continuing Operation Net Minority Interest": -15009000.0,
        "Reconciled Depreciation": 14741000.0,
        "Reconciled Cost Of Revenue": 209660000.0,
        "EBITDA": 9918000.0,
        "EBIT": -5547000.0,
        "Net Interest Income": -7601000.0,
        "Interest Expense": 7601000.0,
        "Normalized Income": -15009000.0,
        "Net Income From Continuing And Discontinued Operation": -15009000.0,
        "Total Expenses": 318393000.0,
        "Total Operating Income As Reported": -5449000.0,
        "Diluted Average Shares": 48237000.0,
        "Basic Average Shares": 48237000.0,
        "Diluted EPS": -0.31,
        "Basic EPS": -0.31,
        "Diluted NI Availto Com Stockholders": -15009000.0,
        "Average Dilution Earnings": 0.0,
        "Net Income Common Stockholders": -15009000.0,
        "Net Income": -15009000.0,
        "Minority Interests": 1215000.0,
        "Net Income Including Noncontrolling Interests": -16224000.0,
        "Net Income Continuous Operations": -16224000.0,
        "Tax Provision": 3076000.0,
        "Pretax Income": -13148000.0,
        "Other Income Expense": -98000.0,
        "Other Non Operating Income Expenses": -98000.0,
        "Special Income Charges": 0.0,
        "Other Special Charges": NaN,
        "Net Non Operating Interest Income Expense": -7601000.0,
        "Interest Expense Non Operating": 7601000.0,
        "Operating Income": -5449000.0,
        "Operating Expense": 109457000.0,
        "Depreciation Amortization Depletion Income Statement": 15465000.0,
        "Depreciation And Amortization In Income Statement": 15465000.0,
        "Selling General And Administration": 93992000.0,
        "Gross Profit": 104008000.0,
        "Cost Of Revenue": 208936000.0,
        "Total Revenue": 312944000.0,
        "Operating Revenue": 312944000.0
    },
    "2023-12-31": {
        "Tax Effect Of Unusual Items": 126630.0,
        "Tax Rate For Calcs": 0.21,
        "Normalized EBITDA": 12675000.0,
        "Total Unusual Items": 603000.0,
        "Total Unusual Items Excluding Goodwill": 603000.0,
        "Net Income From Continuing Operation Net Minority Interest": -10761000.0,
        "Reconciled Depreciation": 14797000.0,
        "Reconciled Cost Of Revenue": 182459000.0,
        "EBITDA": 13278000.0,
        "EBIT": -2151000.0,
        "Net Interest Income": -7419000.0,
        "Interest Expense": 7419000.0,
        "Normalized Income": -11237370.0,
        "Net Income From Continuing And Discontinued Operation": -10761000.0,
        "Total Expenses": 294636000.0,
        "Total Operating Income As Reported": -3400000.0,
        "Diluted Average Shares": NaN,
        "Basic Average Shares": NaN,
        "Diluted EPS": NaN,
        "Basic EPS": NaN,
        "Diluted NI Availto Com Stockholders": -10761000.0,
        "Average Dilution Earnings": 0.0,
        "Net Income Common Stockholders": -10761000.0,
        "Net Income": -10761000.0,
        "Minority Interests": 447000.0,
        "Net Income Including Noncontrolling Interests": -11208000.0,
        "Net Income Continuous Operations": -11208000.0,
        "Tax Provision": 1638000.0,
        "Pretax Income": -9570000.0,
        "Other Income Expense": 1249000.0,
        "Other Non Operating Income Expenses": 646000.0,
        "Special Income Charges": 603000.0,
        "Other Special Charges": -603000.0,
        "Net Non Operating Interest Income Expense": -7419000.0,
        "Interest Expense Non Operating": 7419000.0,
        "Operating Income": -3400000.0,
        "Operating Expense": 112809000.0,
        "Depreciation Amortization Depletion Income Statement": 15429000.0,
        "Depreciation And Amortization In Income Statement": 15429000.0,
        "Selling General And Administration": 97380000.0,
        "Gross Profit": 109409000.0,
        "Cost Of Revenue": 181827000.0,
        "Total Revenue": 291236000.0,
        "Operating Revenue": 291236000.0
    },
    "2024-03-31": {
        "Tax Effect Of Unusual Items": 0.0,
        "Tax Rate For Calcs": 0.04,
        "Normalized EBITDA": -876000.0,
        "Total Unusual Items": 0.0,
        "Total Unusual Items Excluding Goodwill": 0.0,
        "Net Income From Continuing Operation Net Minority Interest": -22663000.0,
        "Reconciled Depreciation": 15045000.0,
        "Reconciled Cost Of Revenue": 129961000.0,
        "EBITDA": -876000.0,
        "EBIT": -16455000.0,
        "Net Interest Income": -6311000.0,
        "Interest Expense": 6311000.0,
        "Normalized Income": -22663000.0,
        "Net Income From Continuing And Discontinued Operation": -22663000.0,
        "Total Expenses": 230601000.0,
        "Total Operating Income As Reported": -14902000.0,
        "Diluted Average Shares": 50706000.0,
        "Basic Average Shares": 50706000.0,
        "Diluted EPS": -0.45,
        "Basic EPS": -0.45,
        "Diluted NI Availto Com Stockholders": -22663000.0,
        "Average Dilution Earnings": NaN,
        "Net Income Common Stockholders": -22663000.0,
        "Net Income": -22663000.0,
        "Minority Interests": 1003000.0,
        "Net Income Including Noncontrolling Interests": -23666000.0,
        "Net Income Continuous Operations": -23666000.0,
        "Tax Provision": 900000.0,
        "Pretax Income": -22766000.0,
        "Other Income Expense": -1553000.0,
        "Other Non Operating Income Expenses": -1553000.0,
        "Special Income Charges": 0.0,
        "Other Special Charges": NaN,
        "Net Non Operating Interest Income Expense": -6311000.0,
        "Interest Expense Non Operating": 6311000.0,
        "Operating Income": -14902000.0,
        "Operating Expense": 101174000.0,
        "Depreciation Amortization Depletion Income Statement": 15579000.0,
        "Depreciation And Amortization In Income Statement": 15579000.0,
        "Selling General And Administration": 85595000.0,
        "Gross Profit": 86272000.0,
        "Cost Of Revenue": 129427000.0,
        "Total Revenue": 215699000.0,
        "Operating Revenue": 215699000.0
    },
    "2024-06-30": {
        "Tax Effect Of Unusual Items": 0.0,
        "Tax Rate For Calcs": 0.127094,
        "Normalized EBITDA": 27242000.0,
        "Total Unusual Items": 0.0,
        "Total Unusual Items Excluding Goodwill": 0.0,
        "Net Income From Continuing Operation Net Minority Interest": 5115000.0,
        "Reconciled Depreciation": 15953000.0,
        "Reconciled Cost Of Revenue": 143075000.0,
        "EBITDA": 27242000.0,
        "EBIT": 11289000.0,
        "Net Interest Income": -5081000.0,
        "Interest Expense": 5081000.0,
        "Normalized Income": 5115000.0,
        "Net Income From Continuing And Discontinued Operation": 5115000.0,
        "Total Expenses": 236925000.0,
        "Total Operating Income As Reported": 10732000.0,
        "Diluted Average Shares": 52604949.0,
        "Basic Average Shares": 52106512.0,
        "Diluted EPS": 0.1,
        "Basic EPS": 0.1,
        "Diluted NI Availto Com Stockholders": 5115000.0,
        "Average Dilution Earnings": NaN,
        "Net Income Common Stockholders": 5115000.0,
        "Net Income": 5115000.0,
        "Minority Interests": -304000.0,
        "Net Income Including Noncontrolling Interests": 5419000.0,
        "Net Income Continuous Operations": 5419000.0,
        "Tax Provision": 789000.0,
        "Pretax Income": 6208000.0,
        "Other Income Expense": 557000.0,
        "Other Non Operating Income Expenses": 557000.0,
        "Special Income Charges": 0.0,
        "Other Special Charges": NaN,
        "Net Non Operating Interest Income Expense": -5081000.0,
        "Interest Expense Non Operating": 5081000.0,
        "Operating Income": 10732000.0,
        "Operating Expense": 93316000.0,
        "Depreciation Amortization Depletion Income Statement": 15419000.0,
        "Depreciation And Amortization In Income Statement": 15419000.0,
        "Selling General And Administration": 77897000.0,
        "Gross Profit": 104048000.0,
        "Cost Of Revenue": 143609000.0,
        "Total Revenue": 247657000.0,
        "Operating Revenue": 247657000.0
    }
}