{
    "2023-06-30": {
        "Tax Effect Of Unusual Items": 0.0,
        "Tax Rate For Calcs": 0.171912,
        "Net Income From Continuing Operation Net Minority Interest": 7394000.0,
        "Reconciled Depreciation": 517000.0,
        "Net Interest Income": 15925000.0,
        "Interest Expense": 15259000.0,
        "Interest Income": 31184000.0,
        "Normalized Income": 7394000.0,
        "Net Income From Continuing And Discontinued Operation": 7394000.0,
        "Diluted Average Shares": 11072803.0,
        "Basic Average Shares": 10989302.0,
        "Diluted EPS": 0.67,
        "Basic EPS": 0.67,
        "Diluted NI Availto Com Stockholders": 7394000.0,
        "Net Income Common Stockholders": 7394000.0,
        "Net Income": 7394000.0,
        "Net Income Including Noncontrolling Interests": 7394000.0,
        "Net Income Continuous Operations": 7394000.0,
        "Tax Provision": 1535000.0,
        "Pretax Income": 8929000.0,
        "Gain On Sale Of Security": 0.0,
        "Depreciation Amortization Depletion Income Statement": 6000.0,
        "Depreciation And Amortization In Income Statement": 6000.0,
        "Amortization": 6000.0,
        "Amortization Of Intangibles Income Statement": 6000.0,
        "Selling General And Administration": 5711000.0,
        "General And Administrative Expense": 5711000.0,
        "Insurance And Claims": 534000.0,
        "Salaries And Wages": 5177000.0,
        "Total Revenue": 19795000.0,
        "Operating Revenue": 19795000.0
    },
    "2023-03-31": {
        "Tax Effect Of Unusual Items": 0.0,
        "Tax Rate For Calcs": 0.173476,
        "Net Income From Continuing Operation Net Minority Interest": 7971000.0,
        "Reconciled Depreciation": 495000.0,
        "Net Interest Income": 17475000.0,
        "Interest Expense": 11439000.0,
        "Interest Income": 28914000.0,
        "Normalized Income": 7971000.0,
        "Net Income From Continuing And Discontinued Operation": 7971000.0,
        "Diluted Average Shares": 11066247.0,
        "Basic Average Shares": 10948513.0,
        "Diluted EPS": 0.72,
        "Basic EPS": 0.73,
        "Diluted NI Availto Com Stockholders": 7971000.0,
        "Net Income Common Stockholders": 7971000.0,
        "Net Income": 7971000.0,
        "Net Income Including Noncontrolling Interests": 7971000.0,
        "Net Income Continuous Operations": 7971000.0,
        "Tax Provision": 1673000.0,
        "Pretax Income": 9644000.0,
        "Gain On Sale Of Security": 0.0,
        "Depreciation Amortization Depletion Income Statement": 7000.0,
        "Depreciation And Amortization In Income Statement": 7000.0,
        "Amortization": 7000.0,
        "Amortization Of Intangibles Income Statement": 7000.0,
        "Selling General And Administration": 6064000.0,
        "General And Administrative Expense": 6064000.0,
        "Insurance And Claims": 344000.0,
        "Salaries And Wages": 5720000.0,
        "Total Revenue": 21044000.0,
        "Operating Revenue": 21044000.0
    },
    "2022-12-31": {
        "Tax Effect Of Unusual Items": 0.0,
        "Tax Rate For Calcs": 0.176634,
        "Net Income From Continuing Operation Net Minority Interest": 9197000.0,
        "Reconciled Depreciation": 489000.0,
        "Net Interest Income": 19484000.0,
        "Interest Expense": 7596000.0,
        "Interest Income": 27080000.0,
        "Normalized Income": 9197000.0,
        "Net Income From Continuing And Discontinued Operation": 9197000.0,
        "Diluted Average Shares": 11080723.0,
        "Basic Average Shares": 10948810.0,
        "Diluted EPS": 0.83,
        "Basic EPS": 0.84,
        "Diluted NI Availto Com Stockholders": 9197000.0,
        "Net Income Common Stockholders": 9197000.0,
        "Net Income": 9197000.0,
        "Net Income Including Noncontrolling Interests": 9197000.0,
        "Net Income Continuous Operations": 9197000.0,
        "Tax Provision": 1973000.0,
        "Pretax Income": 11170000.0,
        "Gain On Sale Of Security": 0.0,
        "Depreciation Amortization Depletion Income Statement": 17000.0,
        "Depreciation And Amortization In Income Statement": 17000.0,
        "Amortization": 17000.0,
        "Amortization Of Intangibles Income Statement": 17000.0,
        "Selling General And Administration": 6554000.0,
        "General And Administrative Expense": 6554000.0,
        "Insurance And Claims": 330000.0,
        "Salaries And Wages": 6224000.0,
        "Total Revenue": 23331000.0,
        "Operating Revenue": 23331000.0
    },
    "2022-09-30": {
        "Tax Effect Of Unusual Items": 0.0,
        "Tax Rate For Calcs": 0.180127,
        "Net Income From Continuing Operation Net Minority Interest": 10091000.0,
        "Reconciled Depreciation": 17000.0,
        "Net Interest Income": 19364000.0,
        "Interest Expense": 4627000.0,
        "Interest Income": 23991000.0,
        "Normalized Income": 10091000.0,
        "Net Income From Continuing And Discontinued Operation": 10091000.0,
        "Diluted Average Shares": 11089011.0,
        "Basic Average Shares": 10968478.0,
        "Diluted EPS": 0.91,
        "Basic EPS": 0.92,
        "Diluted NI Availto Com Stockholders": 10091000.0,
        "Net Income Common Stockholders": 10091000.0,
        "Net Income": 10091000.0,
        "Net Income Including Noncontrolling Interests": 10091000.0,
        "Net Income Continuous Operations": 10091000.0,
        "Tax Provision": 2217000.0,
        "Pretax Income": 12308000.0,
        "Gain On Sale Of Security": 6000.0,
        "Depreciation Amortization Depletion Income Statement": 17000.0,
        "Depreciation And Amortization In Income Statement": 17000.0,
        "Amortization": 17000.0,
        "Amortization Of Intangibles Income Statement": 17000.0,
        "Selling General And Administration": 6055000.0,
        "General And Administrative Expense": 6055000.0,
        "Insurance And Claims": 298000.0,
        "Salaries And Wages": 5757000.0,
        "Total Revenue": 24079000.0,
        "Operating Revenue": 24079000.0
    },
    "2022-06-30": {
        "Tax Effect Of Unusual Items": 0.0,
        "Tax Rate For Calcs": 0.177608,
        "Net Income From Continuing Operation Net Minority Interest": 9997000.0,
        "Reconciled Depreciation": 18000.0,
        "Net Interest Income": 18698000.0,
        "Interest Expense": 2733000.0,
        "Interest Income": 21431000.0,
        "Normalized Income": 9997000.0,
        "Net Income From Continuing And Discontinued Operation": 9997000.0,
        "Diluted Average Shares": 11028029.0,
        "Basic Average Shares": 10927887.0,
        "Diluted EPS": 0.91,
        "Basic EPS": 0.91,
        "Diluted NI Availto Com Stockholders": 9997000.0,
        "Net Income Common Stockholders": 9997000.0,
        "Net Income": 9997000.0,
        "Net Income Including Noncontrolling Interests": 9997000.0,
        "Net Income Continuous Operations": 9997000.0,
        "Tax Provision": 2159000.0,
        "Pretax Income": 12156000.0,
        "Gain On Sale Of Security": -1000.0,
        "Depreciation Amortization Depletion Income Statement": 18000.0,
        "Depreciation And Amortization In Income Statement": 18000.0,
        "Amortization": 18000.0,
        "Amortization Of Intangibles Income Statement": 18000.0,
        "Selling General And Administration": 5620000.0,
        "General And Administrative Expense": 5620000.0,
        "Insurance And Claims": 222000.0,
        "Salaries And Wages": 5398000.0,
        "Total Revenue": 22778000.0,
        "Operating Revenue": 22778000.0
    },
    "2022-03-31": {
        "Diluted EPS": 0.88,
        "Total Revenue": 25,
        "Gross Profit": 23,
        "Operating Income": 12,
        "EBIT": NaN,
        "Net Income": 10
    },
    "2021-12-31": {
        "Diluted EPS": 0.87,
        "Total Revenue": 25,
        "Gross Profit": 22,
        "Operating Income": 12,
        "EBIT": NaN,
        "Net Income": 10
    },
    "2021-09-30": {
        "Diluted EPS": 0.82,
        "Total Revenue": 24,
        "Gross Profit": 21,
        "Operating Income": 11,
        "EBIT": NaN,
        "Net Income": 9
    },
    "2021-06-30": {
        "Diluted EPS": 0.8,
        "Total Revenue": 23,
        "Gross Profit": 21,
        "Operating Income": 11,
        "EBIT": NaN,
        "Net Income": 9
    },
    "2021-03-31": {
        "Diluted EPS": 0.81,
        "Total Revenue": 24,
        "Gross Profit": 21,
        "Operating Income": 11,
        "EBIT": NaN,
        "Net Income": 9
    },
    "2020-12-31": {
        "Diluted EPS": 0.63,
        "Total Revenue": 24,
        "Gross Profit": 20,
        "Operating Income": 9,
        "EBIT": NaN,
        "Net Income": 7
    },
    "2020-09-30": {
        "Diluted EPS": 0.65,
        "Total Revenue": 23,
        "Gross Profit": 20,
        "Operating Income": 8,
        "EBIT": NaN,
        "Net Income": 7
    },
    "2020-06-30": {
        "Diluted EPS": 0.6,
        "Total Revenue": 23,
        "Gross Profit": 19,
        "Operating Income": 8,
        "EBIT": NaN,
        "Net Income": 7
    },
    "2020-03-31": {
        "Diluted EPS": 0.6,
        "Total Revenue": 25,
        "Gross Profit": 19,
        "Operating Income": 8,
        "EBIT": NaN,
        "Net Income": 6
    },
    "2019-12-31": {
        "Diluted EPS": 0.6,
        "Total Revenue": 24,
        "Gross Profit": 17,
        "Operating Income": 8,
        "EBIT": NaN,
        "Net Income": 7
    },
    "2019-09-30": {
        "Diluted EPS": 0.58,
        "Total Revenue": 23,
        "Gross Profit": 17,
        "Operating Income": 7,
        "EBIT": NaN,
        "Net Income": 6
    },
    "2019-06-30": {
        "Diluted EPS": 0.59,
        "Total Revenue": 23,
        "Gross Profit": 17,
        "Operating Income": 8,
        "EBIT": NaN,
        "Net Income": 6
    },
    "2019-03-31": {
        "Diluted EPS": 0.57,
        "Total Revenue": 22,
        "Gross Profit": 16,
        "Operating Income": 7,
        "EBIT": NaN,
        "Net Income": 6
    },
    "2018-12-31": {
        "Diluted EPS": 0.58,
        "Total Revenue": 22,
        "Gross Profit": 16,
        "Operating Income": 8,
        "EBIT": NaN,
        "Net Income": 6
    },
    "2018-09-30": {
        "Diluted EPS": 0.55,
        "Total Revenue": 21,
        "Gross Profit": 16,
        "Operating Income": 7,
        "EBIT": NaN,
        "Net Income": 6
    },
    "2018-06-30": {
        "Diluted EPS": 0.53,
        "Total Revenue": 20,
        "Gross Profit": 15,
        "Operating Income": 7,
        "EBIT": NaN,
        "Net Income": 6
    },
    "2018-03-31": {
        "Diluted EPS": 0.51,
        "Total Revenue": 20,
        "Gross Profit": 16,
        "Operating Income": 6,
        "EBIT": NaN,
        "Net Income": 6
    },
    "2017-12-31": {
        "Diluted EPS": 0.47,
        "Total Revenue": 19,
        "Gross Profit": 15,
        "Operating Income": 7,
        "EBIT": NaN,
        "Net Income": 5
    },
    "2017-09-30": {
        "Diluted EPS": 0.46,
        "Total Revenue": 19,
        "Gross Profit": 15,
        "Operating Income": 7,
        "EBIT": NaN,
        "Net Income": 5
    },
    "2017-06-30": {
        "Diluted EPS": 0.45,
        "Total Revenue": 18,
        "Gross Profit": 15,
        "Operating Income": 7,
        "EBIT": NaN,
        "Net Income": 5
    },
    "2017-03-31": {
        "Diluted EPS": 0.43,
        "Total Revenue": 17,
        "Gross Profit": 14,
        "Operating Income": 6,
        "EBIT": NaN,
        "Net Income": 5
    },
    "2016-12-31": {
        "Diluted EPS": 0.39,
        "Total Revenue": 17,
        "Gross Profit": 14,
        "Operating Income": 6,
        "EBIT": NaN,
        "Net Income": 4
    },
    "2016-09-30": {
        "Diluted EPS": 0.42,
        "Total Revenue": 17,
        "Gross Profit": 14,
        "Operating Income": 6,
        "EBIT": NaN,
        "Net Income": 5
    },
    "2016-06-30": {
        "Diluted EPS": 0.43,
        "Total Revenue": 17,
        "Gross Profit": 14,
        "Operating Income": 6,
        "EBIT": NaN,
        "Net Income": 5
    },
    "2016-03-31": {
        "Diluted EPS": 0.42,
        "Total Revenue": 16,
        "Gross Profit": 14,
        "Operating Income": 6,
        "EBIT": NaN,
        "Net Income": 5
    },
    "2015-12-31": {
        "Diluted EPS": 0.35,
        "Total Revenue": 16,
        "Gross Profit": 13,
        "Operating Income": 5,
        "EBIT": NaN,
        "Net Income": 4
    },
    "2015-09-30": {
        "Diluted EPS": 0.39,
        "Total Revenue": 16,
        "Gross Profit": 13,
        "Operating Income": 6,
        "EBIT": NaN,
        "Net Income": 4
    },
    "2015-06-30": {
        "Diluted EPS": 0.38,
        "Total Revenue": 15,
        "Gross Profit": 13,
        "Operating Income": 6,
        "EBIT": NaN,
        "Net Income": 4
    },
    "2015-03-31": {
        "Diluted EPS": 0.39,
        "Total Revenue": 16,
        "Gross Profit": 13,
        "Operating Income": 6,
        "EBIT": NaN,
        "Net Income": 4
    },
    "2014-12-31": {
        "Diluted EPS": 0.32,
        "Total Revenue": 15,
        "Gross Profit": 13,
        "Operating Income": 4,
        "EBIT": NaN,
        "Net Income": 3
    },
    "2014-09-30": {
        "Diluted EPS": 0.38,
        "Total Revenue": 17,
        "Gross Profit": 14,
        "Operating Income": 6,
        "EBIT": NaN,
        "Net Income": 4
    },
    "2014-06-30": {
        "Diluted EPS": 0.35,
        "Total Revenue": 15,
        "Gross Profit": 12,
        "Operating Income": 5,
        "EBIT": NaN,
        "Net Income": 4
    },
    "2014-03-31": {
        "Diluted EPS": 0.32,
        "Total Revenue": 15,
        "Gross Profit": 12,
        "Operating Income": 4,
        "EBIT": NaN,
        "Net Income": 3
    },
    "2013-12-31": {
        "Diluted EPS": 0.33,
        "Total Revenue": 15,
        "Gross Profit": 12,
        "Operating Income": 4,
        "EBIT": NaN,
        "Net Income": 3
    },
    "2013-09-30": {
        "Diluted EPS": 0.31,
        "Total Revenue": 15,
        "Gross Profit": 12,
        "Operating Income": 4,
        "EBIT": NaN,
        "Net Income": 3
    },
    "2013-06-30": {
        "Diluted EPS": 0.29,
        "Total Revenue": 16,
        "Gross Profit": 13,
        "Operating Income": 4,
        "EBIT": NaN,
        "Net Income": 3
    },
    "2013-03-31": {
        "Diluted EPS": 0.27,
        "Total Revenue": 16,
        "Gross Profit": 12,
        "Operating Income": 4,
        "EBIT": NaN,
        "Net Income": 3
    },
    "2012-12-31": {
        "Diluted EPS": 0.31,
        "Total Revenue": 15,
        "Gross Profit": 12,
        "Operating Income": 4,
        "EBIT": NaN,
        "Net Income": 3
    },
    "2012-09-30": {
        "Diluted EPS": 0.31,
        "Total Revenue": 15,
        "Gross Profit": 12,
        "Operating Income": 4,
        "EBIT": NaN,
        "Net Income": 3
    },
    "2012-06-30": {
        "Diluted EPS": 0.32,
        "Total Revenue": 17,
        "Gross Profit": 14,
        "Operating Income": 4,
        "EBIT": NaN,
        "Net Income": 3
    },
    "2012-03-31": {
        "Diluted EPS": 0.28,
        "Total Revenue": 15,
        "Gross Profit": 12,
        "Operating Income": 4,
        "EBIT": NaN,
        "Net Income": 3
    },
    "2011-12-31": {
        "Diluted EPS": 0.29,
        "Total Revenue": 19,
        "Gross Profit": 15,
        "Operating Income": 4,
        "EBIT": NaN,
        "Net Income": 3
    },
    "2011-09-30": {
        "Diluted EPS": 0.27,
        "Total Revenue": 16,
        "Gross Profit": 12,
        "Operating Income": 4,
        "EBIT": NaN,
        "Net Income": 3
    },
    "2011-06-30": {
        "Diluted EPS": 0.29,
        "Total Revenue": 16,
        "Gross Profit": 12,
        "Operating Income": 4,
        "EBIT": NaN,
        "Net Income": 3
    },
    "2011-03-31": {
        "Diluted EPS": 0.29,
        "Total Revenue": 17,
        "Gross Profit": 13,
        "Operating Income": 4,
        "EBIT": NaN,
        "Net Income": 3
    },
    "2010-12-31": {
        "Diluted EPS": 0.28,
        "Total Revenue": 17,
        "Gross Profit": 13,
        "Operating Income": 4,
        "EBIT": NaN,
        "Net Income": 3
    },
    "2010-09-30": {
        "Diluted EPS": 0.29,
        "Total Revenue": 17,
        "Gross Profit": 12,
        "Operating Income": 4,
        "EBIT": NaN,
        "Net Income": 3
    },
    "2010-06-30": {
        "Diluted EPS": 0.29,
        "Total Revenue": 16,
        "Gross Profit": 12,
        "Operating Income": 4,
        "EBIT": NaN,
        "Net Income": 3
    },
    "2010-03-31": {
        "Diluted EPS": 0.24,
        "Total Revenue": 16,
        "Gross Profit": 12,
        "Operating Income": 4,
        "EBIT": NaN,
        "Net Income": 2
    },
    "2009-12-31": {
        "Diluted EPS": 0.24,
        "Total Revenue": 19,
        "Gross Profit": 15,
        "Operating Income": 3,
        "EBIT": NaN,
        "Net Income": 2
    },
    "2009-09-30": {
        "Diluted EPS": 0.26,
        "Total Revenue": 18,
        "Gross Profit": 14,
        "Operating Income": 4,
        "EBIT": NaN,
        "Net Income": 3
    },
    "2009-06-30": {
        "Diluted EPS": 0.35,
        "Total Revenue": 19,
        "Gross Profit": 14,
        "Operating Income": 5,
        "EBIT": NaN,
        "Net Income": 3
    },
    "2009-03-31": {
        "Diluted EPS": 0.37,
        "Total Revenue": 19,
        "Gross Profit": 14,
        "Operating Income": 6,
        "EBIT": NaN,
        "Net Income": 4
    },
    "2023-09-30": {
        "Tax Effect Of Unusual Items": 0.0,
        "Tax Rate For Calcs": 0.173139,
        "Net Income From Continuing Operation Net Minority Interest": 7474000.0,
        "Reconciled Depreciation": 551000.0,
        "Net Interest Income": 15954000.0,
        "Interest Expense": 17300000.0,
        "Interest Income": 33254000.0,
        "Normalized Income": 7474000.0,
        "Net Income From Continuing And Discontinued Operation": 7474000.0,
        "Diluted Average Shares": 11087133.0,
        "Basic Average Shares": 11003987.0,
        "Diluted EPS": 0.67,
        "Basic EPS": 0.68,
        "Diluted NI Availto Com Stockholders": 7474000.0,
        "Net Income Common Stockholders": 7474000.0,
        "Net Income": 7474000.0,
        "Net Income Including Noncontrolling Interests": 7474000.0,
        "Net Income Continuous Operations": 7474000.0,
        "Tax Provision": 1565000.0,
        "Pretax Income": 9039000.0,
        "Gain On Sale Of Security": 0.0,
        "Depreciation Amortization Depletion Income Statement": 7000.0,
        "Depreciation And Amortization In Income Statement": 7000.0,
        "Amortization": 7000.0,
        "Amortization Of Intangibles Income Statement": 7000.0,
        "Selling General And Administration": 6074000.0,
        "General And Administrative Expense": 6074000.0,
        "Insurance And Claims": 551000.0,
        "Salaries And Wages": 5523000.0,
        "Total Revenue": 19845000.0,
        "Operating Revenue": 19845000.0
    },
    "2023-12-31": {
        "Tax Effect Of Unusual Items": 0.0,
        "Tax Rate For Calcs": 0.174413,
        "Net Income From Continuing Operation Net Minority Interest": 6679000.0,
        "Reconciled Depreciation": 544000.0,
        "Net Interest Income": 15853000.0,
        "Interest Expense": 18969000.0,
        "Interest Income": 34822000.0,
        "Normalized Income": 6679000.0,
        "Net Income From Continuing And Discontinued Operation": 6679000.0,
        "Diluted Average Shares": 11133333.0,
        "Basic Average Shares": 10950820.0,
        "Diluted EPS": 0.6,
        "Basic EPS": 0.61,
        "Diluted NI Availto Com Stockholders": 6679000.0,
        "Net Income Common Stockholders": 6679000.0,
        "Net Income": 6679000.0,
        "Net Income Including Noncontrolling Interests": 6679000.0,
        "Net Income Continuous Operations": 6679000.0,
        "Tax Provision": 1411000.0,
        "Pretax Income": 8090000.0,
        "Gain On Sale Of Security": 0.0,
        "Depreciation Amortization Depletion Income Statement": 6000.0,
        "Depreciation And Amortization In Income Statement": 6000.0,
        "Amortization": 6000.0,
        "Amortization Of Intangibles Income Statement": 6000.0,
        "Selling General And Administration": 6055000.0,
        "General And Administrative Expense": 6055000.0,
        "Insurance And Claims": 533000.0,
        "Salaries And Wages": 5522000.0,
        "Total Revenue": 19960000.0,
        "Operating Revenue": 19960000.0
    },
    "2024-03-31": {
        "Tax Effect Of Unusual Items": 0.0,
        "Tax Rate For Calcs": 0.17203,
        "Net Income From Continuing Operation Net Minority Interest": 6021000.0,
        "Reconciled Depreciation": 544000.0,
        "Net Interest Income": 14880000.0,
        "Interest Expense": 20108000.0,
        "Interest Income": 34988000.0,
        "Normalized Income": 6021000.0,
        "Net Income From Continuing And Discontinued Operation": 6021000.0,
        "Diluted Average Shares": 11119821.0,
        "Basic Average Shares": 11033857.0,
        "Diluted EPS": 0.54,
        "Basic EPS": 0.55,
        "Diluted NI Availto Com Stockholders": 6021000.0,
        "Net Income Common Stockholders": 6021000.0,
        "Net Income": 6021000.0,
        "Net Income Including Noncontrolling Interests": 6021000.0,
        "Net Income Continuous Operations": 6021000.0,
        "Tax Provision": 1251000.0,
        "Pretax Income": 7272000.0,
        "Gain On Sale Of Security": NaN,
        "Depreciation Amortization Depletion Income Statement": 7000.0,
        "Depreciation And Amortization In Income Statement": 7000.0,
        "Amortization": 7000.0,
        "Amortization Of Intangibles Income Statement": 7000.0,
        "Selling General And Administration": 6621000.0,
        "General And Administrative Expense": 6621000.0,
        "Insurance And Claims": 564000.0,
        "Salaries And Wages": 6057000.0,
        "Total Revenue": 18520000.0,
        "Operating Revenue": 18520000.0
    }
}