{
    "2023-06-30": {
        "Tax Effect Of Unusual Items": -585.0,
        "Tax Rate For Calcs": 0.039,
        "Total Unusual Items": -15000.0,
        "Total Unusual Items Excluding Goodwill": -15000.0,
        "Net Income From Continuing Operation Net Minority Interest": 2438000.0,
        "Reconciled Depreciation": 2238000.0,
        "Net Interest Income": 14039000.0,
        "Interest Expense": 7574000.0,
        "Interest Income": 21613000.0,
        "Normalized Income": 2452415.0,
        "Net Income From Continuing And Discontinued Operation": 2438000.0,
        "Diluted Average Shares": 4258611.0,
        "Basic Average Shares": 4250304.0,
        "Diluted EPS": 0.57,
        "Basic EPS": 0.57,
        "Diluted NI Availto Com Stockholders": 2438000.0,
        "Net Income Common Stockholders": 2438000.0,
        "Net Income": 2438000.0,
        "Net Income Including Noncontrolling Interests": 2438000.0,
        "Net Income Continuous Operations": 2438000.0,
        "Tax Provision": 98000.0,
        "Pretax Income": 2536000.0,
        "Special Income Charges": NaN,
        "Other Special Charges": NaN,
        "Write Off": NaN,
        "Gain On Sale Of Security": -48000.0,
        "Selling General And Administration": 7829000.0,
        "Selling And Marketing Expense": 159000.0,
        "General And Administrative Expense": 7670000.0,
        "Insurance And Claims": 572000.0,
        "Salaries And Wages": 7098000.0,
        "Total Revenue": 17045000.0,
        "Operating Revenue": 17045000.0,
        "Occupancy And Equipment": 1636000.0,
        "Other Non Interest Expense": 4530000.0
    },
    "2023-03-31": {
        "Tax Effect Of Unusual Items": 0.0,
        "Tax Rate For Calcs": 0.125,
        "Total Unusual Items": 0.0,
        "Total Unusual Items Excluding Goodwill": 0.0,
        "Net Income From Continuing Operation Net Minority Interest": 2240000.0,
        "Reconciled Depreciation": 1078000.0,
        "Net Interest Income": 14668000.0,
        "Interest Expense": 5468000.0,
        "Interest Income": 20136000.0,
        "Normalized Income": 2240000.0,
        "Net Income From Continuing And Discontinued Operation": 2240000.0,
        "Diluted Average Shares": 4353873.0,
        "Basic Average Shares": 4342386.0,
        "Diluted EPS": 0.51,
        "Basic EPS": 0.52,
        "Diluted NI Availto Com Stockholders": 2240000.0,
        "Net Income Common Stockholders": 2240000.0,
        "Net Income": 2240000.0,
        "Net Income Including Noncontrolling Interests": 2240000.0,
        "Net Income Continuous Operations": 2240000.0,
        "Tax Provision": 321000.0,
        "Pretax Income": 2561000.0,
        "Special Income Charges": NaN,
        "Other Special Charges": NaN,
        "Write Off": NaN,
        "Gain On Sale Of Security": 0.0,
        "Selling General And Administration": 8258000.0,
        "Selling And Marketing Expense": 255000.0,
        "General And Administrative Expense": 8003000.0,
        "Insurance And Claims": 465000.0,
        "Salaries And Wages": 7538000.0,
        "Total Revenue": 17276000.0,
        "Operating Revenue": 17276000.0,
        "Occupancy And Equipment": 1690000.0,
        "Other Non Interest Expense": 4279000.0
    },
    "2022-12-31": {
        "Tax Effect Of Unusual Items": NaN,
        "Tax Rate For Calcs": NaN,
        "Total Unusual Items": NaN,
        "Total Unusual Items Excluding Goodwill": NaN,
        "Net Income From Continuing Operation Net Minority Interest": NaN,
        "Reconciled Depreciation": NaN,
        "Net Interest Income": NaN,
        "Interest Expense": NaN,
        "Interest Income": NaN,
        "Normalized Income": NaN,
        "Net Income From Continuing And Discontinued Operation": NaN,
        "Diluted Average Shares": NaN,
        "Basic Average Shares": NaN,
        "Diluted EPS": NaN,
        "Basic EPS": NaN,
        "Diluted NI Availto Com Stockholders": NaN,
        "Net Income Common Stockholders": NaN,
        "Net Income": NaN,
        "Net Income Including Noncontrolling Interests": NaN,
        "Net Income Continuous Operations": NaN,
        "Tax Provision": NaN,
        "Pretax Income": NaN,
        "Special Income Charges": -1281000.0,
        "Other Special Charges": 49000.0,
        "Write Off": NaN,
        "Gain On Sale Of Security": NaN,
        "Selling General And Administration": NaN,
        "Selling And Marketing Expense": NaN,
        "General And Administrative Expense": NaN,
        "Insurance And Claims": NaN,
        "Salaries And Wages": NaN,
        "Total Revenue": NaN,
        "Operating Revenue": NaN,
        "Occupancy And Equipment": NaN,
        "Other Non Interest Expense": NaN
    },
    "2022-09-30": {
        "Tax Effect Of Unusual Items": NaN,
        "Tax Rate For Calcs": NaN,
        "Total Unusual Items": NaN,
        "Total Unusual Items Excluding Goodwill": NaN,
        "Net Income From Continuing Operation Net Minority Interest": NaN,
        "Reconciled Depreciation": NaN,
        "Net Interest Income": NaN,
        "Interest Expense": NaN,
        "Interest Income": NaN,
        "Normalized Income": NaN,
        "Net Income From Continuing And Discontinued Operation": NaN,
        "Diluted Average Shares": NaN,
        "Basic Average Shares": NaN,
        "Diluted EPS": NaN,
        "Basic EPS": NaN,
        "Diluted NI Availto Com Stockholders": NaN,
        "Net Income Common Stockholders": NaN,
        "Net Income": NaN,
        "Net Income Including Noncontrolling Interests": NaN,
        "Net Income Continuous Operations": NaN,
        "Tax Provision": NaN,
        "Pretax Income": NaN,
        "Special Income Charges": -254000.0,
        "Other Special Charges": 254000.0,
        "Write Off": 254000.0,
        "Gain On Sale Of Security": NaN,
        "Selling General And Administration": NaN,
        "Selling And Marketing Expense": NaN,
        "General And Administrative Expense": NaN,
        "Insurance And Claims": NaN,
        "Salaries And Wages": NaN,
        "Total Revenue": NaN,
        "Operating Revenue": NaN
    },
    "2022-06-30": {
        "Tax Effect Of Unusual Items": 0.0,
        "Tax Rate For Calcs": 0.117,
        "Total Unusual Items": 0.0,
        "Total Unusual Items Excluding Goodwill": 0.0,
        "Net Income From Continuing Operation Net Minority Interest": 4431000.0,
        "Reconciled Depreciation": 1930000.0,
        "Net Interest Income": 17298000.0,
        "Interest Expense": 442000.0,
        "Interest Income": 17740000.0,
        "Normalized Income": 4431000.0,
        "Net Income From Continuing And Discontinued Operation": 4431000.0,
        "Diluted Average Shares": 4258503.0,
        "Basic Average Shares": 4242559.0,
        "Diluted EPS": 1.04,
        "Basic EPS": 1.04,
        "Diluted NI Availto Com Stockholders": 4431000.0,
        "Net Income Common Stockholders": 4431000.0,
        "Net Income": 4431000.0,
        "Net Income Including Noncontrolling Interests": 4431000.0,
        "Net Income Continuous Operations": 4431000.0,
        "Tax Provision": 587000.0,
        "Pretax Income": 5018000.0,
        "Special Income Charges": NaN,
        "Other Special Charges": NaN,
        "Write Off": NaN,
        "Gain On Sale Of Security": 258000.0,
        "Selling General And Administration": 8303000.0,
        "Selling And Marketing Expense": 380000.0,
        "General And Administrative Expense": 7923000.0,
        "Other Gand A": 1729000.0,
        "Insurance And Claims": 385000.0,
        "Salaries And Wages": 7538000.0,
        "Total Revenue": 20194000.0,
        "Operating Revenue": 20194000.0
    },
    "2022-03-31": {
        "Diluted EPS": 0.53,
        "Total Revenue": 19,
        "Gross Profit": 19,
        "Operating Income": 2,
        "EBIT": NaN,
        "Net Income": 2
    },
    "2021-12-31": {
        "Diluted EPS": 0.94,
        "Total Revenue": 17,
        "Gross Profit": 16,
        "Operating Income": 3,
        "EBIT": NaN,
        "Net Income": 3
    },
    "2021-09-30": {
        "Diluted EPS": 1.02,
        "Total Revenue": 17,
        "Gross Profit": 16,
        "Operating Income": 4,
        "EBIT": NaN,
        "Net Income": 4
    },
    "2021-06-30": {
        "Diluted EPS": 1.03,
        "Total Revenue": 16,
        "Gross Profit": 16,
        "Operating Income": 4,
        "EBIT": NaN,
        "Net Income": 4
    },
    "2021-03-31": {
        "Diluted EPS": 1.31,
        "Total Revenue": 17,
        "Gross Profit": 16,
        "Operating Income": 5,
        "EBIT": NaN,
        "Net Income": 5
    },
    "2020-12-31": {
        "Diluted EPS": 0.93,
        "Total Revenue": 18,
        "Gross Profit": 17,
        "Operating Income": 3,
        "EBIT": NaN,
        "Net Income": 3
    },
    "2020-09-30": {
        "Diluted EPS": 1.35,
        "Total Revenue": 18,
        "Gross Profit": 17,
        "Operating Income": 6,
        "EBIT": NaN,
        "Net Income": 5
    },
    "2020-06-30": {
        "Diluted EPS": 1.4,
        "Total Revenue": 18,
        "Gross Profit": 16,
        "Operating Income": 6,
        "EBIT": NaN,
        "Net Income": 5
    },
    "2020-03-31": {
        "Diluted EPS": 0.92,
        "Total Revenue": 16,
        "Gross Profit": 14,
        "Operating Income": 4,
        "EBIT": NaN,
        "Net Income": 3
    },
    "2019-12-31": {
        "Diluted EPS": 0.66,
        "Total Revenue": 16,
        "Gross Profit": 13,
        "Operating Income": 2,
        "EBIT": NaN,
        "Net Income": 2
    },
    "2019-09-30": {
        "Diluted EPS": 1.04,
        "Total Revenue": 16,
        "Gross Profit": 14,
        "Operating Income": 4,
        "EBIT": NaN,
        "Net Income": 4
    },
    "2019-06-30": {
        "Diluted EPS": 1.17,
        "Total Revenue": 16,
        "Gross Profit": 14,
        "Operating Income": 5,
        "EBIT": NaN,
        "Net Income": 4
    },
    "2019-03-31": {
        "Diluted EPS": 0.66,
        "Total Revenue": 15,
        "Gross Profit": 13,
        "Operating Income": 3,
        "EBIT": NaN,
        "Net Income": 2
    },
    "2018-12-31": {
        "Diluted EPS": 0.86,
        "Total Revenue": 14,
        "Gross Profit": 12,
        "Operating Income": 3,
        "EBIT": NaN,
        "Net Income": 3
    },
    "2018-09-30": {
        "Diluted EPS": 0.54,
        "Total Revenue": 13,
        "Gross Profit": 11,
        "Operating Income": 2,
        "EBIT": NaN,
        "Net Income": 2
    },
    "2018-06-30": {
        "Diluted EPS": 0.88,
        "Total Revenue": 11,
        "Gross Profit": 10,
        "Operating Income": 3,
        "EBIT": NaN,
        "Net Income": 3
    },
    "2018-03-31": {
        "Diluted EPS": 0.89,
        "Total Revenue": 11,
        "Gross Profit": 10,
        "Operating Income": 3,
        "EBIT": NaN,
        "Net Income": 3
    },
    "2017-12-31": {
        "Diluted EPS": 0.66,
        "Total Revenue": 11,
        "Gross Profit": 10,
        "Operating Income": 2,
        "EBIT": NaN,
        "Net Income": 2
    },
    "2017-09-30": {
        "Diluted EPS": 0.78,
        "Total Revenue": 11,
        "Gross Profit": 10,
        "Operating Income": 3,
        "EBIT": NaN,
        "Net Income": 2
    },
    "2017-06-30": {
        "Diluted EPS": 0.89,
        "Total Revenue": 10,
        "Gross Profit": 10,
        "Operating Income": 3,
        "EBIT": NaN,
        "Net Income": 3
    },
    "2017-03-31": {
        "Diluted EPS": 0.8,
        "Total Revenue": 10,
        "Gross Profit": 9,
        "Operating Income": 3,
        "EBIT": NaN,
        "Net Income": 2
    },
    "2016-12-31": {
        "Diluted EPS": 0.0,
        "Total Revenue": NaN,
        "Gross Profit": NaN,
        "Operating Income": NaN,
        "EBIT": NaN,
        "Net Income": NaN
    },
    "2015-12-31": {
        "Diluted EPS": 0.0,
        "Total Revenue": NaN,
        "Gross Profit": NaN,
        "Operating Income": NaN,
        "EBIT": NaN,
        "Net Income": NaN
    },
    "2014-12-31": {
        "Diluted EPS": 0.0,
        "Total Revenue": NaN,
        "Gross Profit": NaN,
        "Operating Income": NaN,
        "EBIT": NaN,
        "Net Income": NaN
    },
    "2013-12-31": {
        "Diluted EPS": 0.0,
        "Total Revenue": NaN,
        "Gross Profit": NaN,
        "Operating Income": NaN,
        "EBIT": NaN,
        "Net Income": NaN
    },
    "2012-12-31": {
        "Diluted EPS": 0.0,
        "Total Revenue": NaN,
        "Gross Profit": NaN,
        "Operating Income": NaN,
        "EBIT": NaN,
        "Net Income": NaN
    },
    "2011-12-31": {
        "Diluted EPS": 0.0,
        "Total Revenue": NaN,
        "Gross Profit": NaN,
        "Operating Income": NaN,
        "EBIT": NaN,
        "Net Income": NaN
    },
    "2010-12-31": {
        "Diluted EPS": 0.0,
        "Total Revenue": NaN,
        "Gross Profit": NaN,
        "Operating Income": NaN,
        "EBIT": NaN,
        "Net Income": NaN
    },
    "2009-12-31": {
        "Diluted EPS": 0.0,
        "Total Revenue": NaN,
        "Gross Profit": NaN,
        "Operating Income": NaN,
        "EBIT": NaN,
        "Net Income": NaN
    },
    "2023-09-30": {
        "Tax Effect Of Unusual Items": 420.0,
        "Tax Rate For Calcs": 0.21,
        "Total Unusual Items": 2000.0,
        "Total Unusual Items Excluding Goodwill": 2000.0,
        "Net Income From Continuing Operation Net Minority Interest": 2191000.0,
        "Reconciled Depreciation": 1760000.0,
        "Net Interest Income": 13133000.0,
        "Interest Expense": 8645000.0,
        "Interest Income": 21778000.0,
        "Normalized Income": 2189420.0,
        "Net Income From Continuing And Discontinued Operation": 2191000.0,
        "Diluted Average Shares": 4260961.0,
        "Basic Average Shares": 4251920.0,
        "Diluted EPS": 0.51,
        "Basic EPS": 0.52,
        "Diluted NI Availto Com Stockholders": 2191000.0,
        "Net Income Common Stockholders": 2191000.0,
        "Net Income": 2191000.0,
        "Net Income Including Noncontrolling Interests": 2191000.0,
        "Net Income Continuous Operations": 2191000.0,
        "Tax Provision": -398000.0,
        "Pretax Income": 1793000.0,
        "Special Income Charges": 0.0,
        "Other Special Charges": NaN,
        "Write Off": 0.0,
        "Gain On Sale Of Security": 0.0,
        "Selling General And Administration": 7438000.0,
        "Selling And Marketing Expense": 235000.0,
        "General And Administrative Expense": 7203000.0,
        "Insurance And Claims": 474000.0,
        "Salaries And Wages": 6729000.0,
        "Total Revenue": 15530000.0,
        "Operating Revenue": 15530000.0,
        "Occupancy And Equipment": 1711000.0,
        "Other Non Interest Expense": 4344000.0
    },
    "2023-12-31": {
        "Tax Effect Of Unusual Items": 57960.0,
        "Tax Rate For Calcs": 0.21,
        "Total Unusual Items": 276000.0,
        "Total Unusual Items Excluding Goodwill": 276000.0,
        "Net Income From Continuing Operation Net Minority Interest": 1511000.0,
        "Reconciled Depreciation": 2087000.0,
        "Net Interest Income": 12715000.0,
        "Interest Expense": 9541000.0,
        "Interest Income": 22256000.0,
        "Normalized Income": 1292960.0,
        "Net Income From Continuing And Discontinued Operation": 1511000.0,
        "Diluted Average Shares": 4314286.0,
        "Basic Average Shares": 4194444.0,
        "Diluted EPS": 0.35,
        "Basic EPS": 0.36,
        "Diluted NI Availto Com Stockholders": 1511000.0,
        "Net Income Common Stockholders": 1511000.0,
        "Net Income": 1511000.0,
        "Net Income Including Noncontrolling Interests": 1511000.0,
        "Net Income Continuous Operations": 1511000.0,
        "Tax Provision": -356000.0,
        "Pretax Income": 1155000.0,
        "Special Income Charges": 276000.0,
        "Other Special Charges": NaN,
        "Write Off": 0.0,
        "Gain On Sale Of Security": 0.0,
        "Selling General And Administration": 6973000.0,
        "Selling And Marketing Expense": 191000.0,
        "General And Administrative Expense": 6782000.0,
        "Insurance And Claims": 492000.0,
        "Salaries And Wages": 6290000.0,
        "Total Revenue": 15450000.0,
        "Operating Revenue": 15450000.0,
        "Occupancy And Equipment": 1520000.0,
        "Other Non Interest Expense": 3696000.0
    },
    "2024-03-31": {
        "Tax Effect Of Unusual Items": 1126510.0,
        "Tax Rate For Calcs": 0.095,
        "Total Unusual Items": 11858000.0,
        "Total Unusual Items Excluding Goodwill": 11858000.0,
        "Net Income From Continuing Operation Net Minority Interest": 9279000.0,
        "Reconciled Depreciation": 1712000.0,
        "Net Interest Income": 11780000.0,
        "Interest Expense": 10204000.0,
        "Interest Income": 21984000.0,
        "Normalized Income": -1452490.0,
        "Net Income From Continuing And Discontinued Operation": 9279000.0,
        "Diluted Average Shares": 4270695.0,
        "Basic Average Shares": 4256667.0,
        "Diluted EPS": 2.17,
        "Basic EPS": 2.18,
        "Diluted NI Availto Com Stockholders": 9279000.0,
        "Net Income Common Stockholders": 9279000.0,
        "Net Income": 9279000.0,
        "Net Income Including Noncontrolling Interests": 9279000.0,
        "Net Income Continuous Operations": 9279000.0,
        "Tax Provision": 972000.0,
        "Pretax Income": 10251000.0,
        "Special Income Charges": NaN,
        "Other Special Charges": NaN,
        "Write Off": NaN,
        "Gain On Sale Of Security": -531000.0,
        "Selling General And Administration": 7768000.0,
        "Selling And Marketing Expense": 158000.0,
        "General And Administrative Expense": 7610000.0,
        "Insurance And Claims": 501000.0,
        "Salaries And Wages": 7109000.0,
        "Total Revenue": 25255000.0,
        "Operating Revenue": 25255000.0,
        "Occupancy And Equipment": 1915000.0,
        "Other Non Interest Expense": 5321000.0
    }
}