{
    "2023-03-31": {
        "Tax Effect Of Unusual Items": NaN,
        "Tax Rate For Calcs": NaN,
        "Total Unusual Items": NaN,
        "Total Unusual Items Excluding Goodwill": NaN,
        "Net Income From Continuing Operation Net Minority Interest": NaN,
        "Reconciled Depreciation": NaN,
        "Net Interest Income": NaN,
        "Interest Expense": NaN,
        "Interest Income": NaN,
        "Normalized Income": NaN,
        "Net Income From Continuing And Discontinued Operation": NaN,
        "Diluted Average Shares": NaN,
        "Basic Average Shares": NaN,
        "Diluted EPS": NaN,
        "Basic EPS": NaN,
        "Diluted NI Availto Com Stockholders": NaN,
        "Average Dilution Earnings": NaN,
        "Net Income Common Stockholders": NaN,
        "Net Income": NaN,
        "Minority Interests": NaN,
        "Net Income Including Noncontrolling Interests": NaN,
        "Net Income Discontinuous Operations": NaN,
        "Net Income Continuous Operations": NaN,
        "Tax Provision": NaN,
        "Pretax Income": NaN,
        "Other Non Operating Income Expenses": NaN,
        "Special Income Charges": NaN,
        "Other Special Charges": NaN,
        "Write Off": NaN,
        "Impairment Of Capital Assets": 0.0,
        "Gain On Sale Of Security": -4589000.0,
        "Depreciation Amortization Depletion Income Statement": NaN,
        "Depreciation And Amortization In Income Statement": NaN,
        "Selling General And Administration": NaN,
        "Selling And Marketing Expense": NaN,
        "General And Administrative Expense": NaN,
        "Other Gand A": NaN,
        "Salaries And Wages": NaN,
        "Total Revenue": NaN,
        "Operating Revenue": NaN,
        "Occupancy And Equipment": 1909000.0,
        "Other Non Interest Expense": NaN
    },
    "2022-12-31": {
        "Tax Effect Of Unusual Items": NaN,
        "Tax Rate For Calcs": NaN,
        "Total Unusual Items": NaN,
        "Total Unusual Items Excluding Goodwill": NaN,
        "Net Income From Continuing Operation Net Minority Interest": NaN,
        "Reconciled Depreciation": NaN,
        "Net Interest Income": NaN,
        "Interest Expense": NaN,
        "Interest Income": NaN,
        "Normalized Income": NaN,
        "Net Income From Continuing And Discontinued Operation": NaN,
        "Diluted Average Shares": NaN,
        "Basic Average Shares": NaN,
        "Diluted EPS": NaN,
        "Basic EPS": NaN,
        "Diluted NI Availto Com Stockholders": NaN,
        "Average Dilution Earnings": -88505000.0,
        "Net Income Common Stockholders": NaN,
        "Net Income": NaN,
        "Minority Interests": NaN,
        "Net Income Including Noncontrolling Interests": NaN,
        "Net Income Discontinuous Operations": NaN,
        "Net Income Continuous Operations": NaN,
        "Tax Provision": NaN,
        "Pretax Income": NaN,
        "Other Non Operating Income Expenses": NaN,
        "Special Income Charges": NaN,
        "Other Special Charges": NaN,
        "Write Off": NaN,
        "Impairment Of Capital Assets": 54325000.0,
        "Gain On Sale Of Security": 2430000.0,
        "Depreciation Amortization Depletion Income Statement": NaN,
        "Depreciation And Amortization In Income Statement": NaN,
        "Selling General And Administration": NaN,
        "Selling And Marketing Expense": NaN,
        "General And Administrative Expense": NaN,
        "Other Gand A": NaN,
        "Salaries And Wages": NaN,
        "Total Revenue": NaN,
        "Operating Revenue": NaN,
        "Occupancy And Equipment": 6286000.0,
        "Other Non Interest Expense": NaN
    },
    "2022-09-30": {
        "Tax Effect Of Unusual Items": NaN,
        "Tax Rate For Calcs": NaN,
        "Total Unusual Items": NaN,
        "Total Unusual Items Excluding Goodwill": NaN,
        "Net Income From Continuing Operation Net Minority Interest": NaN,
        "Reconciled Depreciation": NaN,
        "Net Interest Income": NaN,
        "Interest Expense": NaN,
        "Interest Income": NaN,
        "Normalized Income": NaN,
        "Net Income From Continuing And Discontinued Operation": NaN,
        "Diluted Average Shares": NaN,
        "Basic Average Shares": NaN,
        "Diluted EPS": NaN,
        "Basic EPS": NaN,
        "Diluted NI Availto Com Stockholders": NaN,
        "Average Dilution Earnings": 0.0,
        "Net Income Common Stockholders": NaN,
        "Net Income": NaN,
        "Minority Interests": NaN,
        "Net Income Including Noncontrolling Interests": NaN,
        "Net Income Discontinuous Operations": NaN,
        "Net Income Continuous Operations": NaN,
        "Tax Provision": NaN,
        "Pretax Income": NaN,
        "Other Non Operating Income Expenses": NaN,
        "Special Income Charges": NaN,
        "Other Special Charges": NaN,
        "Impairment Of Capital Assets": NaN,
        "Gain On Sale Of Security": 64693000.0,
        "Depreciation Amortization Depletion Income Statement": NaN,
        "Depreciation And Amortization In Income Statement": NaN,
        "Selling General And Administration": NaN,
        "Selling And Marketing Expense": NaN,
        "General And Administrative Expense": NaN,
        "Other Gand A": NaN,
        "Salaries And Wages": NaN,
        "Total Revenue": NaN,
        "Operating Revenue": NaN
    },
    "2022-06-30": {
        "Tax Effect Of Unusual Items": -50129.471507,
        "Tax Rate For Calcs": 0.00557,
        "Total Unusual Items": -9000000.0,
        "Total Unusual Items Excluding Goodwill": -9000000.0,
        "Net Income From Continuing Operation Net Minority Interest": -40680000.0,
        "Net Interest Income": -20981000.0,
        "Interest Expense": 36834000.0,
        "Interest Income": 15853000.0,
        "Normalized Income": -31730129.471507,
        "Net Income From Continuing And Discontinued Operation": -40680000.0,
        "Diluted Average Shares": 187818225.0,
        "Basic Average Shares": 62379041.0,
        "Diluted EPS": -0.7,
        "Basic EPS": -0.65,
        "Diluted NI Availto Com Stockholders": -131000000.0,
        "Average Dilution Earnings": -90320000.0,
        "Net Income Common Stockholders": -40680000.0,
        "Net Income": -40680000.0,
        "Minority Interests": 127143000.0,
        "Net Income Including Noncontrolling Interests": -167823000.0,
        "Net Income Discontinuous Operations": NaN,
        "Net Income Continuous Operations": -167823000.0,
        "Tax Provision": -940000.0,
        "Pretax Income": -168763000.0,
        "Other Non Operating Income Expenses": 15132000.0,
        "Special Income Charges": -9000000.0,
        "Other Special Charges": 9000000.0,
        "Impairment Of Capital Assets": NaN,
        "Gain On Sale Of Security": 99928000.0,
        "Selling General And Administration": 317751000.0,
        "General And Administrative Expense": 317751000.0,
        "Other Gand A": 123457000.0,
        "Salaries And Wages": 194294000.0,
        "Total Revenue": 141118000.0,
        "Operating Revenue": 141118000.0
    },
    "2022-03-31": {
        "Diluted EPS": -0.3,
        "Total Revenue": 46,
        "Gross Profit": 46,
        "Operating Income": -61,
        "EBIT": -61,
        "Net Income": -8
    },
    "2021-12-31": {
        "Diluted EPS": -1.49,
        "Total Revenue": 383,
        "Gross Profit": 383,
        "Operating Income": 12,
        "EBIT": 12,
        "Net Income": -395
    },
    "2021-09-30": {
        "Diluted EPS": 0.22,
        "Total Revenue": 457,
        "Gross Profit": 457,
        "Operating Income": 45,
        "EBIT": 45,
        "Net Income": 21
    },
    "2021-06-30": {
        "Diluted EPS": -0.05,
        "Total Revenue": 389,
        "Gross Profit": 389,
        "Operating Income": -12,
        "EBIT": -12,
        "Net Income": 2
    },
    "2021-03-31": {
        "Diluted EPS": 0.0,
        "Total Revenue": 508,
        "Gross Profit": 508,
        "Operating Income": 134,
        "EBIT": 134,
        "Net Income": 120
    },
    "2020-12-31": {
        "Diluted EPS": 0.0,
        "Total Revenue": 727,
        "Gross Profit": 727,
        "Operating Income": 115,
        "EBIT": 115,
        "Net Income": 117
    },
    "2020-09-30": {
        "Diluted EPS": 0.0,
        "Total Revenue": 607,
        "Gross Profit": 607,
        "Operating Income": 245,
        "EBIT": 245,
        "Net Income": 246
    },
    "2020-06-30": {
        "Diluted EPS": 0.0,
        "Total Revenue": 465,
        "Gross Profit": 465,
        "Operating Income": 147,
        "EBIT": 147,
        "Net Income": 148
    },
    "2020-03-31": {
        "Diluted EPS": 0.19,
        "Total Revenue": NaN,
        "Gross Profit": NaN,
        "Operating Income": 0,
        "EBIT": 0,
        "Net Income": 7
    },
    "2019-12-31": {
        "Diluted EPS": 0.0,
        "Total Revenue": NaN,
        "Gross Profit": NaN,
        "Operating Income": -818,
        "EBIT": -818,
        "Net Income": 49
    },
    "2019-09-30": {
        "Diluted EPS": 0.01,
        "Total Revenue": NaN,
        "Gross Profit": NaN,
        "Operating Income": 0,
        "EBIT": 0,
        "Net Income": 0
    },
    "2019-06-30": {
        "Diluted EPS": 0.13,
        "Total Revenue": NaN,
        "Gross Profit": NaN,
        "Operating Income": 0,
        "EBIT": 0,
        "Net Income": 5
    },
    "2019-03-31": {
        "Diluted EPS": -0.0,
        "Total Revenue": NaN,
        "Gross Profit": NaN,
        "Operating Income": 0,
        "EBIT": 0,
        "Net Income": 0
    },
    "2018-12-31": {
        "Diluted EPS": 0.0,
        "Total Revenue": NaN,
        "Gross Profit": NaN,
        "Operating Income": NaN,
        "EBIT": NaN,
        "Net Income": NaN
    },
    "2023-06-30": {
        "Tax Effect Of Unusual Items": NaN,
        "Tax Rate For Calcs": NaN,
        "Total Unusual Items": NaN,
        "Total Unusual Items Excluding Goodwill": NaN,
        "Net Income From Continuing Operation Net Minority Interest": NaN,
        "Reconciled Depreciation": 12372000.0,
        "Net Interest Income": NaN,
        "Interest Expense": NaN,
        "Interest Income": NaN,
        "Normalized Income": NaN,
        "Net Income From Continuing And Discontinued Operation": NaN,
        "Diluted Average Shares": NaN,
        "Basic Average Shares": NaN,
        "Diluted EPS": NaN,
        "Basic EPS": NaN,
        "Diluted NI Availto Com Stockholders": NaN,
        "Average Dilution Earnings": 0.0,
        "Net Income Common Stockholders": NaN,
        "Net Income": NaN,
        "Minority Interests": NaN,
        "Net Income Including Noncontrolling Interests": NaN,
        "Net Income Discontinuous Operations": NaN,
        "Net Income Continuous Operations": NaN,
        "Tax Provision": NaN,
        "Pretax Income": NaN,
        "Other Non Operating Income Expenses": NaN,
        "Special Income Charges": NaN,
        "Other Special Charges": NaN,
        "Write Off": 0.0,
        "Impairment Of Capital Assets": NaN,
        "Gain On Sale Of Security": 744000.0,
        "Depreciation Amortization Depletion Income Statement": 12372000.0,
        "Depreciation And Amortization In Income Statement": 12372000.0,
        "Selling General And Administration": NaN,
        "Selling And Marketing Expense": 8719000.0,
        "General And Administrative Expense": NaN,
        "Other Gand A": NaN,
        "Salaries And Wages": NaN,
        "Total Revenue": NaN,
        "Operating Revenue": NaN,
        "Occupancy And Equipment": 2554000.0,
        "Other Non Interest Expense": NaN
    },
    "2023-09-30": {
        "Tax Effect Of Unusual Items": -4069.362755,
        "Tax Rate For Calcs": 0.000597,
        "Total Unusual Items": -6818000.0,
        "Total Unusual Items Excluding Goodwill": -6818000.0,
        "Net Income From Continuing Operation Net Minority Interest": -62899000.0,
        "Reconciled Depreciation": 9954000.0,
        "Net Interest Income": 64198000.0,
        "Interest Expense": 380126000.0,
        "Interest Income": 444324000.0,
        "Normalized Income": -56085069.362755,
        "Net Income From Continuing And Discontinued Operation": -65363000.0,
        "Diluted Average Shares": 8772623.0,
        "Basic Average Shares": 8772623.0,
        "Diluted EPS": -7.45,
        "Basic EPS": -7.45,
        "Diluted NI Availto Com Stockholders": -65363000.0,
        "Average Dilution Earnings": 0.0,
        "Net Income Common Stockholders": -65363000.0,
        "Net Income": -65363000.0,
        "Minority Interests": 109569000.0,
        "Net Income Including Noncontrolling Interests": -174932000.0,
        "Net Income Discontinuous Operations": -2464000.0,
        "Net Income Continuous Operations": -172468000.0,
        "Tax Provision": -103000.0,
        "Pretax Income": -172571000.0,
        "Other Non Operating Income Expenses": 3853000.0,
        "Special Income Charges": -6818000.0,
        "Other Special Charges": 6260000.0,
        "Write Off": 558000.0,
        "Impairment Of Capital Assets": 558000.0,
        "Gain On Sale Of Security": -291000.0,
        "Depreciation Amortization Depletion Income Statement": 9954000.0,
        "Depreciation And Amortization In Income Statement": 9954000.0,
        "Selling General And Administration": 81102000.0,
        "Selling And Marketing Expense": 11491000.0,
        "General And Administrative Expense": 69611000.0,
        "Other Gand A": 21054000.0,
        "Salaries And Wages": 48557000.0,
        "Total Revenue": -84810000.0,
        "Operating Revenue": -84810000.0,
        "Occupancy And Equipment": 2097000.0,
        "Other Non Interest Expense": -6260000.0
    },
    "2023-12-31": {
        "Tax Effect Of Unusual Items": -11900.357905,
        "Tax Rate For Calcs": 0.001125,
        "Total Unusual Items": -10578000.0,
        "Total Unusual Items Excluding Goodwill": -10578000.0,
        "Net Income From Continuing Operation Net Minority Interest": 68059000.0,
        "Reconciled Depreciation": NaN,
        "Net Interest Income": 110086000.0,
        "Interest Expense": 385100000.0,
        "Interest Income": 495186000.0,
        "Normalized Income": 78625099.642095,
        "Net Income From Continuing And Discontinued Operation": 61361000.0,
        "Diluted Average Shares": 22930088.0,
        "Basic Average Shares": 8842579.0,
        "Diluted EPS": 5.3,
        "Basic EPS": 6.9,
        "Diluted NI Availto Com Stockholders": 61361000.0,
        "Average Dilution Earnings": NaN,
        "Net Income Common Stockholders": 61361000.0,
        "Net Income": 61361000.0,
        "Minority Interests": -103302000.0,
        "Net Income Including Noncontrolling Interests": 164663000.0,
        "Net Income Discontinuous Operations": -6698000.0,
        "Net Income Continuous Operations": 171361000.0,
        "Tax Provision": 193000.0,
        "Pretax Income": 171554000.0,
        "Other Non Operating Income Expenses": -2641000.0,
        "Special Income Charges": -10578000.0,
        "Other Special Charges": 1840000.0,
        "Write Off": NaN,
        "Impairment Of Capital Assets": 8738000.0,
        "Gain On Sale Of Security": NaN,
        "Depreciation Amortization Depletion Income Statement": NaN,
        "Depreciation And Amortization In Income Statement": NaN,
        "Selling General And Administration": -33762000.0,
        "Selling And Marketing Expense": NaN,
        "General And Administrative Expense": -65658000.0,
        "Other Gand A": -103508000.0,
        "Salaries And Wages": 37850000.0,
        "Total Revenue": 218513000.0,
        "Operating Revenue": 218513000.0,
        "Occupancy And Equipment": 2183000.0,
        "Other Non Interest Expense": -1840000.0
    },
    "2024-03-31": {
        "Tax Effect Of Unusual Items": 0.0,
        "Tax Rate For Calcs": 0.0,
        "Total Unusual Items": -2574000.0,
        "Total Unusual Items Excluding Goodwill": -2574000.0,
        "Net Income From Continuing Operation Net Minority Interest": -3014000.0,
        "Reconciled Depreciation": 9678000.0,
        "Net Interest Income": 62023000.0,
        "Interest Expense": 402277000.0,
        "Interest Income": 464300000.0,
        "Normalized Income": -440000.0,
        "Net Income From Continuing And Discontinued Operation": -7538000.0,
        "Diluted Average Shares": 9648558.0,
        "Basic Average Shares": 9648558.0,
        "Diluted EPS": -0.8,
        "Basic EPS": -0.8,
        "Diluted NI Availto Com Stockholders": -7538000.0,
        "Average Dilution Earnings": NaN,
        "Net Income Common Stockholders": -7538000.0,
        "Net Income": -7538000.0,
        "Minority Interests": 12766000.0,
        "Net Income Including Noncontrolling Interests": -20304000.0,
        "Net Income Discontinuous Operations": -4524000.0,
        "Net Income Continuous Operations": -15780000.0,
        "Tax Provision": 0.0,
        "Pretax Income": -15780000.0,
        "Other Non Operating Income Expenses": 1453000.0,
        "Special Income Charges": -2574000.0,
        "Other Special Charges": 1974000.0,
        "Write Off": NaN,
        "Impairment Of Capital Assets": 600000.0,
        "Gain On Sale Of Security": NaN,
        "Depreciation Amortization Depletion Income Statement": 9678000.0,
        "Depreciation And Amortization In Income Statement": 9678000.0,
        "Selling General And Administration": 64806000.0,
        "Selling And Marketing Expense": 8512000.0,
        "General And Administrative Expense": 56294000.0,
        "Other Gand A": 17271000.0,
        "Salaries And Wages": 39023000.0,
        "Total Revenue": 57851000.0,
        "Operating Revenue": 57851000.0,
        "Occupancy And Equipment": NaN,
        "Other Non Interest Expense": -1974000.0
    },
    "2024-06-30": {
        "Tax Effect Of Unusual Items": -361830.0,
        "Tax Rate For Calcs": 0.21,
        "Total Unusual Items": -1723000.0,
        "Total Unusual Items Excluding Goodwill": -1723000.0,
        "Net Income From Continuing Operation Net Minority Interest": -1886000.0,
        "Reconciled Depreciation": 9753000.0,
        "Net Interest Income": 56205000.0,
        "Interest Expense": 422224000.0,
        "Interest Income": 478429000.0,
        "Normalized Income": -524830.0,
        "Net Income From Continuing And Discontinued Operation": -2089000.0,
        "Diluted Average Shares": 23084189.0,
        "Basic Average Shares": 9898182.0,
        "Diluted EPS": -0.3,
        "Basic EPS": -0.21,
        "Diluted NI Availto Com Stockholders": -7031000.0,
        "Average Dilution Earnings": -4942000.0,
        "Net Income Common Stockholders": -2089000.0,
        "Net Income": -2089000.0,
        "Minority Interests": 3035000.0,
        "Net Income Including Noncontrolling Interests": -5124000.0,
        "Net Income Discontinuous Operations": -203000.0,
        "Net Income Continuous Operations": -4921000.0,
        "Tax Provision": 1153000.0,
        "Pretax Income": -3768000.0,
        "Other Non Operating Income Expenses": 2240000.0,
        "Special Income Charges": -1723000.0,
        "Other Special Charges": 1723000.0,
        "Write Off": 0.0,
        "Impairment Of Capital Assets": NaN,
        "Gain On Sale Of Security": NaN,
        "Depreciation Amortization Depletion Income Statement": 9753000.0,
        "Depreciation And Amortization In Income Statement": 9753000.0,
        "Selling General And Administration": 62000000.0,
        "Selling And Marketing Expense": 10706000.0,
        "General And Administrative Expense": 51294000.0,
        "Other Gand A": 16241000.0,
        "Salaries And Wages": 35053000.0,
        "Total Revenue": 65745000.0,
        "Operating Revenue": 65745000.0,
        "Occupancy And Equipment": NaN,
        "Other Non Interest Expense": -1723000.0
    },
    "2024-09-30": {
        "Tax Effect Of Unusual Items": -8885.158018,
        "Tax Rate For Calcs": 0.021256,
        "Total Unusual Items": -418000.0,
        "Total Unusual Items Excluding Goodwill": -418000.0,
        "Net Income From Continuing Operation Net Minority Interest": 84203000.0,
        "Reconciled Depreciation": 9777000.0,
        "Net Interest Income": 53842000.0,
        "Interest Expense": 436847000.0,
        "Interest Income": 490689000.0,
        "Normalized Income": 84612114.841982,
        "Net Income From Continuing And Discontinued Operation": 84203000.0,
        "Diluted Average Shares": 23159304.0,
        "Basic Average Shares": 9924671.0,
        "Diluted EPS": 7.5,
        "Basic EPS": 8.48,
        "Diluted NI Availto Com Stockholders": 173600000.0,
        "Average Dilution Earnings": 89397000.0,
        "Net Income Common Stockholders": 84203000.0,
        "Net Income": 84203000.0,
        "Minority Interests": -119545000.0,
        "Net Income Including Noncontrolling Interests": 203748000.0,
        "Net Income Discontinuous Operations": 0.0,
        "Net Income Continuous Operations": 203748000.0,
        "Tax Provision": 4425000.0,
        "Pretax Income": 208173000.0,
        "Other Non Operating Income Expenses": -1592000.0,
        "Special Income Charges": -418000.0,
        "Other Special Charges": 418000.0,
        "Write Off": 0.0,
        "Impairment Of Capital Assets": NaN,
        "Gain On Sale Of Security": NaN,
        "Depreciation Amortization Depletion Income Statement": 9777000.0,
        "Depreciation And Amortization In Income Statement": 9777000.0,
        "Selling General And Administration": 55813000.0,
        "Selling And Marketing Expense": 10325000.0,
        "General And Administrative Expense": 45488000.0,
        "Other Gand A": 14405000.0,
        "Salaries And Wages": 31083000.0,
        "Total Revenue": 275355000.0,
        "Operating Revenue": 275355000.0,
        "Occupancy And Equipment": NaN,
        "Other Non Interest Expense": -418000.0
    }
}