{
    "2023-03-31": {
        "Tax Effect Of Unusual Items": -6595200.0,
        "Tax Rate For Calcs": 0.4,
        "Normalized EBITDA": 110490000.0,
        "Total Unusual Items": -16488000.0,
        "Total Unusual Items Excluding Goodwill": -16488000.0,
        "Net Income From Continuing Operation Net Minority Interest": -632000.0,
        "Reconciled Depreciation": 75753000.0,
        "Reconciled Cost Of Revenue": 331010000.0,
        "EBIT": 18249000.0,
        "Net Interest Income": -44570000.0,
        "Interest Expense": 43929000.0,
        "Interest Income": 464000.0,
        "Normalized Income": 9260800.0,
        "Net Income From Continuing And Discontinued Operation": -632000.0,
        "Total Expenses": 519579000.0,
        "Total Operating Income As Reported": 21440000.0,
        "Diluted Average Shares": 84174046.0,
        "Basic Average Shares": 65940004.0,
        "Diluted EPS": -0.22,
        "Basic EPS": -0.01,
        "Diluted NI Availto Com Stockholders": -632000.0,
        "Average Dilution Earnings": NaN,
        "Net Income Common Stockholders": -632000.0,
        "Net Income": -632000.0,
        "Minority Interests": 6345000.0,
        "Net Income Including Noncontrolling Interests": -6977000.0,
        "Net Income Continuous Operations": -6977000.0,
        "Tax Provision": -18703000.0,
        "Pretax Income": -25680000.0,
        "Other Income Expense": -19038000.0,
        "Other Non Operating Income Expenses": -2725000.0,
        "Special Income Charges": -16488000.0,
        "Other Special Charges": NaN,
        "Restructuring And Mergern Acquisition": 16488000.0,
        "Earnings From Equity Interest": 175000.0,
        "Net Non Operating Interest Income Expense": -44570000.0,
        "Total Other Finance Cost": 1105000.0,
        "Interest Expense Non Operating": 43929000.0,
        "Interest Income Non Operating": 464000.0,
        "Operating Income": 37928000.0,
        "Operating Expense": 188569000.0,
        "Depreciation Amortization Depletion Income Statement": 75753000.0,
        "Depreciation And Amortization In Income Statement": 75753000.0,
        "Amortization": 71786000.0,
        "Amortization Of Intangibles Income Statement": 71786000.0,
        "Depreciation Income Statement": 3967000.0,
        "Selling General And Administration": 112816000.0,
        "Gross Profit": 226497000.0,
        "Cost Of Revenue": 331010000.0,
        "Total Revenue": 557507000.0,
        "Operating Revenue": 533889000.0
    },
    "2022-12-31": {
        "Tax Effect Of Unusual Items": -7804000.0,
        "Tax Rate For Calcs": 0.4,
        "Normalized EBITDA": 120512000.0,
        "Total Unusual Items": -19510000.0,
        "Total Unusual Items Excluding Goodwill": -19510000.0,
        "Net Income From Continuing Operation Net Minority Interest": 350000.0,
        "Reconciled Depreciation": 73413000.0,
        "Reconciled Cost Of Revenue": 316357000.0,
        "EBIT": 27589000.0,
        "Net Interest Income": -36243000.0,
        "Interest Expense": 35888000.0,
        "Interest Income": 645000.0,
        "Normalized Income": 12056000.0,
        "Net Income From Continuing And Discontinued Operation": 350000.0,
        "Total Expenses": 492851000.0,
        "Total Operating Income As Reported": 37125000.0,
        "Diluted Average Shares": 66052843.0,
        "Basic Average Shares": 65886915.0,
        "Diluted EPS": 0.01,
        "Basic EPS": 0.01,
        "Diluted NI Availto Com Stockholders": 350000.0,
        "Average Dilution Earnings": NaN,
        "Net Income Common Stockholders": 350000.0,
        "Net Income": 350000.0,
        "Minority Interests": 1761000.0,
        "Net Income Including Noncontrolling Interests": -1411000.0,
        "Net Income Continuous Operations": -1411000.0,
        "Tax Provision": -6888000.0,
        "Pretax Income": -8299000.0,
        "Other Income Expense": -26884000.0,
        "Other Non Operating Income Expenses": -7536000.0,
        "Special Income Charges": -19510000.0,
        "Other Special Charges": 1807000.0,
        "Restructuring And Mergern Acquisition": 17703000.0,
        "Earnings From Equity Interest": 162000.0,
        "Net Non Operating Interest Income Expense": -36243000.0,
        "Total Other Finance Cost": 1000000.0,
        "Interest Expense Non Operating": 35888000.0,
        "Interest Income Non Operating": 645000.0,
        "Operating Income": 54828000.0,
        "Operating Expense": 176494000.0,
        "Depreciation Amortization Depletion Income Statement": 73413000.0,
        "Depreciation And Amortization In Income Statement": 73413000.0,
        "Amortization": 69586000.0,
        "Amortization Of Intangibles Income Statement": 69586000.0,
        "Depreciation Income Statement": 3827000.0,
        "Selling General And Administration": 103081000.0,
        "Gross Profit": 231322000.0,
        "Cost Of Revenue": 316357000.0,
        "Total Revenue": 547679000.0,
        "Operating Revenue": 524711000.0
    },
    "2022-09-30": {
        "Tax Effect Of Unusual Items": 7383224.42421,
        "Tax Rate For Calcs": 0.240433,
        "Normalized EBITDA": 117539000.0,
        "Total Unusual Items": 30708000.0,
        "Total Unusual Items Excluding Goodwill": 30708000.0,
        "Net Income From Continuing Operation Net Minority Interest": 29249000.0,
        "Reconciled Depreciation": 71347000.0,
        "Reconciled Cost Of Revenue": 309291000.0,
        "EBIT": 76900000.0,
        "Net Interest Income": -27314000.0,
        "Interest Expense": 26491000.0,
        "Interest Income": 126000.0,
        "Normalized Income": 5924224.42421,
        "Net Income From Continuing And Discontinued Operation": 29249000.0,
        "Total Expenses": 470553000.0,
        "Total Operating Income As Reported": 80019000.0,
        "Diluted Average Shares": 65821228.0,
        "Basic Average Shares": 65599493.0,
        "Diluted EPS": 0.44,
        "Basic EPS": 0.45,
        "Diluted NI Availto Com Stockholders": 29249000.0,
        "Average Dilution Earnings": NaN,
        "Net Income Common Stockholders": 29249000.0,
        "Net Income": 29249000.0,
        "Minority Interests": -9040000.0,
        "Net Income Including Noncontrolling Interests": 38289000.0,
        "Net Income Continuous Operations": 38289000.0,
        "Tax Provision": 12120000.0,
        "Pretax Income": 50409000.0,
        "Other Income Expense": 28412000.0,
        "Other Non Operating Income Expenses": -2347000.0,
        "Special Income Charges": 30708000.0,
        "Other Special Charges": NaN,
        "Restructuring And Mergern Acquisition": -30708000.0,
        "Earnings From Equity Interest": 51000.0,
        "Net Non Operating Interest Income Expense": -27314000.0,
        "Total Other Finance Cost": 949000.0,
        "Interest Expense Non Operating": 26491000.0,
        "Interest Income Non Operating": 126000.0,
        "Operating Income": 49311000.0,
        "Operating Expense": 161262000.0,
        "Depreciation Amortization Depletion Income Statement": 71347000.0,
        "Depreciation And Amortization In Income Statement": 71347000.0,
        "Amortization": 67331000.0,
        "Amortization Of Intangibles Income Statement": 67331000.0,
        "Depreciation Income Statement": 4016000.0,
        "Selling General And Administration": 89915000.0,
        "Gross Profit": 210573000.0,
        "Cost Of Revenue": 309291000.0,
        "Total Revenue": 519864000.0,
        "Operating Revenue": 499017000.0
    },
    "2022-06-30": {
        "Tax Effect Of Unusual Items": 16898101.635886,
        "Tax Rate For Calcs": 0.395213,
        "Normalized EBITDA": 127135000.0,
        "Total Unusual Items": 42757000.0,
        "Total Unusual Items Excluding Goodwill": 42757000.0,
        "Net Income From Continuing Operation Net Minority Interest": 33083000.0,
        "Reconciled Depreciation": 68454000.0,
        "Reconciled Cost Of Revenue": 314933000.0,
        "EBIT": 101438000.0,
        "Net Interest Income": -20824000.0,
        "Interest Expense": 19892000.0,
        "Interest Income": 17000.0,
        "Normalized Income": 7224101.635886,
        "Net Income From Continuing And Discontinued Operation": 33083000.0,
        "Total Expenses": 478158000.0,
        "Total Operating Income As Reported": 103810000.0,
        "Diluted Average Shares": 65596377.0,
        "Basic Average Shares": 65389642.0,
        "Diluted EPS": 0.5,
        "Basic EPS": 0.51,
        "Diluted NI Availto Com Stockholders": 33083000.0,
        "Average Dilution Earnings": NaN,
        "Net Income Common Stockholders": 33083000.0,
        "Net Income": 33083000.0,
        "Minority Interests": -16235000.0,
        "Net Income Including Noncontrolling Interests": 49318000.0,
        "Net Income Continuous Operations": 49318000.0,
        "Tax Provision": 32228000.0,
        "Pretax Income": 81546000.0,
        "Other Income Expense": 41317000.0,
        "Other Non Operating Income Expenses": -1451000.0,
        "Special Income Charges": 42757000.0,
        "Other Special Charges": NaN,
        "Restructuring And Mergern Acquisition": -42757000.0,
        "Earnings From Equity Interest": 11000.0,
        "Net Non Operating Interest Income Expense": -20824000.0,
        "Total Other Finance Cost": 949000.0,
        "Interest Expense Non Operating": 19892000.0,
        "Interest Income Non Operating": 17000.0,
        "Operating Income": 61053000.0,
        "Operating Expense": 163225000.0,
        "Depreciation Amortization Depletion Income Statement": 68454000.0,
        "Depreciation And Amortization In Income Statement": 68454000.0,
        "Amortization": 64649000.0,
        "Amortization Of Intangibles Income Statement": 64649000.0,
        "Depreciation Income Statement": 3805000.0,
        "Selling General And Administration": 94771000.0,
        "Gross Profit": 224278000.0,
        "Cost Of Revenue": 314933000.0,
        "Total Revenue": 539211000.0,
        "Operating Revenue": 517421000.0
    },
    "2023-06-30": {
        "Tax Effect Of Unusual Items": -2430400.0,
        "Tax Rate For Calcs": 0.4,
        "Normalized EBITDA": 120896000.0,
        "Total Unusual Items": -6076000.0,
        "Total Unusual Items Excluding Goodwill": -6076000.0,
        "Net Income From Continuing Operation Net Minority Interest": 32177000.0,
        "Reconciled Depreciation": 78676000.0,
        "Reconciled Cost Of Revenue": 347567000.0,
        "EBIT": 36144000.0,
        "Net Interest Income": -48817000.0,
        "Interest Expense": 48341000.0,
        "Interest Income": 639000.0,
        "Normalized Income": 35822600.0,
        "Net Income From Continuing And Discontinued Operation": 32177000.0,
        "Total Expenses": 541234000.0,
        "Total Operating Income As Reported": 36495000.0,
        "Diluted Average Shares": 85668061.0,
        "Basic Average Shares": 65999323.0,
        "Diluted EPS": -0.1,
        "Basic EPS": 0.49,
        "Diluted NI Availto Com Stockholders": 32177000.0,
        "Average Dilution Earnings": -41080000.0,
        "Net Income Common Stockholders": 32177000.0,
        "Net Income": 32177000.0,
        "Minority Interests": 3095000.0,
        "Net Income Including Noncontrolling Interests": 29082000.0,
        "Net Income Continuous Operations": 29082000.0,
        "Tax Provision": -41279000.0,
        "Pretax Income": -12197000.0,
        "Other Income Expense": -5951000.0,
        "Other Non Operating Income Expenses": -229000.0,
        "Special Income Charges": -6076000.0,
        "Other Special Charges": NaN,
        "Restructuring And Mergern Acquisition": 6076000.0,
        "Earnings From Equity Interest": 354000.0,
        "Net Non Operating Interest Income Expense": -48817000.0,
        "Total Other Finance Cost": 1115000.0,
        "Interest Expense Non Operating": 48341000.0,
        "Interest Income Non Operating": 639000.0,
        "Operating Income": 42571000.0,
        "Operating Expense": 193667000.0,
        "Depreciation Amortization Depletion Income Statement": 78676000.0,
        "Depreciation And Amortization In Income Statement": 78676000.0,
        "Amortization": 74623000.0,
        "Amortization Of Intangibles Income Statement": 74623000.0,
        "Depreciation Income Statement": 4053000.0,
        "Selling General And Administration": 114991000.0,
        "Gross Profit": 236238000.0,
        "Cost Of Revenue": 347567000.0,
        "Total Revenue": 583805000.0,
        "Operating Revenue": 555574000.0
    },
    "2022-03-31": {
        "Diluted EPS": 0.44,
        "Total Revenue": 537,
        "Gross Profit": 537,
        "Operating Income": 73,
        "EBIT": 138,
        "Net Income": 29
    },
    "2021-12-31": {
        "Diluted EPS": 0.13,
        "Total Revenue": 524,
        "Gross Profit": 524,
        "Operating Income": 47,
        "EBIT": 107,
        "Net Income": 8
    },
    "2021-09-30": {
        "Diluted EPS": 0.01,
        "Total Revenue": 455,
        "Gross Profit": 455,
        "Operating Income": 22,
        "EBIT": 72,
        "Net Income": 1
    },
    "2021-06-30": {
        "Diluted EPS": 0.04,
        "Total Revenue": 425,
        "Gross Profit": 425,
        "Operating Income": 19,
        "EBIT": 68,
        "Net Income": 2
    },
    "2021-03-31": {
        "Diluted EPS": 0.0,
        "Total Revenue": 394,
        "Gross Profit": 394,
        "Operating Income": 15,
        "EBIT": 62,
        "Net Income": 0
    },
    "2020-12-31": {
        "Diluted EPS": 0.08,
        "Total Revenue": 380,
        "Gross Profit": 380,
        "Operating Income": 22,
        "EBIT": 65,
        "Net Income": 4
    },
    "2020-09-30": {
        "Diluted EPS": 0.03,
        "Total Revenue": 331,
        "Gross Profit": 331,
        "Operating Income": 19,
        "EBIT": 59,
        "Net Income": 2
    },
    "2020-06-30": {
        "Diluted EPS": 0.03,
        "Total Revenue": 313,
        "Gross Profit": 313,
        "Operating Income": 14,
        "EBIT": 54,
        "Net Income": 2
    },
    "2020-03-31": {
        "Diluted EPS": 0.43,
        "Total Revenue": 337,
        "Gross Profit": 337,
        "Operating Income": 66,
        "EBIT": 105,
        "Net Income": 20
    },
    "2019-12-31": {
        "Diluted EPS": -0.27,
        "Total Revenue": 340,
        "Gross Profit": 340,
        "Operating Income": 26,
        "EBIT": 66,
        "Net Income": -12
    },
    "2019-09-30": {
        "Diluted EPS": 0.03,
        "Total Revenue": 317,
        "Gross Profit": 317,
        "Operating Income": 13,
        "EBIT": 52,
        "Net Income": 1
    },
    "2019-06-30": {
        "Diluted EPS": 0.02,
        "Total Revenue": 302,
        "Gross Profit": 302,
        "Operating Income": 20,
        "EBIT": 54,
        "Net Income": 1
    },
    "2019-03-31": {
        "Diluted EPS": -0.06,
        "Total Revenue": 260,
        "Gross Profit": 260,
        "Operating Income": 9,
        "EBIT": 41,
        "Net Income": -3
    },
    "2018-12-31": {
        "Diluted EPS": 0.23,
        "Total Revenue": 248,
        "Gross Profit": 248,
        "Operating Income": 34,
        "EBIT": 62,
        "Net Income": 29
    },
    "2018-09-30": {
        "Diluted EPS": -0.24,
        "Total Revenue": 236,
        "Gross Profit": 236,
        "Operating Income": -14,
        "EBIT": 12,
        "Net Income": -10
    },
    "2018-06-30": {
        "Diluted EPS": 0.0,
        "Total Revenue": 231,
        "Gross Profit": 231,
        "Operating Income": 12,
        "EBIT": 37,
        "Net Income": -8
    },
    "2018-03-31": {
        "Diluted EPS": 0.0,
        "Total Revenue": 196,
        "Gross Profit": 196,
        "Operating Income": 13,
        "EBIT": 35,
        "Net Income": -12
    },
    "2017-12-31": {
        "Diluted EPS": 0.0,
        "Total Revenue": 190,
        "Gross Profit": 190,
        "Operating Income": 3,
        "EBIT": 24,
        "Net Income": -10
    },
    "2017-09-30": {
        "Diluted EPS": 0.0,
        "Total Revenue": 180,
        "Gross Profit": 180,
        "Operating Income": -11,
        "EBIT": 11,
        "Net Income": -38
    },
    "2017-06-30": {
        "Diluted EPS": 0.0,
        "Total Revenue": 157,
        "Gross Profit": 157,
        "Operating Income": 2,
        "EBIT": 19,
        "Net Income": -5
    },
    "2017-03-31": {
        "Diluted EPS": 0.0,
        "Total Revenue": 136,
        "Gross Profit": 136,
        "Operating Income": 11,
        "EBIT": 27,
        "Net Income": 4
    },
    "2016-12-31": {
        "Diluted EPS": 0.0,
        "Total Revenue": NaN,
        "Gross Profit": NaN,
        "Operating Income": NaN,
        "EBIT": NaN,
        "Net Income": NaN
    },
    "2015-12-31": {
        "Diluted EPS": 0.0,
        "Total Revenue": NaN,
        "Gross Profit": NaN,
        "Operating Income": NaN,
        "EBIT": NaN,
        "Net Income": NaN
    }
}