{
    "2023-03-31": {
        "Tax Effect Of Unusual Items": NaN,
        "Tax Rate For Calcs": NaN,
        "Normalized EBITDA": NaN,
        "Total Unusual Items": NaN,
        "Total Unusual Items Excluding Goodwill": NaN,
        "Net Income From Continuing Operation Net Minority Interest": NaN,
        "Reconciled Depreciation": NaN,
        "Reconciled Cost Of Revenue": NaN,
        "EBITDA": NaN,
        "EBIT": NaN,
        "Net Interest Income": NaN,
        "Interest Expense": NaN,
        "Normalized Income": NaN,
        "Net Income From Continuing And Discontinued Operation": NaN,
        "Total Expenses": NaN,
        "Total Operating Income As Reported": NaN,
        "Diluted Average Shares": 6609000.0,
        "Basic Average Shares": 6481000.0,
        "Diluted EPS": 0.55,
        "Basic EPS": 0.56,
        "Diluted NI Availto Com Stockholders": NaN,
        "Net Income Common Stockholders": NaN,
        "Otherunder Preferred Stock Dividend": NaN,
        "Preferred Stock Dividends": NaN,
        "Net Income": NaN,
        "Minority Interests": NaN,
        "Net Income Including Noncontrolling Interests": NaN,
        "Net Income Continuous Operations": NaN,
        "Tax Provision": NaN,
        "Pretax Income": NaN,
        "Other Income Expense": NaN,
        "Other Non Operating Income Expenses": -6000.0,
        "Gain On Sale Of Security": NaN,
        "Net Non Operating Interest Income Expense": NaN,
        "Interest Expense Non Operating": NaN,
        "Operating Income": NaN,
        "Operating Expense": NaN,
        "Research And Development": NaN,
        "Selling General And Administration": NaN,
        "Gross Profit": NaN,
        "Cost Of Revenue": NaN,
        "Total Revenue": NaN,
        "Operating Revenue": NaN
    },
    "2022-12-31": {
        "Tax Effect Of Unusual Items": NaN,
        "Tax Rate For Calcs": NaN,
        "Normalized EBITDA": NaN,
        "Total Unusual Items": NaN,
        "Total Unusual Items Excluding Goodwill": NaN,
        "Net Income From Continuing Operation Net Minority Interest": NaN,
        "Reconciled Depreciation": NaN,
        "Reconciled Cost Of Revenue": NaN,
        "EBITDA": NaN,
        "EBIT": NaN,
        "Net Interest Income": NaN,
        "Interest Expense": NaN,
        "Normalized Income": NaN,
        "Net Income From Continuing And Discontinued Operation": NaN,
        "Total Expenses": NaN,
        "Total Operating Income As Reported": NaN,
        "Diluted Average Shares": 6655000.0,
        "Basic Average Shares": 6527000.0,
        "Diluted EPS": 0.32,
        "Basic EPS": 0.32,
        "Diluted NI Availto Com Stockholders": NaN,
        "Net Income Common Stockholders": NaN,
        "Otherunder Preferred Stock Dividend": NaN,
        "Preferred Stock Dividends": NaN,
        "Net Income": NaN,
        "Minority Interests": NaN,
        "Net Income Including Noncontrolling Interests": NaN,
        "Net Income Continuous Operations": NaN,
        "Tax Provision": NaN,
        "Pretax Income": NaN,
        "Other Income Expense": NaN,
        "Other Non Operating Income Expenses": -208000.0,
        "Gain On Sale Of Security": NaN,
        "Net Non Operating Interest Income Expense": NaN,
        "Interest Expense Non Operating": NaN,
        "Operating Income": NaN,
        "Operating Expense": NaN,
        "Research And Development": NaN,
        "Selling General And Administration": NaN,
        "Gross Profit": NaN,
        "Cost Of Revenue": NaN,
        "Total Revenue": NaN,
        "Operating Revenue": NaN
    },
    "2022-09-30": {
        "Tax Effect Of Unusual Items": 52416.605075,
        "Tax Rate For Calcs": 0.34713,
        "Normalized EBITDA": 6101000.0,
        "Total Unusual Items": 151000.0,
        "Total Unusual Items Excluding Goodwill": 151000.0,
        "Net Income From Continuing Operation Net Minority Interest": 2047000.0,
        "Reconciled Depreciation": 2179000.0,
        "Reconciled Cost Of Revenue": 12597000.0,
        "EBITDA": 6252000.0,
        "EBIT": 4073000.0,
        "Net Interest Income": -14000.0,
        "Interest Expense": 14000.0,
        "Normalized Income": 1948416.605075,
        "Net Income From Continuing And Discontinued Operation": 2047000.0,
        "Total Expenses": 19280000.0,
        "Total Operating Income As Reported": 3911000.0,
        "Diluted Average Shares": 6673000.0,
        "Basic Average Shares": 6545000.0,
        "Diluted EPS": 0.29,
        "Basic EPS": 0.29,
        "Diluted NI Availto Com Stockholders": 1923000.0,
        "Net Income Common Stockholders": 1923000.0,
        "Otherunder Preferred Stock Dividend": 32000.0,
        "Preferred Stock Dividends": 92000.0,
        "Net Income": 2047000.0,
        "Minority Interests": -603000.0,
        "Net Income Including Noncontrolling Interests": 2650000.0,
        "Net Income Continuous Operations": 2650000.0,
        "Tax Provision": 1409000.0,
        "Pretax Income": 4059000.0,
        "Other Income Expense": 162000.0,
        "Other Non Operating Income Expenses": 11000.0,
        "Gain On Sale Of Security": 151000.0,
        "Net Non Operating Interest Income Expense": -14000.0,
        "Interest Expense Non Operating": 14000.0,
        "Operating Income": 3911000.0,
        "Operating Expense": 6683000.0,
        "Research And Development": 349000.0,
        "Selling General And Administration": 6334000.0,
        "Gross Profit": 10594000.0,
        "Cost Of Revenue": 12597000.0,
        "Total Revenue": 23191000.0,
        "Operating Revenue": 23191000.0
    },
    "2022-06-30": {
        "Tax Effect Of Unusual Items": 3871.401566,
        "Tax Rate For Calcs": 0.057646,
        "Normalized EBITDA": 6186636.0,
        "Total Unusual Items": 67158.0,
        "Total Unusual Items Excluding Goodwill": 67158.0,
        "Net Income From Continuing Operation Net Minority Interest": 2242906.0,
        "Reconciled Depreciation": 2039367.0,
        "Reconciled Cost Of Revenue": 12698201.0,
        "EBITDA": 6253794.0,
        "EBIT": 4214427.0,
        "Net Interest Income": -337552.0,
        "Interest Expense": 337552.0,
        "Normalized Income": 2179619.401566,
        "Net Income From Continuing And Discontinued Operation": 2242906.0,
        "Total Expenses": 20667963.0,
        "Total Operating Income As Reported": 4144182.0,
        "Diluted Average Shares": 6680852.0,
        "Basic Average Shares": 6554836.0,
        "Diluted EPS": 0.32,
        "Basic EPS": 0.32,
        "Diluted NI Availto Com Stockholders": 2107796.0,
        "Net Income Common Stockholders": 2107796.0,
        "Otherunder Preferred Stock Dividend": 34038.0,
        "Preferred Stock Dividends": 101072.0,
        "Net Income": 2242906.0,
        "Minority Interests": -1410482.0,
        "Net Income Including Noncontrolling Interests": 3653388.0,
        "Net Income Continuous Operations": 3653388.0,
        "Tax Provision": 223487.0,
        "Pretax Income": 3876875.0,
        "Other Income Expense": 70245.0,
        "Other Non Operating Income Expenses": 3087.0,
        "Gain On Sale Of Security": 67158.0,
        "Net Non Operating Interest Income Expense": -337552.0,
        "Interest Expense Non Operating": 337552.0,
        "Operating Income": 4144182.0,
        "Operating Expense": 7969762.0,
        "Research And Development": 385181.0,
        "Selling General And Administration": 7584581.0,
        "Gross Profit": 12113944.0,
        "Cost Of Revenue": 12698201.0,
        "Total Revenue": 24812145.0,
        "Operating Revenue": 24812145.0
    },
    "2022-03-31": {
        "Diluted EPS": 0.3,
        "Total Revenue": 25,
        "Gross Profit": 12,
        "Operating Income": 6,
        "EBIT": 8,
        "Net Income": 2
    },
    "2021-12-31": {
        "Diluted EPS": 0.53,
        "Total Revenue": 24,
        "Gross Profit": 12,
        "Operating Income": 6,
        "EBIT": 9,
        "Net Income": 4
    },
    "2021-09-30": {
        "Diluted EPS": 0.52,
        "Total Revenue": 24,
        "Gross Profit": 11,
        "Operating Income": 6,
        "EBIT": 8,
        "Net Income": 4
    },
    "2021-06-30": {
        "Diluted EPS": 0.1,
        "Total Revenue": 25,
        "Gross Profit": 12,
        "Operating Income": 4,
        "EBIT": 5,
        "Net Income": 1
    },
    "2021-03-31": {
        "Diluted EPS": 0.51,
        "Total Revenue": 23,
        "Gross Profit": 11,
        "Operating Income": 4,
        "EBIT": 5,
        "Net Income": 4
    },
    "2020-12-31": {
        "Diluted EPS": 0.42,
        "Total Revenue": 21,
        "Gross Profit": 10,
        "Operating Income": 5,
        "EBIT": 7,
        "Net Income": 3
    },
    "2020-09-30": {
        "Diluted EPS": 0.34,
        "Total Revenue": 21,
        "Gross Profit": 11,
        "Operating Income": 4,
        "EBIT": 6,
        "Net Income": 2
    },
    "2020-06-30": {
        "Diluted EPS": 0.07,
        "Total Revenue": 21,
        "Gross Profit": 12,
        "Operating Income": 1,
        "EBIT": 0,
        "Net Income": 1
    },
    "2020-03-31": {
        "Diluted EPS": 0.17,
        "Total Revenue": 22,
        "Gross Profit": 10,
        "Operating Income": 3,
        "EBIT": 4,
        "Net Income": 1
    },
    "2019-12-31": {
        "Diluted EPS": 0.42,
        "Total Revenue": 21,
        "Gross Profit": 10,
        "Operating Income": 5,
        "EBIT": 7,
        "Net Income": 3
    },
    "2019-09-30": {
        "Diluted EPS": 0.45,
        "Total Revenue": 22,
        "Gross Profit": 10,
        "Operating Income": 5,
        "EBIT": 7,
        "Net Income": 3
    },
    "2019-06-30": {
        "Diluted EPS": 0.62,
        "Total Revenue": 22,
        "Gross Profit": 11,
        "Operating Income": 4,
        "EBIT": 5,
        "Net Income": 4
    },
    "2019-03-31": {
        "Diluted EPS": 0.53,
        "Total Revenue": 23,
        "Gross Profit": 12,
        "Operating Income": 7,
        "EBIT": 8,
        "Net Income": 4
    },
    "2018-12-31": {
        "Diluted EPS": 0.49,
        "Total Revenue": 21,
        "Gross Profit": 10,
        "Operating Income": 6,
        "EBIT": 7,
        "Net Income": 3
    },
    "2018-09-30": {
        "Diluted EPS": 0.45,
        "Total Revenue": 21,
        "Gross Profit": 10,
        "Operating Income": 6,
        "EBIT": 6,
        "Net Income": 3
    },
    "2018-06-30": {
        "Diluted EPS": 1.36,
        "Total Revenue": 21,
        "Gross Profit": 10,
        "Operating Income": 5,
        "EBIT": 6,
        "Net Income": 9
    },
    "2018-03-31": {
        "Diluted EPS": 0.48,
        "Total Revenue": 21,
        "Gross Profit": 10,
        "Operating Income": 4,
        "EBIT": 5,
        "Net Income": 3
    },
    "2017-12-31": {
        "Diluted EPS": 0.58,
        "Total Revenue": 20,
        "Gross Profit": 10,
        "Operating Income": 6,
        "EBIT": 7,
        "Net Income": 4
    },
    "2017-09-30": {
        "Diluted EPS": 0.51,
        "Total Revenue": 19,
        "Gross Profit": 9,
        "Operating Income": 5,
        "EBIT": 6,
        "Net Income": 3
    },
    "2017-06-30": {
        "Diluted EPS": 0.77,
        "Total Revenue": 21,
        "Gross Profit": 11,
        "Operating Income": 4,
        "EBIT": 5,
        "Net Income": 6
    },
    "2017-03-31": {
        "Diluted EPS": 0.88,
        "Total Revenue": 20,
        "Gross Profit": 11,
        "Operating Income": 6,
        "EBIT": 7,
        "Net Income": 6
    },
    "2016-12-31": {
        "Diluted EPS": 0.6,
        "Total Revenue": 18,
        "Gross Profit": 9,
        "Operating Income": 5,
        "EBIT": 5,
        "Net Income": 4
    },
    "2016-09-30": {
        "Diluted EPS": 0.51,
        "Total Revenue": 19,
        "Gross Profit": 9,
        "Operating Income": 5,
        "EBIT": 6,
        "Net Income": 3
    },
    "2016-06-30": {
        "Diluted EPS": 0.9,
        "Total Revenue": 19,
        "Gross Profit": 9,
        "Operating Income": 2,
        "EBIT": 3,
        "Net Income": 6
    },
    "2016-03-31": {
        "Diluted EPS": 0.43,
        "Total Revenue": 19,
        "Gross Profit": 9,
        "Operating Income": 4,
        "EBIT": 5,
        "Net Income": 3
    },
    "2015-12-31": {
        "Diluted EPS": 0.5,
        "Total Revenue": 18,
        "Gross Profit": 9,
        "Operating Income": 4,
        "EBIT": 5,
        "Net Income": 3
    },
    "2015-09-30": {
        "Diluted EPS": 0.41,
        "Total Revenue": 18,
        "Gross Profit": 8,
        "Operating Income": 4,
        "EBIT": 4,
        "Net Income": 3
    },
    "2015-06-30": {
        "Diluted EPS": 0.81,
        "Total Revenue": 17,
        "Gross Profit": 9,
        "Operating Income": 3,
        "EBIT": 4,
        "Net Income": 5
    },
    "2015-03-31": {
        "Diluted EPS": 0.29,
        "Total Revenue": 17,
        "Gross Profit": 7,
        "Operating Income": 3,
        "EBIT": 4,
        "Net Income": 2
    },
    "2014-12-31": {
        "Diluted EPS": 0.38,
        "Total Revenue": 17,
        "Gross Profit": 8,
        "Operating Income": 4,
        "EBIT": 4,
        "Net Income": 2
    },
    "2014-09-30": {
        "Diluted EPS": 0.36,
        "Total Revenue": 18,
        "Gross Profit": 8,
        "Operating Income": 3,
        "EBIT": 4,
        "Net Income": 2
    },
    "2014-06-30": {
        "Diluted EPS": 0.58,
        "Total Revenue": 17,
        "Gross Profit": 9,
        "Operating Income": 3,
        "EBIT": 4,
        "Net Income": 4
    },
    "2014-03-31": {
        "Diluted EPS": 0.25,
        "Total Revenue": 17,
        "Gross Profit": 8,
        "Operating Income": 2,
        "EBIT": 3,
        "Net Income": 2
    },
    "2013-12-31": {
        "Diluted EPS": 0.31,
        "Total Revenue": 18,
        "Gross Profit": 8,
        "Operating Income": 3,
        "EBIT": 4,
        "Net Income": 2
    },
    "2013-09-30": {
        "Diluted EPS": 0.35,
        "Total Revenue": 17,
        "Gross Profit": 8,
        "Operating Income": 4,
        "EBIT": 5,
        "Net Income": 2
    },
    "2013-06-30": {
        "Diluted EPS": 0.69,
        "Total Revenue": 18,
        "Gross Profit": 8,
        "Operating Income": 2,
        "EBIT": 3,
        "Net Income": 4
    },
    "2013-03-31": {
        "Diluted EPS": 0.16,
        "Total Revenue": 12,
        "Gross Profit": 6,
        "Operating Income": 2,
        "EBIT": 2,
        "Net Income": 1
    },
    "2012-12-31": {
        "Diluted EPS": 0.2,
        "Total Revenue": 10,
        "Gross Profit": 5,
        "Operating Income": 2,
        "EBIT": 2,
        "Net Income": 1
    },
    "2012-09-30": {
        "Diluted EPS": 0.21,
        "Total Revenue": 10,
        "Gross Profit": 5,
        "Operating Income": 2,
        "EBIT": 2,
        "Net Income": 1
    },
    "2012-06-30": {
        "Diluted EPS": 0.21,
        "Total Revenue": 11,
        "Gross Profit": 5,
        "Operating Income": 2,
        "EBIT": 3,
        "Net Income": 1
    },
    "2012-03-31": {
        "Diluted EPS": 0.19,
        "Total Revenue": 10,
        "Gross Profit": 4,
        "Operating Income": 2,
        "EBIT": 2,
        "Net Income": 1
    },
    "2011-12-31": {
        "Diluted EPS": 0.23,
        "Total Revenue": 9,
        "Gross Profit": 4,
        "Operating Income": 2,
        "EBIT": 2,
        "Net Income": 1
    },
    "2011-09-30": {
        "Diluted EPS": 0.23,
        "Total Revenue": 10,
        "Gross Profit": 4,
        "Operating Income": 2,
        "EBIT": 2,
        "Net Income": 1
    },
    "2011-06-30": {
        "Diluted EPS": 0.0,
        "Total Revenue": 8,
        "Gross Profit": 4,
        "Operating Income": 1,
        "EBIT": 1,
        "Net Income": 0
    },
    "2011-03-31": {
        "Diluted EPS": 0.2,
        "Total Revenue": 9,
        "Gross Profit": 4,
        "Operating Income": 1,
        "EBIT": 2,
        "Net Income": 1
    },
    "2010-12-31": {
        "Diluted EPS": 0.24,
        "Total Revenue": 8,
        "Gross Profit": 4,
        "Operating Income": 1,
        "EBIT": 2,
        "Net Income": 1
    },
    "2010-09-30": {
        "Diluted EPS": 0.07,
        "Total Revenue": 9,
        "Gross Profit": 3,
        "Operating Income": 0,
        "EBIT": 1,
        "Net Income": 0
    },
    "2010-06-30": {
        "Diluted EPS": 0.0,
        "Total Revenue": 9,
        "Gross Profit": 4,
        "Operating Income": 0,
        "EBIT": 0,
        "Net Income": 0
    },
    "2010-03-31": {
        "Diluted EPS": -0.0,
        "Total Revenue": 8,
        "Gross Profit": 4,
        "Operating Income": 0,
        "EBIT": 0,
        "Net Income": 0
    },
    "2009-12-31": {
        "Diluted EPS": -0.26,
        "Total Revenue": 8,
        "Gross Profit": 3,
        "Operating Income": -1,
        "EBIT": -1,
        "Net Income": -1
    },
    "2009-09-30": {
        "Diluted EPS": -0.35,
        "Total Revenue": 7,
        "Gross Profit": 3,
        "Operating Income": -1,
        "EBIT": -1,
        "Net Income": -2
    },
    "2009-06-30": {
        "Diluted EPS": 0.01,
        "Total Revenue": 10,
        "Gross Profit": 4,
        "Operating Income": 0,
        "EBIT": 0,
        "Net Income": 0
    },
    "2009-03-31": {
        "Diluted EPS": 0.14,
        "Total Revenue": 11,
        "Gross Profit": 5,
        "Operating Income": 1,
        "EBIT": 1,
        "Net Income": 1
    },
    "2023-06-30": {
        "Tax Effect Of Unusual Items": 114926.927947,
        "Tax Rate For Calcs": 0.254164,
        "Normalized EBITDA": 4622495.0,
        "Total Unusual Items": 452176.0,
        "Total Unusual Items Excluding Goodwill": 452176.0,
        "Net Income From Continuing Operation Net Minority Interest": 1236776.0,
        "Reconciled Depreciation": 2141953.0,
        "Reconciled Cost Of Revenue": 13537158.0,
        "EBITDA": 5074671.0,
        "EBIT": 2932718.0,
        "Net Interest Income": -9131.0,
        "Interest Expense": 9131.0,
        "Normalized Income": 899526.927947,
        "Net Income From Continuing And Discontinued Operation": 1236776.0,
        "Total Expenses": 23295839.0,
        "Total Operating Income As Reported": 2480262.0,
        "Diluted Average Shares": NaN,
        "Basic Average Shares": NaN,
        "Diluted EPS": NaN,
        "Basic EPS": NaN,
        "Diluted NI Availto Com Stockholders": 1154974.0,
        "Net Income Common Stockholders": 1154974.0,
        "Otherunder Preferred Stock Dividend": 21136.0,
        "Preferred Stock Dividends": 60666.0,
        "Net Income": 1236776.0,
        "Minority Interests": -943740.0,
        "Net Income Including Noncontrolling Interests": 2180516.0,
        "Net Income Continuous Operations": 2180516.0,
        "Tax Provision": 743071.0,
        "Pretax Income": 2923587.0,
        "Other Income Expense": 452456.0,
        "Other Non Operating Income Expenses": 280.0,
        "Gain On Sale Of Security": 452176.0,
        "Net Non Operating Interest Income Expense": -9131.0,
        "Interest Expense Non Operating": 9131.0,
        "Operating Income": 2480262.0,
        "Operating Expense": 9758681.0,
        "Research And Development": 441749.0,
        "Selling General And Administration": 9316932.0,
        "Gross Profit": 12238943.0,
        "Cost Of Revenue": 13537158.0,
        "Total Revenue": 25776101.0,
        "Operating Revenue": 25776101.0
    },
    "2023-09-30": {
        "Tax Effect Of Unusual Items": 120439.544808,
        "Tax Rate For Calcs": 0.237553,
        "Normalized EBITDA": 8790000.0,
        "Total Unusual Items": 507000.0,
        "Total Unusual Items Excluding Goodwill": 507000.0,
        "Net Income From Continuing Operation Net Minority Interest": 4106000.0,
        "Reconciled Depreciation": 2219000.0,
        "Reconciled Cost Of Revenue": 13934000.0,
        "EBITDA": 9297000.0,
        "EBIT": 7078000.0,
        "Net Interest Income": -48000.0,
        "Interest Expense": 48000.0,
        "Normalized Income": 3719439.544808,
        "Net Income From Continuing And Discontinued Operation": 4106000.0,
        "Total Expenses": 19267000.0,
        "Total Operating Income As Reported": 6571000.0,
        "Diluted Average Shares": 6536000.0,
        "Basic Average Shares": 6408000.0,
        "Diluted EPS": 0.59,
        "Basic EPS": 0.6,
        "Diluted NI Availto Com Stockholders": 3855000.0,
        "Net Income Common Stockholders": 3855000.0,
        "Otherunder Preferred Stock Dividend": 64000.0,
        "Preferred Stock Dividends": 187000.0,
        "Net Income": 4106000.0,
        "Minority Interests": -1254000.0,
        "Net Income Including Noncontrolling Interests": 5360000.0,
        "Net Income Continuous Operations": 5360000.0,
        "Tax Provision": 1670000.0,
        "Pretax Income": 7030000.0,
        "Other Income Expense": 507000.0,
        "Other Non Operating Income Expenses": NaN,
        "Gain On Sale Of Security": 507000.0,
        "Net Non Operating Interest Income Expense": -48000.0,
        "Interest Expense Non Operating": 48000.0,
        "Operating Income": 6571000.0,
        "Operating Expense": 5333000.0,
        "Research And Development": 467000.0,
        "Selling General And Administration": 4866000.0,
        "Gross Profit": 11904000.0,
        "Cost Of Revenue": 13934000.0,
        "Total Revenue": 25838000.0,
        "Operating Revenue": 25838000.0
    },
    "2023-12-31": {
        "Tax Effect Of Unusual Items": 121858.336118,
        "Tax Rate For Calcs": 0.228199,
        "Normalized EBITDA": 7804000.0,
        "Total Unusual Items": 534000.0,
        "Total Unusual Items Excluding Goodwill": 534000.0,
        "Net Income From Continuing Operation Net Minority Interest": 3759000.0,
        "Reconciled Depreciation": 2342000.0,
        "Reconciled Cost Of Revenue": 14498000.0,
        "EBITDA": 8338000.0,
        "EBIT": 5996000.0,
        "Net Interest Income": -10000.0,
        "Interest Expense": 10000.0,
        "Normalized Income": 3346858.336118,
        "Net Income From Continuing And Discontinued Operation": 3759000.0,
        "Total Expenses": 20501000.0,
        "Total Operating Income As Reported": 4885000.0,
        "Diluted Average Shares": 6565000.0,
        "Basic Average Shares": 6437000.0,
        "Diluted EPS": 0.54,
        "Basic EPS": 0.55,
        "Diluted NI Availto Com Stockholders": 3525000.0,
        "Net Income Common Stockholders": 3525000.0,
        "Otherunder Preferred Stock Dividend": 59000.0,
        "Preferred Stock Dividends": 175000.0,
        "Net Income": 3759000.0,
        "Minority Interests": -861000.0,
        "Net Income Including Noncontrolling Interests": 4620000.0,
        "Net Income Continuous Operations": 4620000.0,
        "Tax Provision": 1366000.0,
        "Pretax Income": 5986000.0,
        "Other Income Expense": 1111000.0,
        "Other Non Operating Income Expenses": 577000.0,
        "Gain On Sale Of Security": 534000.0,
        "Net Non Operating Interest Income Expense": -10000.0,
        "Interest Expense Non Operating": 10000.0,
        "Operating Income": 4885000.0,
        "Operating Expense": 6003000.0,
        "Research And Development": 416000.0,
        "Selling General And Administration": 5587000.0,
        "Gross Profit": 10888000.0,
        "Cost Of Revenue": 14498000.0,
        "Total Revenue": 25386000.0,
        "Operating Revenue": 25386000.0
    },
    "2024-03-31": {
        "Tax Effect Of Unusual Items": 115290.0,
        "Tax Rate For Calcs": 0.21,
        "Normalized EBITDA": 6060000.0,
        "Total Unusual Items": 549000.0,
        "Total Unusual Items Excluding Goodwill": 549000.0,
        "Net Income From Continuing Operation Net Minority Interest": 1872000.0,
        "Reconciled Depreciation": 2269000.0,
        "Reconciled Cost Of Revenue": 13965000.0,
        "EBITDA": 6609000.0,
        "EBIT": 4340000.0,
        "Net Interest Income": -9000.0,
        "Interest Expense": 9000.0,
        "Normalized Income": 1438290.0,
        "Net Income From Continuing And Discontinued Operation": 1872000.0,
        "Total Expenses": 21972000.0,
        "Total Operating Income As Reported": 3746000.0,
        "Diluted Average Shares": 6463000.0,
        "Basic Average Shares": 6335000.0,
        "Diluted EPS": 0.27,
        "Basic EPS": 0.28,
        "Diluted NI Availto Com Stockholders": 1755000.0,
        "Net Income Common Stockholders": 1755000.0,
        "Otherunder Preferred Stock Dividend": 30000.0,
        "Preferred Stock Dividends": 87000.0,
        "Net Income": 1872000.0,
        "Minority Interests": -611000.0,
        "Net Income Including Noncontrolling Interests": 2483000.0,
        "Net Income Continuous Operations": 2483000.0,
        "Tax Provision": 1848000.0,
        "Pretax Income": 4331000.0,
        "Other Income Expense": 594000.0,
        "Other Non Operating Income Expenses": 45000.0,
        "Gain On Sale Of Security": 549000.0,
        "Net Non Operating Interest Income Expense": -9000.0,
        "Interest Expense Non Operating": 9000.0,
        "Operating Income": 3746000.0,
        "Operating Expense": 8007000.0,
        "Research And Development": 414000.0,
        "Selling General And Administration": 7593000.0,
        "Gross Profit": 11753000.0,
        "Cost Of Revenue": 13965000.0,
        "Total Revenue": 25718000.0,
        "Operating Revenue": 25718000.0
    },
    "2024-06-30": {
        "Tax Effect Of Unusual Items": 83646.793772,
        "Tax Rate For Calcs": 0.148468,
        "Normalized EBITDA": 3444167.0,
        "Total Unusual Items": 563398.0,
        "Total Unusual Items Excluding Goodwill": 563398.0,
        "Net Income From Continuing Operation Net Minority Interest": 830396.0,
        "Reconciled Depreciation": 2078183.0,
        "Reconciled Cost Of Revenue": 15348044.0,
        "EBITDA": 4007565.0,
        "EBIT": 1929382.0,
        "Net Interest Income": -9997.0,
        "Interest Expense": 9997.0,
        "Normalized Income": 350644.793772,
        "Net Income From Continuing And Discontinued Operation": 830396.0,
        "Total Expenses": 24609725.0,
        "Total Operating Income As Reported": 1333364.0,
        "Diluted Average Shares": NaN,
        "Basic Average Shares": NaN,
        "Diluted EPS": NaN,
        "Basic EPS": NaN,
        "Diluted NI Availto Com Stockholders": 778920.0,
        "Net Income Common Stockholders": 778920.0,
        "Otherunder Preferred Stock Dividend": 12700.0,
        "Preferred Stock Dividends": 38776.0,
        "Net Income": 830396.0,
        "Minority Interests": -804021.0,
        "Net Income Including Noncontrolling Interests": 1634417.0,
        "Net Income Continuous Operations": 1634417.0,
        "Tax Provision": 284968.0,
        "Pretax Income": 1919385.0,
        "Other Income Expense": 596018.0,
        "Other Non Operating Income Expenses": 32620.0,
        "Gain On Sale Of Security": 563398.0,
        "Net Non Operating Interest Income Expense": -9997.0,
        "Interest Expense Non Operating": 9997.0,
        "Operating Income": 1333364.0,
        "Operating Expense": 9261681.0,
        "Research And Development": 438949.0,
        "Selling General And Administration": 8822732.0,
        "Gross Profit": 10595045.0,
        "Cost Of Revenue": 15348044.0,
        "Total Revenue": 25943089.0,
        "Operating Revenue": 25943089.0
    }
}