{
    "2023-03-31": {
        "Tax Effect Of Unusual Items": 0.0,
        "Tax Rate For Calcs": 0.034532,
        "Normalized EBITDA": 10045000.0,
        "Net Income From Continuing Operation Net Minority Interest": 1342000.0,
        "Reconciled Depreciation": 9954000.0,
        "Reconciled Cost Of Revenue": 106370000.0,
        "EBITDA": 10045000.0,
        "EBIT": 91000.0,
        "Net Interest Income": 1276000.0,
        "Interest Expense": NaN,
        "Interest Income": NaN,
        "Normalized Income": 1342000.0,
        "Net Income From Continuing And Discontinued Operation": 1342000.0,
        "Total Expenses": 167357000.0,
        "Total Operating Income As Reported": 91000.0,
        "Diluted Average Shares": 77255000.0,
        "Basic Average Shares": 77066000.0,
        "Diluted EPS": 0.02,
        "Basic EPS": 0.02,
        "Diluted NI Availto Com Stockholders": 1342000.0,
        "Net Income Common Stockholders": 1342000.0,
        "Net Income": 1342000.0,
        "Net Income Including Noncontrolling Interests": 1342000.0,
        "Net Income Continuous Operations": 1342000.0,
        "Tax Provision": 48000.0,
        "Pretax Income": 1390000.0,
        "Other Income Expense": 23000.0,
        "Other Non Operating Income Expenses": 23000.0,
        "Net Non Operating Interest Income Expense": 1276000.0,
        "Total Other Finance Cost": -1276000.0,
        "Interest Expense Non Operating": NaN,
        "Interest Income Non Operating": NaN,
        "Operating Income": 91000.0,
        "Operating Expense": 60987000.0,
        "Research And Development": 28245000.0,
        "Selling General And Administration": 32742000.0,
        "General And Administrative Expense": NaN,
        "Other Gand A": NaN,
        "Salaries And Wages": NaN,
        "Gross Profit": 61078000.0,
        "Cost Of Revenue": 106370000.0,
        "Total Revenue": 167448000.0,
        "Operating Revenue": 167448000.0
    },
    "2022-12-31": {
        "Tax Effect Of Unusual Items": 0.0,
        "Tax Rate For Calcs": 0.111808,
        "Normalized EBITDA": -5547000.0,
        "Net Income From Continuing Operation Net Minority Interest": -13727000.0,
        "Reconciled Depreciation": 9792000.0,
        "Reconciled Cost Of Revenue": 120784000.0,
        "EBITDA": -5547000.0,
        "EBIT": -15339000.0,
        "Net Interest Income": 957000.0,
        "Interest Expense": 116000.0,
        "Interest Income": 1073000.0,
        "Normalized Income": -13727000.0,
        "Net Income From Continuing And Discontinued Operation": -13727000.0,
        "Total Expenses": 181932000.0,
        "Total Operating Income As Reported": -15945000.0,
        "Diluted Average Shares": 77328000.0,
        "Basic Average Shares": 76924000.0,
        "Diluted EPS": -0.18,
        "Basic EPS": -0.18,
        "Diluted NI Availto Com Stockholders": -13727000.0,
        "Net Income Common Stockholders": -13727000.0,
        "Net Income": -13727000.0,
        "Net Income Including Noncontrolling Interests": -13727000.0,
        "Net Income Continuous Operations": -13727000.0,
        "Tax Provision": -1728000.0,
        "Pretax Income": -15455000.0,
        "Other Income Expense": -467000.0,
        "Other Non Operating Income Expenses": -467000.0,
        "Net Non Operating Interest Income Expense": 957000.0,
        "Total Other Finance Cost": NaN,
        "Interest Expense Non Operating": 116000.0,
        "Interest Income Non Operating": 1073000.0,
        "Operating Income": -15945000.0,
        "Operating Expense": 61148000.0,
        "Research And Development": 27222000.0,
        "Selling General And Administration": 33926000.0,
        "General And Administrative Expense": NaN,
        "Other Gand A": NaN,
        "Salaries And Wages": NaN,
        "Gross Profit": 45203000.0,
        "Cost Of Revenue": 120784000.0,
        "Total Revenue": 165987000.0,
        "Operating Revenue": 165987000.0
    },
    "2022-09-30": {
        "Tax Effect Of Unusual Items": 0.0,
        "Tax Rate For Calcs": 0.226489,
        "Normalized EBITDA": 15174000.0,
        "Net Income From Continuing Operation Net Minority Interest": 4351000.0,
        "Reconciled Depreciation": 9397000.0,
        "Reconciled Cost Of Revenue": 118656000.0,
        "EBITDA": 15174000.0,
        "EBIT": 5777000.0,
        "Net Interest Income": 557000.0,
        "Interest Expense": 152000.0,
        "Interest Income": 709000.0,
        "Normalized Income": 4351000.0,
        "Net Income From Continuing And Discontinued Operation": 4351000.0,
        "Total Expenses": 176842000.0,
        "Total Operating Income As Reported": 4027000.0,
        "Diluted Average Shares": 77688000.0,
        "Basic Average Shares": 77245000.0,
        "Diluted EPS": 0.06,
        "Basic EPS": 0.06,
        "Diluted NI Availto Com Stockholders": 4351000.0,
        "Net Income Common Stockholders": 4351000.0,
        "Net Income": 4351000.0,
        "Net Income Including Noncontrolling Interests": 4351000.0,
        "Net Income Continuous Operations": 4351000.0,
        "Tax Provision": 1274000.0,
        "Pretax Income": 5625000.0,
        "Other Income Expense": 1041000.0,
        "Other Non Operating Income Expenses": 1041000.0,
        "Net Non Operating Interest Income Expense": 557000.0,
        "Total Other Finance Cost": NaN,
        "Interest Expense Non Operating": 152000.0,
        "Interest Income Non Operating": 709000.0,
        "Operating Income": 4027000.0,
        "Operating Expense": 58186000.0,
        "Research And Development": 26549000.0,
        "Selling General And Administration": 31637000.0,
        "General And Administrative Expense": NaN,
        "Other Gand A": NaN,
        "Salaries And Wages": NaN,
        "Gross Profit": 62213000.0,
        "Cost Of Revenue": 118656000.0,
        "Total Revenue": 180869000.0,
        "Operating Revenue": 180869000.0
    },
    "2022-06-30": {
        "Tax Effect Of Unusual Items": 0.0,
        "Tax Rate For Calcs": 0.093954,
        "Normalized EBITDA": 43016000.0,
        "Net Income From Continuing Operation Net Minority Interest": 30242000.0,
        "Reconciled Depreciation": 9519000.0,
        "Reconciled Cost Of Revenue": 109538000.0,
        "EBITDA": 43016000.0,
        "EBIT": 33497000.0,
        "Net Interest Income": 181000.0,
        "Interest Expense": 119000.0,
        "Interest Income": 300000.0,
        "Normalized Income": 30242000.0,
        "Net Income From Continuing And Discontinued Operation": 30242000.0,
        "Total Expenses": 171261000.0,
        "Total Operating Income As Reported": 32646000.0,
        "Diluted Average Shares": 79210000.0,
        "Basic Average Shares": 77897000.0,
        "Diluted EPS": 0.38,
        "Basic EPS": 0.39,
        "Diluted NI Availto Com Stockholders": 30242000.0,
        "Net Income Common Stockholders": 30242000.0,
        "Net Income": 30242000.0,
        "Net Income Including Noncontrolling Interests": 30242000.0,
        "Net Income Continuous Operations": 30242000.0,
        "Tax Provision": 3136000.0,
        "Pretax Income": 33378000.0,
        "Other Income Expense": 551000.0,
        "Other Non Operating Income Expenses": 551000.0,
        "Net Non Operating Interest Income Expense": 181000.0,
        "Total Other Finance Cost": NaN,
        "Interest Expense Non Operating": 119000.0,
        "Interest Income Non Operating": 300000.0,
        "Operating Income": 32646000.0,
        "Operating Expense": 61723000.0,
        "Research And Development": 28317000.0,
        "Selling General And Administration": 33406000.0,
        "General And Administrative Expense": NaN,
        "Other Gand A": NaN,
        "Salaries And Wages": NaN,
        "Gross Profit": 94369000.0,
        "Cost Of Revenue": 109538000.0,
        "Total Revenue": 203907000.0,
        "Operating Revenue": 203907000.0
    },
    "2023-06-30": {
        "Tax Effect Of Unusual Items": 0.0,
        "Tax Rate For Calcs": 0.4,
        "Normalized EBITDA": 8621000.0,
        "Net Income From Continuing Operation Net Minority Interest": 828000.0,
        "Reconciled Depreciation": 9933000.0,
        "Reconciled Cost Of Revenue": 95633000.0,
        "EBITDA": 8621000.0,
        "EBIT": -1312000.0,
        "Net Interest Income": 1482000.0,
        "Interest Expense": NaN,
        "Interest Income": 1482000.0,
        "Normalized Income": 828000.0,
        "Net Income From Continuing And Discontinued Operation": 828000.0,
        "Total Expenses": 157228000.0,
        "Total Operating Income As Reported": -1312000.0,
        "Diluted Average Shares": 77616000.0,
        "Basic Average Shares": 77159000.0,
        "Diluted EPS": 0.01,
        "Basic EPS": 0.01,
        "Diluted NI Availto Com Stockholders": 828000.0,
        "Net Income Common Stockholders": 828000.0,
        "Net Income": 828000.0,
        "Net Income Including Noncontrolling Interests": 828000.0,
        "Net Income Continuous Operations": 828000.0,
        "Tax Provision": -208000.0,
        "Pretax Income": 620000.0,
        "Other Income Expense": 450000.0,
        "Other Non Operating Income Expenses": 450000.0,
        "Net Non Operating Interest Income Expense": 1482000.0,
        "Total Other Finance Cost": -1482000.0,
        "Interest Expense Non Operating": NaN,
        "Interest Income Non Operating": 1482000.0,
        "Operating Income": -1312000.0,
        "Operating Expense": 61595000.0,
        "Research And Development": 28340000.0,
        "Selling General And Administration": 33255000.0,
        "General And Administrative Expense": 33255000.0,
        "Other Gand A": 27929000.0,
        "Salaries And Wages": 5326000.0,
        "Gross Profit": 60283000.0,
        "Cost Of Revenue": 95633000.0,
        "Total Revenue": 155916000.0,
        "Operating Revenue": 155916000.0
    },
    "2022-03-31": {
        "Diluted EPS": 0.38,
        "Total Revenue": 197,
        "Gross Profit": 94,
        "Operating Income": 34,
        "EBIT": 44,
        "Net Income": 30
    },
    "2021-12-31": {
        "Diluted EPS": 0.32,
        "Total Revenue": 205,
        "Gross Profit": 90,
        "Operating Income": 32,
        "EBIT": 41,
        "Net Income": 26
    },
    "2021-09-30": {
        "Diluted EPS": 0.26,
        "Total Revenue": 190,
        "Gross Profit": 80,
        "Operating Income": 23,
        "EBIT": 32,
        "Net Income": 20
    },
    "2021-06-30": {
        "Diluted EPS": 0.23,
        "Total Revenue": 188,
        "Gross Profit": 76,
        "Operating Income": 20,
        "EBIT": 34,
        "Net Income": 18
    },
    "2021-03-31": {
        "Diluted EPS": 0.25,
        "Total Revenue": 187,
        "Gross Profit": 77,
        "Operating Income": 23,
        "EBIT": 36,
        "Net Income": 20
    },
    "2020-12-31": {
        "Diluted EPS": 0.24,
        "Total Revenue": 197,
        "Gross Profit": 78,
        "Operating Income": 21,
        "EBIT": 35,
        "Net Income": 19
    },
    "2020-09-30": {
        "Diluted EPS": 0.29,
        "Total Revenue": 178,
        "Gross Profit": 77,
        "Operating Income": 22,
        "EBIT": 34,
        "Net Income": 23
    },
    "2020-06-30": {
        "Diluted EPS": 0.26,
        "Total Revenue": 158,
        "Gross Profit": 66,
        "Operating Income": 22,
        "EBIT": 34,
        "Net Income": 20
    },
    "2020-03-31": {
        "Diluted EPS": 0.2,
        "Total Revenue": 161,
        "Gross Profit": 67,
        "Operating Income": 18,
        "EBIT": 30,
        "Net Income": 16
    },
    "2019-12-31": {
        "Diluted EPS": 0.24,
        "Total Revenue": 179,
        "Gross Profit": 74,
        "Operating Income": 24,
        "EBIT": 35,
        "Net Income": 19
    },
    "2019-09-30": {
        "Diluted EPS": 0.11,
        "Total Revenue": 141,
        "Gross Profit": 55,
        "Operating Income": 9,
        "EBIT": 20,
        "Net Income": 8
    },
    "2019-06-30": {
        "Diluted EPS": 0.09,
        "Total Revenue": 138,
        "Gross Profit": 55,
        "Operating Income": 9,
        "EBIT": 20,
        "Net Income": 7
    },
    "2019-03-31": {
        "Diluted EPS": 0.07,
        "Total Revenue": 132,
        "Gross Profit": 53,
        "Operating Income": 8,
        "EBIT": 19,
        "Net Income": 5
    },
    "2018-12-31": {
        "Diluted EPS": 1.13,
        "Total Revenue": 141,
        "Gross Profit": 56,
        "Operating Income": 12,
        "EBIT": 23,
        "Net Income": 85
    },
    "2018-09-30": {
        "Diluted EPS": 0.1,
        "Total Revenue": 135,
        "Gross Profit": 53,
        "Operating Income": 9,
        "EBIT": 21,
        "Net Income": 8
    },
    "2018-06-30": {
        "Diluted EPS": 0.12,
        "Total Revenue": 136,
        "Gross Profit": 56,
        "Operating Income": 11,
        "EBIT": 22,
        "Net Income": 9
    },
    "2018-03-31": {
        "Diluted EPS": 0.03,
        "Total Revenue": 118,
        "Gross Profit": 45,
        "Operating Income": 4,
        "EBIT": 14,
        "Net Income": 2
    },
    "2017-12-31": {
        "Diluted EPS": 0.07,
        "Total Revenue": 132,
        "Gross Profit": 49,
        "Operating Income": 5,
        "EBIT": 17,
        "Net Income": 6
    },
    "2017-09-30": {
        "Diluted EPS": 0.17,
        "Total Revenue": 144,
        "Gross Profit": 58,
        "Operating Income": 14,
        "EBIT": 25,
        "Net Income": 13
    },
    "2017-06-30": {
        "Diluted EPS": 0.24,
        "Total Revenue": 144,
        "Gross Profit": 62,
        "Operating Income": 20,
        "EBIT": 31,
        "Net Income": 18
    },
    "2017-03-31": {
        "Diluted EPS": 0.07,
        "Total Revenue": 129,
        "Gross Profit": 48,
        "Operating Income": 7,
        "EBIT": 19,
        "Net Income": 5
    },
    "2016-12-31": {
        "Diluted EPS": -0.27,
        "Total Revenue": 124,
        "Gross Profit": 40,
        "Operating Income": -15,
        "EBIT": -1,
        "Net Income": -15
    },
    "2016-09-30": {
        "Diluted EPS": -0.2,
        "Total Revenue": 123,
        "Gross Profit": 27,
        "Operating Income": -13,
        "EBIT": 10,
        "Net Income": -14
    },
    "2016-06-30": {
        "Diluted EPS": 0.61,
        "Total Revenue": 83,
        "Gross Profit": 25,
        "Operating Income": -7,
        "EBIT": -1,
        "Net Income": 37
    },
    "2016-03-31": {
        "Diluted EPS": -0.24,
        "Total Revenue": 54,
        "Gross Profit": 10,
        "Operating Income": -14,
        "EBIT": -8,
        "Net Income": -14
    },
    "2015-12-31": {
        "Diluted EPS": -0.01,
        "Total Revenue": 72,
        "Gross Profit": 21,
        "Operating Income": -1,
        "EBIT": 5,
        "Net Income": -1
    },
    "2015-09-30": {
        "Diluted EPS": -0.04,
        "Total Revenue": 66,
        "Gross Profit": 18,
        "Operating Income": -3,
        "EBIT": 3,
        "Net Income": -3
    },
    "2015-06-30": {
        "Diluted EPS": 0.01,
        "Total Revenue": 74,
        "Gross Profit": 23,
        "Operating Income": 1,
        "EBIT": 7,
        "Net Income": 1
    },
    "2015-03-31": {
        "Diluted EPS": 0.01,
        "Total Revenue": 71,
        "Gross Profit": 23,
        "Operating Income": -1,
        "EBIT": 5,
        "Net Income": 1
    },
    "2014-12-31": {
        "Diluted EPS": -0.03,
        "Total Revenue": 71,
        "Gross Profit": 21,
        "Operating Income": -3,
        "EBIT": 3,
        "Net Income": -2
    },
    "2014-09-30": {
        "Diluted EPS": 0.0,
        "Total Revenue": 74,
        "Gross Profit": 24,
        "Operating Income": 0,
        "EBIT": 8,
        "Net Income": 0
    },
    "2014-06-30": {
        "Diluted EPS": -0.08,
        "Total Revenue": 67,
        "Gross Profit": 20,
        "Operating Income": -4,
        "EBIT": 4,
        "Net Income": -4
    },
    "2014-03-31": {
        "Diluted EPS": -0.23,
        "Total Revenue": 56,
        "Gross Profit": 12,
        "Operating Income": -12,
        "EBIT": -4,
        "Net Income": -13
    },
    "2013-12-31": {
        "Diluted EPS": -0.33,
        "Total Revenue": 49,
        "Gross Profit": 4,
        "Operating Income": -19,
        "EBIT": -12,
        "Net Income": -19
    },
    "2013-09-30": {
        "Diluted EPS": -0.2,
        "Total Revenue": 68,
        "Gross Profit": 13,
        "Operating Income": -11,
        "EBIT": -3,
        "Net Income": -11
    },
    "2013-06-30": {
        "Diluted EPS": -0.16,
        "Total Revenue": 63,
        "Gross Profit": 16,
        "Operating Income": -9,
        "EBIT": -1,
        "Net Income": -8
    },
    "2013-03-31": {
        "Diluted EPS": -0.37,
        "Total Revenue": 53,
        "Gross Profit": 9,
        "Operating Income": -21,
        "EBIT": -13,
        "Net Income": -20
    },
    "2012-12-31": {
        "Diluted EPS": 0.02,
        "Total Revenue": 48,
        "Gross Profit": -3,
        "Operating Income": -25,
        "EBIT": -16,
        "Net Income": 1
    },
    "2012-09-30": {
        "Diluted EPS": -0.29,
        "Total Revenue": 41,
        "Gross Profit": 8,
        "Operating Income": -15,
        "EBIT": -12,
        "Net Income": -14
    },
    "2012-06-30": {
        "Diluted EPS": -0.08,
        "Total Revenue": 55,
        "Gross Profit": 16,
        "Operating Income": -6,
        "EBIT": -4,
        "Net Income": -4
    },
    "2012-03-31": {
        "Diluted EPS": -0.35,
        "Total Revenue": 35,
        "Gross Profit": 4,
        "Operating Income": -18,
        "EBIT": -15,
        "Net Income": -17
    },
    "2011-12-31": {
        "Diluted EPS": -0.54,
        "Total Revenue": 30,
        "Gross Profit": -5,
        "Operating Income": -28,
        "EBIT": -26,
        "Net Income": -27
    },
    "2011-09-30": {
        "Diluted EPS": -0.2,
        "Total Revenue": 52,
        "Gross Profit": 12,
        "Operating Income": -10,
        "EBIT": -7,
        "Net Income": -10
    },
    "2011-06-30": {
        "Diluted EPS": -0.15,
        "Total Revenue": 47,
        "Gross Profit": 10,
        "Operating Income": -11,
        "EBIT": -8,
        "Net Income": -8
    },
    "2011-03-31": {
        "Diluted EPS": -0.42,
        "Total Revenue": 40,
        "Gross Profit": 4,
        "Operating Income": -21,
        "EBIT": -18,
        "Net Income": -21
    },
    "2010-12-31": {
        "Diluted EPS": -0.4,
        "Total Revenue": 44,
        "Gross Profit": 3,
        "Operating Income": -24,
        "EBIT": -20,
        "Net Income": -20
    },
    "2010-09-30": {
        "Diluted EPS": -1.9,
        "Total Revenue": 47,
        "Gross Profit": -7,
        "Operating Income": -100,
        "EBIT": -92,
        "Net Income": -96
    },
    "2010-06-30": {
        "Diluted EPS": -0.68,
        "Total Revenue": 58,
        "Gross Profit": 4,
        "Operating Income": -34,
        "EBIT": -26,
        "Net Income": -34
    },
    "2010-03-31": {
        "Diluted EPS": -0.77,
        "Total Revenue": 40,
        "Gross Profit": -2,
        "Operating Income": -39,
        "EBIT": -30,
        "Net Income": -38
    },
    "2009-12-31": {
        "Diluted EPS": -0.57,
        "Total Revenue": 33,
        "Gross Profit": -2,
        "Operating Income": -36,
        "EBIT": -27,
        "Net Income": -28
    },
    "2009-09-30": {
        "Diluted EPS": -0.48,
        "Total Revenue": 44,
        "Gross Profit": 8,
        "Operating Income": -24,
        "EBIT": -16,
        "Net Income": -24
    },
    "2009-06-30": {
        "Diluted EPS": -1.33,
        "Total Revenue": 31,
        "Gross Profit": -1,
        "Operating Income": -34,
        "EBIT": -26,
        "Net Income": -66
    },
    "2009-03-31": {
        "Diluted EPS": -0.77,
        "Total Revenue": 27,
        "Gross Profit": -4,
        "Operating Income": -52,
        "EBIT": -44,
        "Net Income": -38
    }
}