{
    "2023-06-30": {
        "Tax Effect Of Unusual Items": -3611567.888999,
        "Tax Rate For Calcs": 0.342914,
        "Normalized EBITDA": 24593000.0,
        "Total Unusual Items": -10532000.0,
        "Total Unusual Items Excluding Goodwill": -10532000.0,
        "Net Income From Continuing Operation Net Minority Interest": 5304000.0,
        "Reconciled Depreciation": 5259000.0,
        "Reconciled Cost Of Revenue": 54614000.0,
        "EBITDA": 14061000.0,
        "EBIT": 8802000.0,
        "Net Interest Income": -730000.0,
        "Interest Expense": 730000.0,
        "Normalized Income": 12224432.111001,
        "Net Income From Continuing And Discontinued Operation": 5304000.0,
        "Total Expenses": 116769000.0,
        "Total Operating Income As Reported": 8288000.0,
        "Diluted Average Shares": 19258000.0,
        "Basic Average Shares": 19193000.0,
        "Diluted EPS": 0.28,
        "Basic EPS": 0.28,
        "Diluted NI Availto Com Stockholders": 5304000.0,
        "Net Income Common Stockholders": 5304000.0,
        "Net Income": 5304000.0,
        "Net Income Including Noncontrolling Interests": 5304000.0,
        "Net Income Continuous Operations": 5304000.0,
        "Tax Provision": 2768000.0,
        "Pretax Income": 8072000.0,
        "Other Income Expense": -10018000.0,
        "Other Non Operating Income Expenses": 514000.0,
        "Special Income Charges": -10532000.0,
        "Restructuring And Mergern Acquisition": 10532000.0,
        "Gain On Sale Of Security": NaN,
        "Net Non Operating Interest Income Expense": -730000.0,
        "Interest Expense Non Operating": 730000.0,
        "Operating Income": 18820000.0,
        "Operating Expense": 62155000.0,
        "Depreciation Amortization Depletion Income Statement": 5259000.0,
        "Depreciation And Amortization In Income Statement": 5259000.0,
        "Amortization": 3068000.0,
        "Amortization Of Intangibles Income Statement": 3068000.0,
        "Depreciation Income Statement": 2191000.0,
        "Selling General And Administration": 56896000.0,
        "Selling And Marketing Expense": 41581000.0,
        "General And Administrative Expense": 15315000.0,
        "Other Gand A": 15315000.0,
        "Salaries And Wages": 1651000.0,
        "Gross Profit": 80975000.0,
        "Cost Of Revenue": 54614000.0,
        "Total Revenue": 135589000.0,
        "Operating Revenue": 135589000.0
    },
    "2023-03-31": {
        "Tax Effect Of Unusual Items": -460810.0,
        "Tax Rate For Calcs": 0.29,
        "Normalized EBITDA": 2169000.0,
        "Total Unusual Items": -1589000.0,
        "Total Unusual Items Excluding Goodwill": -1589000.0,
        "Net Income From Continuing Operation Net Minority Interest": -4075000.0,
        "Reconciled Depreciation": 5170000.0,
        "Reconciled Cost Of Revenue": 49292000.0,
        "EBITDA": 580000.0,
        "EBIT": -4590000.0,
        "Net Interest Income": -793000.0,
        "Interest Expense": 793000.0,
        "Normalized Income": -2946810.0,
        "Net Income From Continuing And Discontinued Operation": -4075000.0,
        "Total Expenses": 117221000.0,
        "Total Operating Income As Reported": -5140000.0,
        "Diluted Average Shares": 19108000.0,
        "Basic Average Shares": 19108000.0,
        "Diluted EPS": -0.21,
        "Basic EPS": -0.21,
        "Diluted NI Availto Com Stockholders": -4075000.0,
        "Net Income Common Stockholders": -4075000.0,
        "Net Income": -4075000.0,
        "Net Income Including Noncontrolling Interests": -4075000.0,
        "Net Income Continuous Operations": -4075000.0,
        "Tax Provision": -1308000.0,
        "Pretax Income": -5383000.0,
        "Other Income Expense": -1039000.0,
        "Other Non Operating Income Expenses": 550000.0,
        "Special Income Charges": -1589000.0,
        "Restructuring And Mergern Acquisition": 1589000.0,
        "Gain On Sale Of Security": NaN,
        "Net Non Operating Interest Income Expense": -793000.0,
        "Interest Expense Non Operating": 793000.0,
        "Operating Income": -3551000.0,
        "Operating Expense": 67929000.0,
        "Depreciation Amortization Depletion Income Statement": 5170000.0,
        "Depreciation And Amortization In Income Statement": 5170000.0,
        "Amortization": 3066000.0,
        "Amortization Of Intangibles Income Statement": 3066000.0,
        "Depreciation Income Statement": 2104000.0,
        "Selling General And Administration": 62759000.0,
        "Selling And Marketing Expense": 41532000.0,
        "General And Administrative Expense": 21227000.0,
        "Other Gand A": 21227000.0,
        "Salaries And Wages": NaN,
        "Gross Profit": 64378000.0,
        "Cost Of Revenue": 49292000.0,
        "Total Revenue": 113670000.0,
        "Operating Revenue": 113670000.0
    },
    "2022-12-31": {
        "Tax Effect Of Unusual Items": -1984920.0,
        "Tax Rate For Calcs": 0.21,
        "Normalized EBITDA": 11658000.0,
        "Total Unusual Items": -9452000.0,
        "Total Unusual Items Excluding Goodwill": -9452000.0,
        "Net Income From Continuing Operation Net Minority Interest": -1630000.0,
        "Reconciled Depreciation": 5370000.0,
        "Reconciled Cost Of Revenue": 56814000.0,
        "EBITDA": 2206000.0,
        "EBIT": -3164000.0,
        "Net Interest Income": -729000.0,
        "Interest Expense": 729000.0,
        "Normalized Income": 5837080.0,
        "Net Income From Continuing And Discontinued Operation": -1630000.0,
        "Total Expenses": 130633000.0,
        "Total Operating Income As Reported": -3077000.0,
        "Diluted Average Shares": 19051000.0,
        "Basic Average Shares": 19051000.0,
        "Diluted EPS": -0.09,
        "Basic EPS": -0.09,
        "Diluted NI Availto Com Stockholders": -1630000.0,
        "Net Income Common Stockholders": -1630000.0,
        "Net Income": -1630000.0,
        "Net Income Including Noncontrolling Interests": -1630000.0,
        "Net Income Continuous Operations": -1630000.0,
        "Tax Provision": -2263000.0,
        "Pretax Income": -3893000.0,
        "Other Income Expense": -9422000.0,
        "Other Non Operating Income Expenses": 30000.0,
        "Special Income Charges": -9335000.0,
        "Restructuring And Mergern Acquisition": 9335000.0,
        "Gain On Sale Of Security": -117000.0,
        "Net Non Operating Interest Income Expense": -729000.0,
        "Interest Expense Non Operating": 729000.0,
        "Operating Income": 6258000.0,
        "Operating Expense": 73819000.0,
        "Depreciation Amortization Depletion Income Statement": 5370000.0,
        "Depreciation And Amortization In Income Statement": 5370000.0,
        "Amortization": 3093000.0,
        "Amortization Of Intangibles Income Statement": 3093000.0,
        "Depreciation Income Statement": 2277000.0,
        "Selling General And Administration": 68449000.0,
        "Selling And Marketing Expense": 48691000.0,
        "General And Administrative Expense": 19758000.0,
        "Other Gand A": 19758000.0,
        "Salaries And Wages": NaN,
        "Gross Profit": 80077000.0,
        "Cost Of Revenue": 56814000.0,
        "Total Revenue": 136891000.0,
        "Operating Revenue": 136891000.0
    },
    "2022-09-30": {
        "Tax Effect Of Unusual Items": 0.0,
        "Tax Rate For Calcs": 0.349201,
        "Normalized EBITDA": 14629000.0,
        "Total Unusual Items": 0.0,
        "Total Unusual Items Excluding Goodwill": 0.0,
        "Net Income From Continuing Operation Net Minority Interest": 5414000.0,
        "Reconciled Depreciation": 5726000.0,
        "Reconciled Cost Of Revenue": 52717000.0,
        "EBITDA": 14629000.0,
        "EBIT": 8903000.0,
        "Net Interest Income": -584000.0,
        "Interest Expense": 584000.0,
        "Normalized Income": 5414000.0,
        "Net Income From Continuing And Discontinued Operation": 5414000.0,
        "Total Expenses": 119122000.0,
        "Total Operating Income As Reported": 8557000.0,
        "Diluted Average Shares": 19139000.0,
        "Basic Average Shares": 18958000.0,
        "Diluted EPS": 0.28,
        "Basic EPS": 0.29,
        "Diluted NI Availto Com Stockholders": 5414000.0,
        "Net Income Common Stockholders": 5414000.0,
        "Net Income": 5414000.0,
        "Net Income Including Noncontrolling Interests": 5414000.0,
        "Net Income Continuous Operations": 5414000.0,
        "Tax Provision": 2905000.0,
        "Pretax Income": 8319000.0,
        "Other Income Expense": 346000.0,
        "Other Non Operating Income Expenses": 346000.0,
        "Special Income Charges": 0.0,
        "Restructuring And Mergern Acquisition": 0.0,
        "Gain On Sale Of Security": NaN,
        "Net Non Operating Interest Income Expense": -584000.0,
        "Interest Expense Non Operating": 584000.0,
        "Operating Income": 8557000.0,
        "Operating Expense": 66405000.0,
        "Depreciation Amortization Depletion Income Statement": 5726000.0,
        "Depreciation And Amortization In Income Statement": 5726000.0,
        "Amortization": 3352000.0,
        "Amortization Of Intangibles Income Statement": 3352000.0,
        "Depreciation Income Statement": 2374000.0,
        "Selling General And Administration": 60679000.0,
        "Selling And Marketing Expense": 44231000.0,
        "General And Administrative Expense": 16448000.0,
        "Other Gand A": 16448000.0,
        "Salaries And Wages": NaN,
        "Gross Profit": 74962000.0,
        "Cost Of Revenue": 52717000.0,
        "Total Revenue": 127679000.0,
        "Operating Revenue": 127679000.0
    },
    "2022-06-30": {
        "Tax Effect Of Unusual Items": 0.0,
        "Tax Rate For Calcs": 0.31,
        "Normalized EBITDA": 26459000.0,
        "Total Unusual Items": 0.0,
        "Total Unusual Items Excluding Goodwill": 0.0,
        "Net Income From Continuing Operation Net Minority Interest": 13874000.0,
        "Reconciled Depreciation": 5653000.0,
        "Reconciled Cost Of Revenue": 60991000.0,
        "EBITDA": 26459000.0,
        "EBIT": 20806000.0,
        "Net Interest Income": -535000.0,
        "Interest Expense": 535000.0,
        "Normalized Income": 13874000.0,
        "Net Income From Continuing And Discontinued Operation": 13874000.0,
        "Total Expenses": 127543000.0,
        "Total Operating Income As Reported": 20703000.0,
        "Diluted Average Shares": 19173000.0,
        "Basic Average Shares": 18871000.0,
        "Diluted EPS": 0.72,
        "Basic EPS": 0.74,
        "Diluted NI Availto Com Stockholders": 13874000.0,
        "Net Income Common Stockholders": 13874000.0,
        "Net Income": 13874000.0,
        "Net Income Including Noncontrolling Interests": 13874000.0,
        "Net Income Continuous Operations": 13874000.0,
        "Tax Provision": 6397000.0,
        "Pretax Income": 20271000.0,
        "Other Income Expense": 103000.0,
        "Other Non Operating Income Expenses": 103000.0,
        "Special Income Charges": 0.0,
        "Restructuring And Mergern Acquisition": 0.0,
        "Gain On Sale Of Security": NaN,
        "Net Non Operating Interest Income Expense": -535000.0,
        "Interest Expense Non Operating": 535000.0,
        "Operating Income": 20703000.0,
        "Operating Expense": 66552000.0,
        "Depreciation Amortization Depletion Income Statement": 5653000.0,
        "Depreciation And Amortization In Income Statement": 5653000.0,
        "Amortization": 3354000.0,
        "Amortization Of Intangibles Income Statement": 3354000.0,
        "Depreciation Income Statement": 2299000.0,
        "Selling General And Administration": 60899000.0,
        "Selling And Marketing Expense": 44974000.0,
        "General And Administrative Expense": 15925000.0,
        "Other Gand A": 15925000.0,
        "Salaries And Wages": NaN,
        "Gross Profit": 87255000.0,
        "Cost Of Revenue": 60991000.0,
        "Total Revenue": 148246000.0,
        "Operating Revenue": 148246000.0
    },
    "2022-03-31": {
        "Diluted EPS": 0.22,
        "Total Revenue": 125,
        "Gross Profit": 72,
        "Operating Income": 6,
        "EBIT": 15,
        "Net Income": 4
    },
    "2021-12-31": {
        "Diluted EPS": 0.41,
        "Total Revenue": 134,
        "Gross Profit": 81,
        "Operating Income": 11,
        "EBIT": 20,
        "Net Income": 8
    },
    "2021-09-30": {
        "Diluted EPS": 0.23,
        "Total Revenue": 118,
        "Gross Profit": 68,
        "Operating Income": 7,
        "EBIT": 16,
        "Net Income": 5
    },
    "2021-06-30": {
        "Diluted EPS": 0.43,
        "Total Revenue": 129,
        "Gross Profit": 76,
        "Operating Income": 13,
        "EBIT": 23,
        "Net Income": 8
    },
    "2021-03-31": {
        "Diluted EPS": 0.21,
        "Total Revenue": 114,
        "Gross Profit": 66,
        "Operating Income": 8,
        "EBIT": 17,
        "Net Income": 4
    },
    "2020-12-31": {
        "Diluted EPS": 0.13,
        "Total Revenue": 121,
        "Gross Profit": 73,
        "Operating Income": 4,
        "EBIT": 15,
        "Net Income": 2
    },
    "2020-09-30": {
        "Diluted EPS": -0.2,
        "Total Revenue": 109,
        "Gross Profit": 62,
        "Operating Income": 0,
        "EBIT": 11,
        "Net Income": -4
    },
    "2020-06-30": {
        "Diluted EPS": 0.63,
        "Total Revenue": 114,
        "Gross Profit": 70,
        "Operating Income": 11,
        "EBIT": 22,
        "Net Income": 12
    },
    "2020-03-31": {
        "Diluted EPS": -0.03,
        "Total Revenue": 106,
        "Gross Profit": 63,
        "Operating Income": 1,
        "EBIT": 13,
        "Net Income": -1
    },
    "2019-12-31": {
        "Diluted EPS": 0.28,
        "Total Revenue": 124,
        "Gross Profit": 74,
        "Operating Income": 7,
        "EBIT": 18,
        "Net Income": 5
    },
    "2019-09-30": {
        "Diluted EPS": -0.15,
        "Total Revenue": 109,
        "Gross Profit": 64,
        "Operating Income": -2,
        "EBIT": 10,
        "Net Income": -3
    },
    "2019-06-30": {
        "Diluted EPS": 0.08,
        "Total Revenue": 128,
        "Gross Profit": 72,
        "Operating Income": 5,
        "EBIT": 15,
        "Net Income": 2
    },
    "2019-03-31": {
        "Diluted EPS": -0.73,
        "Total Revenue": 101,
        "Gross Profit": 56,
        "Operating Income": -11,
        "EBIT": 1,
        "Net Income": -13
    },
    "2018-12-31": {
        "Diluted EPS": 0.3,
        "Total Revenue": 99,
        "Gross Profit": 60,
        "Operating Income": 9,
        "EBIT": 11,
        "Net Income": 5
    },
    "2018-09-30": {
        "Diluted EPS": 0.21,
        "Total Revenue": 85,
        "Gross Profit": 51,
        "Operating Income": 5,
        "EBIT": 7,
        "Net Income": 4
    },
    "2018-06-30": {
        "Diluted EPS": 0.43,
        "Total Revenue": 96,
        "Gross Profit": 57,
        "Operating Income": 11,
        "EBIT": 13,
        "Net Income": 8
    },
    "2018-03-31": {
        "Diluted EPS": -0.1,
        "Total Revenue": 78,
        "Gross Profit": 44,
        "Operating Income": -2,
        "EBIT": 0,
        "Net Income": -2
    },
    "2017-12-31": {
        "Diluted EPS": 0.11,
        "Total Revenue": 90,
        "Gross Profit": 54,
        "Operating Income": 7,
        "EBIT": 10,
        "Net Income": 2
    },
    "2017-09-30": {
        "Diluted EPS": 0.22,
        "Total Revenue": 80,
        "Gross Profit": 48,
        "Operating Income": 7,
        "EBIT": 9,
        "Net Income": 4
    },
    "2017-06-30": {
        "Diluted EPS": 0.34,
        "Total Revenue": 90,
        "Gross Profit": 53,
        "Operating Income": 10,
        "EBIT": 12,
        "Net Income": 6
    },
    "2017-03-31": {
        "Diluted EPS": 0.16,
        "Total Revenue": 77,
        "Gross Profit": 46,
        "Operating Income": 3,
        "EBIT": 5,
        "Net Income": 3
    },
    "2016-12-31": {
        "Diluted EPS": 0.32,
        "Total Revenue": 83,
        "Gross Profit": 51,
        "Operating Income": 9,
        "EBIT": 11,
        "Net Income": 6
    },
    "2016-09-30": {
        "Diluted EPS": 0.17,
        "Total Revenue": 77,
        "Gross Profit": 48,
        "Operating Income": 8,
        "EBIT": 10,
        "Net Income": 3
    },
    "2016-06-30": {
        "Diluted EPS": 0.41,
        "Total Revenue": 88,
        "Gross Profit": 53,
        "Operating Income": 11,
        "EBIT": 14,
        "Net Income": 7
    },
    "2016-03-31": {
        "Diluted EPS": 0.07,
        "Total Revenue": 77,
        "Gross Profit": 46,
        "Operating Income": 3,
        "EBIT": 5,
        "Net Income": 1
    },
    "2015-12-31": {
        "Diluted EPS": 0.11,
        "Total Revenue": 81,
        "Gross Profit": 47,
        "Operating Income": 4,
        "EBIT": 6,
        "Net Income": 2
    },
    "2015-09-30": {
        "Diluted EPS": 0.25,
        "Total Revenue": 75,
        "Gross Profit": 46,
        "Operating Income": 5,
        "EBIT": 8,
        "Net Income": 4
    },
    "2015-06-30": {
        "Diluted EPS": 0.31,
        "Total Revenue": 83,
        "Gross Profit": 50,
        "Operating Income": 10,
        "EBIT": 13,
        "Net Income": 6
    },
    "2015-03-31": {
        "Diluted EPS": -0.01,
        "Total Revenue": 75,
        "Gross Profit": 44,
        "Operating Income": -1,
        "EBIT": 2,
        "Net Income": 0
    },
    "2014-12-31": {
        "Diluted EPS": 0.18,
        "Total Revenue": 81,
        "Gross Profit": 48,
        "Operating Income": 6,
        "EBIT": 9,
        "Net Income": 4
    },
    "2014-09-30": {
        "Diluted EPS": 0.16,
        "Total Revenue": 75,
        "Gross Profit": 45,
        "Operating Income": 5,
        "EBIT": 8,
        "Net Income": 3
    },
    "2014-06-30": {
        "Diluted EPS": 0.23,
        "Total Revenue": 83,
        "Gross Profit": 49,
        "Operating Income": 7,
        "EBIT": 10,
        "Net Income": 4
    },
    "2014-03-31": {
        "Diluted EPS": -0.0,
        "Total Revenue": 73,
        "Gross Profit": 44,
        "Operating Income": 0,
        "EBIT": 4,
        "Net Income": 0
    },
    "2013-12-31": {
        "Diluted EPS": 0.11,
        "Total Revenue": 78,
        "Gross Profit": 46,
        "Operating Income": 4,
        "EBIT": 8,
        "Net Income": 2
    },
    "2013-09-30": {
        "Diluted EPS": 0.12,
        "Total Revenue": 70,
        "Gross Profit": 42,
        "Operating Income": 4,
        "EBIT": 8,
        "Net Income": 3
    },
    "2013-06-30": {
        "Diluted EPS": 0.28,
        "Total Revenue": 79,
        "Gross Profit": 48,
        "Operating Income": 10,
        "EBIT": 13,
        "Net Income": 6
    },
    "2013-03-31": {
        "Diluted EPS": 0.1,
        "Total Revenue": 71,
        "Gross Profit": 44,
        "Operating Income": 3,
        "EBIT": 7,
        "Net Income": 2
    },
    "2012-12-31": {
        "Diluted EPS": 0.2,
        "Total Revenue": 75,
        "Gross Profit": 46,
        "Operating Income": 8,
        "EBIT": 11,
        "Net Income": 5
    },
    "2012-09-30": {
        "Diluted EPS": 0.47,
        "Total Revenue": 69,
        "Gross Profit": 43,
        "Operating Income": 7,
        "EBIT": 11,
        "Net Income": 11
    },
    "2012-06-30": {
        "Diluted EPS": 0.34,
        "Total Revenue": 79,
        "Gross Profit": 49,
        "Operating Income": 11,
        "EBIT": 15,
        "Net Income": 8
    },
    "2012-03-31": {
        "Diluted EPS": 0.14,
        "Total Revenue": 70,
        "Gross Profit": 43,
        "Operating Income": 5,
        "EBIT": 8,
        "Net Income": 3
    },
    "2011-12-31": {
        "Diluted EPS": 0.33,
        "Total Revenue": 74,
        "Gross Profit": 49,
        "Operating Income": 13,
        "EBIT": 17,
        "Net Income": 8
    },
    "2011-09-30": {
        "Diluted EPS": 0.25,
        "Total Revenue": 70,
        "Gross Profit": 45,
        "Operating Income": 10,
        "EBIT": 13,
        "Net Income": 6
    },
    "2011-06-30": {
        "Diluted EPS": 0.24,
        "Total Revenue": 73,
        "Gross Profit": 45,
        "Operating Income": 10,
        "EBIT": 12,
        "Net Income": 5
    },
    "2011-03-31": {
        "Diluted EPS": 0.13,
        "Total Revenue": 66,
        "Gross Profit": 40,
        "Operating Income": 4,
        "EBIT": 7,
        "Net Income": 3
    },
    "2010-12-31": {
        "Diluted EPS": 0.18,
        "Total Revenue": 67,
        "Gross Profit": 42,
        "Operating Income": 7,
        "EBIT": 10,
        "Net Income": 4
    },
    "2010-09-30": {
        "Diluted EPS": 0.16,
        "Total Revenue": 60,
        "Gross Profit": 37,
        "Operating Income": 6,
        "EBIT": 8,
        "Net Income": 4
    },
    "2010-06-30": {
        "Diluted EPS": 0.3,
        "Total Revenue": 65,
        "Gross Profit": 40,
        "Operating Income": 10,
        "EBIT": 12,
        "Net Income": 7
    },
    "2010-03-31": {
        "Diluted EPS": 0.25,
        "Total Revenue": 59,
        "Gross Profit": 37,
        "Operating Income": 8,
        "EBIT": 10,
        "Net Income": 6
    },
    "2009-12-31": {
        "Diluted EPS": 0.25,
        "Total Revenue": 61,
        "Gross Profit": 39,
        "Operating Income": 9,
        "EBIT": 12,
        "Net Income": 6
    },
    "2009-09-30": {
        "Diluted EPS": 0.19,
        "Total Revenue": 54,
        "Gross Profit": 34,
        "Operating Income": 8,
        "EBIT": 10,
        "Net Income": 4
    },
    "2009-06-30": {
        "Diluted EPS": 0.27,
        "Total Revenue": 62,
        "Gross Profit": 39,
        "Operating Income": 12,
        "EBIT": 14,
        "Net Income": 6
    },
    "2009-03-31": {
        "Diluted EPS": 0.11,
        "Total Revenue": 56,
        "Gross Profit": 33,
        "Operating Income": 3,
        "EBIT": 5,
        "Net Income": 3
    },
    "2023-09-30": {
        "Tax Effect Of Unusual Items": -3990.0,
        "Tax Rate For Calcs": 0.21,
        "Normalized EBITDA": 10946000.0,
        "Total Unusual Items": -19000.0,
        "Total Unusual Items Excluding Goodwill": -19000.0,
        "Net Income From Continuing Operation Net Minority Interest": 2484000.0,
        "Reconciled Depreciation": 5303000.0,
        "Reconciled Cost Of Revenue": 47978000.0,
        "EBITDA": 10927000.0,
        "EBIT": 5624000.0,
        "Net Interest Income": -763000.0,
        "Interest Expense": 763000.0,
        "Normalized Income": 2499010.0,
        "Net Income From Continuing And Discontinued Operation": 2484000.0,
        "Total Expenses": 108356000.0,
        "Total Operating Income As Reported": 5056000.0,
        "Diluted Average Shares": 19289000.0,
        "Basic Average Shares": 19191000.0,
        "Diluted EPS": 0.13,
        "Basic EPS": 0.13,
        "Diluted NI Availto Com Stockholders": 2484000.0,
        "Net Income Common Stockholders": 2484000.0,
        "Net Income": 2484000.0,
        "Net Income Including Noncontrolling Interests": 2484000.0,
        "Net Income Continuous Operations": 2484000.0,
        "Tax Provision": 2377000.0,
        "Pretax Income": 4861000.0,
        "Other Income Expense": 549000.0,
        "Other Non Operating Income Expenses": 568000.0,
        "Special Income Charges": -19000.0,
        "Restructuring And Mergern Acquisition": 19000.0,
        "Gain On Sale Of Security": NaN,
        "Net Non Operating Interest Income Expense": -763000.0,
        "Interest Expense Non Operating": 763000.0,
        "Operating Income": 5075000.0,
        "Operating Expense": 60378000.0,
        "Depreciation Amortization Depletion Income Statement": 5303000.0,
        "Depreciation And Amortization In Income Statement": 5303000.0,
        "Amortization": 3041000.0,
        "Amortization Of Intangibles Income Statement": 3041000.0,
        "Depreciation Income Statement": 2262000.0,
        "Selling General And Administration": 55075000.0,
        "Selling And Marketing Expense": 39967000.0,
        "General And Administrative Expense": 15108000.0,
        "Other Gand A": 15108000.0,
        "Salaries And Wages": NaN,
        "Gross Profit": 65453000.0,
        "Cost Of Revenue": 47978000.0,
        "Total Revenue": 113431000.0,
        "Operating Revenue": 113431000.0
    }
}