{
    "2023-03-31": {
        "Tax Effect Of Unusual Items": 0.0,
        "Tax Rate For Calcs": 0.213927,
        "Normalized EBITDA": 60794000.0,
        "Total Unusual Items": NaN,
        "Total Unusual Items Excluding Goodwill": NaN,
        "Net Income From Continuing Operation Net Minority Interest": 15684000.0,
        "Reconciled Cost Of Revenue": 508468000.0,
        "EBITDA": 60794000.0,
        "EBIT": 60794000.0,
        "Net Interest Income": -7084000.0,
        "Interest Expense": 7084000.0,
        "Normalized Income": 15684000.0,
        "Net Income From Continuing And Discontinued Operation": 15684000.0,
        "Total Expenses": 609605000.0,
        "Total Operating Income As Reported": 60794000.0,
        "Diluted Average Shares": 15464464.0,
        "Basic Average Shares": 15300267.0,
        "Diluted EPS": 1.01,
        "Basic EPS": 1.02,
        "Diluted NI Availto Com Stockholders": 15684000.0,
        "Net Income Common Stockholders": 15684000.0,
        "Net Income": 15684000.0,
        "Minority Interests": -26571000.0,
        "Net Income Including Noncontrolling Interests": 42255000.0,
        "Net Income Continuous Operations": 42255000.0,
        "Earnings From Equity Interest Net Of Tax": 35000.0,
        "Tax Provision": 11490000.0,
        "Pretax Income": 53710000.0,
        "Other Income Expense": NaN,
        "Special Income Charges": NaN,
        "Gain On Sale Of Business": NaN,
        "Net Non Operating Interest Income Expense": -7084000.0,
        "Interest Expense Non Operating": 7084000.0,
        "Operating Income": 60794000.0,
        "Operating Expense": 101137000.0,
        "Research And Development": 19308000.0,
        "Selling General And Administration": 81829000.0,
        "Gross Profit": 161931000.0,
        "Cost Of Revenue": 508468000.0,
        "Total Revenue": 670399000.0,
        "Operating Revenue": 670399000.0
    },
    "2022-12-31": {
        "Tax Effect Of Unusual Items": -154980.741436,
        "Tax Rate For Calcs": 0.20473,
        "Normalized EBITDA": 59438000.0,
        "Total Unusual Items": -757000.0,
        "Total Unusual Items Excluding Goodwill": -757000.0,
        "Net Income From Continuing Operation Net Minority Interest": 15339000.0,
        "Reconciled Cost Of Revenue": 468692000.0,
        "EBITDA": 58681000.0,
        "EBIT": 58681000.0,
        "Net Interest Income": -6093000.0,
        "Interest Expense": 5406000.0,
        "Normalized Income": 15941019.258564,
        "Net Income From Continuing And Discontinued Operation": 15339000.0,
        "Total Expenses": 573759000.0,
        "Total Operating Income As Reported": 60177000.0,
        "Diluted Average Shares": 15467654.0,
        "Basic Average Shares": 15298267.0,
        "Diluted EPS": 1.0,
        "Basic EPS": 1.01,
        "Diluted NI Availto Com Stockholders": 14740000.0,
        "Net Income Common Stockholders": 15339000.0,
        "Net Income": 15339000.0,
        "Minority Interests": -24646000.0,
        "Net Income Including Noncontrolling Interests": 39985000.0,
        "Net Income Continuous Operations": 39985000.0,
        "Earnings From Equity Interest Net Of Tax": -2383000.0,
        "Tax Provision": 10907000.0,
        "Pretax Income": 53275000.0,
        "Other Income Expense": -757000.0,
        "Special Income Charges": 436000.0,
        "Gain On Sale Of Business": 52000.0,
        "Net Non Operating Interest Income Expense": -6093000.0,
        "Interest Expense Non Operating": 5406000.0,
        "Operating Income": 60125000.0,
        "Operating Expense": 105067000.0,
        "Research And Development": 18867000.0,
        "Selling General And Administration": 86200000.0,
        "Gross Profit": 165192000.0,
        "Cost Of Revenue": 468692000.0,
        "Total Revenue": 633884000.0,
        "Operating Revenue": 633884000.0
    },
    "2022-09-30": {
        "Tax Effect Of Unusual Items": NaN,
        "Tax Rate For Calcs": NaN,
        "Normalized EBITDA": NaN,
        "Total Unusual Items": 0.0,
        "Total Unusual Items Excluding Goodwill": 0.0,
        "Net Income From Continuing Operation Net Minority Interest": NaN,
        "Reconciled Cost Of Revenue": NaN,
        "EBITDA": NaN,
        "EBIT": NaN,
        "Net Interest Income": NaN,
        "Interest Expense": NaN,
        "Normalized Income": NaN,
        "Net Income From Continuing And Discontinued Operation": NaN,
        "Total Expenses": NaN,
        "Total Operating Income As Reported": NaN,
        "Diluted Average Shares": NaN,
        "Basic Average Shares": NaN,
        "Diluted EPS": NaN,
        "Basic EPS": NaN,
        "Diluted NI Availto Com Stockholders": NaN,
        "Net Income Common Stockholders": NaN,
        "Net Income": NaN,
        "Minority Interests": NaN,
        "Net Income Including Noncontrolling Interests": NaN,
        "Net Income Continuous Operations": NaN,
        "Earnings From Equity Interest Net Of Tax": NaN,
        "Tax Provision": NaN,
        "Pretax Income": NaN,
        "Other Income Expense": NaN,
        "Special Income Charges": 0.0,
        "Gain On Sale Of Business": 0.0,
        "Net Non Operating Interest Income Expense": NaN,
        "Interest Expense Non Operating": NaN,
        "Operating Income": NaN,
        "Operating Expense": NaN,
        "Research And Development": NaN,
        "Selling General And Administration": NaN,
        "Gross Profit": NaN,
        "Cost Of Revenue": NaN,
        "Total Revenue": NaN,
        "Operating Revenue": NaN
    },
    "2022-06-30": {
        "Tax Effect Of Unusual Items": 9883004.08061,
        "Tax Rate For Calcs": 0.223557,
        "Normalized EBITDA": 55327000.0,
        "Total Unusual Items": 44208000.0,
        "Total Unusual Items Excluding Goodwill": 44208000.0,
        "Net Income From Continuing Operation Net Minority Interest": 32943000.0,
        "Reconciled Cost Of Revenue": 495783000.0,
        "EBITDA": 99535000.0,
        "EBIT": 99535000.0,
        "Net Interest Income": -3716000.0,
        "Interest Expense": 3716000.0,
        "Normalized Income": -1381995.91939,
        "Net Income From Continuing And Discontinued Operation": 32943000.0,
        "Total Expenses": 589267000.0,
        "Total Operating Income As Reported": 99535000.0,
        "Diluted Average Shares": 15487852.0,
        "Basic Average Shares": 15295517.0,
        "Diluted EPS": 2.12,
        "Basic EPS": 2.16,
        "Diluted NI Availto Com Stockholders": 32943000.0,
        "Net Income Common Stockholders": 32943000.0,
        "Net Income": 32943000.0,
        "Minority Interests": -41835000.0,
        "Net Income Including Noncontrolling Interests": 74778000.0,
        "Net Income Continuous Operations": 74778000.0,
        "Earnings From Equity Interest Net Of Tax": 380000.0,
        "Tax Provision": 21421000.0,
        "Pretax Income": 95819000.0,
        "Other Income Expense": 44208000.0,
        "Special Income Charges": 44208000.0,
        "Gain On Sale Of Business": 44208000.0,
        "Net Non Operating Interest Income Expense": -3716000.0,
        "Interest Expense Non Operating": 3716000.0,
        "Operating Income": 55327000.0,
        "Operating Expense": 93484000.0,
        "Research And Development": 17848000.0,
        "Selling General And Administration": 75636000.0,
        "Gross Profit": 148811000.0,
        "Cost Of Revenue": 495783000.0,
        "Total Revenue": 644594000.0,
        "Operating Revenue": 644594000.0
    },
    "2022-03-31": {
        "Diluted EPS": 1.04,
        "Total Revenue": 651,
        "Gross Profit": 156,
        "Operating Income": 59,
        "EBIT": 59,
        "Net Income": 16
    },
    "2021-12-31": {
        "Diluted EPS": 0.99,
        "Total Revenue": 658,
        "Gross Profit": 156,
        "Operating Income": 60,
        "EBIT": 60,
        "Net Income": 16
    },
    "2021-09-30": {
        "Diluted EPS": 0.85,
        "Total Revenue": 586,
        "Gross Profit": 142,
        "Operating Income": 50,
        "EBIT": 50,
        "Net Income": 13
    },
    "2021-06-30": {
        "Diluted EPS": 0.86,
        "Total Revenue": 588,
        "Gross Profit": 141,
        "Operating Income": 51,
        "EBIT": 51,
        "Net Income": 13
    },
    "2021-03-31": {
        "Diluted EPS": 0.8,
        "Total Revenue": 573,
        "Gross Profit": 126,
        "Operating Income": 47,
        "EBIT": 47,
        "Net Income": 12
    },
    "2020-12-31": {
        "Diluted EPS": 0.75,
        "Total Revenue": 543,
        "Gross Profit": 125,
        "Operating Income": 46,
        "EBIT": 46,
        "Net Income": 12
    },
    "2020-09-30": {
        "Diluted EPS": 0.82,
        "Total Revenue": 487,
        "Gross Profit": 116,
        "Operating Income": 45,
        "EBIT": 45,
        "Net Income": 13
    },
    "2020-06-30": {
        "Diluted EPS": 0.73,
        "Total Revenue": 437,
        "Gross Profit": 103,
        "Operating Income": 41,
        "EBIT": 41,
        "Net Income": 11
    },
    "2020-03-31": {
        "Diluted EPS": 0.71,
        "Total Revenue": 466,
        "Gross Profit": 103,
        "Operating Income": 39,
        "EBIT": 39,
        "Net Income": 11
    },
    "2019-12-31": {
        "Diluted EPS": 0.64,
        "Total Revenue": 448,
        "Gross Profit": 104,
        "Operating Income": 37,
        "EBIT": 37,
        "Net Income": 10
    },
    "2019-09-30": {
        "Diluted EPS": 0.63,
        "Total Revenue": 449,
        "Gross Profit": 101,
        "Operating Income": 37,
        "EBIT": 37,
        "Net Income": 10
    },
    "2019-06-30": {
        "Diluted EPS": 0.59,
        "Total Revenue": 413,
        "Gross Profit": 93,
        "Operating Income": 33,
        "EBIT": 33,
        "Net Income": 9
    },
    "2019-03-31": {
        "Diluted EPS": 0.58,
        "Total Revenue": 391,
        "Gross Profit": 88,
        "Operating Income": 32,
        "EBIT": 32,
        "Net Income": 10
    },
    "2018-12-31": {
        "Diluted EPS": 0.7,
        "Total Revenue": 394,
        "Gross Profit": 89,
        "Operating Income": 32,
        "EBIT": 45,
        "Net Income": 11
    },
    "2018-09-30": {
        "Diluted EPS": 0.45,
        "Total Revenue": 362,
        "Gross Profit": 80,
        "Operating Income": 27,
        "EBIT": 27,
        "Net Income": 7
    },
    "2018-06-30": {
        "Diluted EPS": 0.51,
        "Total Revenue": 363,
        "Gross Profit": 81,
        "Operating Income": 25,
        "EBIT": 25,
        "Net Income": 8
    },
    "2018-03-31": {
        "Diluted EPS": 0.48,
        "Total Revenue": 373,
        "Gross Profit": 83,
        "Operating Income": 26,
        "EBIT": 26,
        "Net Income": 7
    },
    "2017-12-31": {
        "Diluted EPS": 0.26,
        "Total Revenue": 367,
        "Gross Profit": 81,
        "Operating Income": 19,
        "EBIT": 30,
        "Net Income": 4
    },
    "2017-09-30": {
        "Diluted EPS": 0.37,
        "Total Revenue": 349,
        "Gross Profit": 77,
        "Operating Income": 22,
        "EBIT": 22,
        "Net Income": 6
    },
    "2017-06-30": {
        "Diluted EPS": 0.01,
        "Total Revenue": 329,
        "Gross Profit": 72,
        "Operating Income": 15,
        "EBIT": 15,
        "Net Income": 0
    },
    "2017-03-31": {
        "Diluted EPS": 0.04,
        "Total Revenue": 311,
        "Gross Profit": 66,
        "Operating Income": 16,
        "EBIT": 16,
        "Net Income": 1
    },
    "2016-12-31": {
        "Diluted EPS": 0.39,
        "Total Revenue": 302,
        "Gross Profit": 68,
        "Operating Income": 23,
        "EBIT": 23,
        "Net Income": 6
    },
    "2016-09-30": {
        "Diluted EPS": 0.38,
        "Total Revenue": 285,
        "Gross Profit": 68,
        "Operating Income": 23,
        "EBIT": 23,
        "Net Income": 6
    },
    "2016-06-30": {
        "Diluted EPS": 0.45,
        "Total Revenue": 259,
        "Gross Profit": 62,
        "Operating Income": 21,
        "EBIT": 21,
        "Net Income": 7
    },
    "2016-03-31": {
        "Diluted EPS": 0.27,
        "Total Revenue": 262,
        "Gross Profit": 61,
        "Operating Income": 22,
        "EBIT": 22,
        "Net Income": 4
    },
    "2015-12-31": {
        "Diluted EPS": 0.29,
        "Total Revenue": 206,
        "Gross Profit": 16,
        "Operating Income": -23,
        "EBIT": -5,
        "Net Income": 4
    },
    "2015-09-30": {
        "Diluted EPS": 0.33,
        "Total Revenue": 241,
        "Gross Profit": 56,
        "Operating Income": 15,
        "EBIT": 15,
        "Net Income": 5
    },
    "2015-06-30": {
        "Diluted EPS": 0.19,
        "Total Revenue": 242,
        "Gross Profit": 56,
        "Operating Income": 19,
        "EBIT": 19,
        "Net Income": 3
    },
    "2015-03-31": {
        "Diluted EPS": 0.44,
        "Total Revenue": 237,
        "Gross Profit": 56,
        "Operating Income": 20,
        "EBIT": 20,
        "Net Income": 6
    },
    "2014-12-31": {
        "Diluted EPS": 0.6,
        "Total Revenue": 162,
        "Gross Profit": 25,
        "Operating Income": 10,
        "EBIT": 10,
        "Net Income": 9
    },
    "2014-09-30": {
        "Diluted EPS": 0.43,
        "Total Revenue": 153,
        "Gross Profit": 25,
        "Operating Income": 10,
        "EBIT": 10,
        "Net Income": 6
    },
    "2014-06-30": {
        "Diluted EPS": 0.2,
        "Total Revenue": 148,
        "Gross Profit": 22,
        "Operating Income": 8,
        "EBIT": 8,
        "Net Income": 3
    },
    "2014-03-31": {
        "Diluted EPS": 3.99,
        "Total Revenue": 173,
        "Gross Profit": 34,
        "Operating Income": 7,
        "EBIT": 7,
        "Net Income": 57
    },
    "2013-12-31": {
        "Diluted EPS": 4.38,
        "Total Revenue": 209,
        "Gross Profit": 52,
        "Operating Income": 18,
        "EBIT": 18,
        "Net Income": 63
    },
    "2013-09-30": {
        "Diluted EPS": 0.36,
        "Total Revenue": 197,
        "Gross Profit": 48,
        "Operating Income": 15,
        "EBIT": 15,
        "Net Income": 5
    },
    "2013-06-30": {
        "Diluted EPS": 0.34,
        "Total Revenue": 201,
        "Gross Profit": 48,
        "Operating Income": 15,
        "EBIT": 15,
        "Net Income": 5
    },
    "2013-03-31": {
        "Diluted EPS": 0.3,
        "Total Revenue": 189,
        "Gross Profit": 45,
        "Operating Income": 13,
        "EBIT": 13,
        "Net Income": 4
    },
    "2012-12-31": {
        "Diluted EPS": 0.53,
        "Total Revenue": 198,
        "Gross Profit": 48,
        "Operating Income": 15,
        "EBIT": 15,
        "Net Income": 7
    },
    "2012-09-30": {
        "Diluted EPS": 0.33,
        "Total Revenue": 182,
        "Gross Profit": 45,
        "Operating Income": 14,
        "EBIT": 14,
        "Net Income": 5
    },
    "2012-06-30": {
        "Diluted EPS": 0.28,
        "Total Revenue": 186,
        "Gross Profit": 44,
        "Operating Income": 14,
        "EBIT": 14,
        "Net Income": 4
    },
    "2012-03-31": {
        "Diluted EPS": 0.56,
        "Total Revenue": 178,
        "Gross Profit": 42,
        "Operating Income": 14,
        "EBIT": 14,
        "Net Income": 8
    },
    "2011-12-31": {
        "Diluted EPS": 0.3,
        "Total Revenue": 157,
        "Gross Profit": 34,
        "Operating Income": 11,
        "EBIT": 11,
        "Net Income": 4
    },
    "2011-09-30": {
        "Diluted EPS": 2.16,
        "Total Revenue": 161,
        "Gross Profit": 38,
        "Operating Income": 13,
        "EBIT": 13,
        "Net Income": 30
    },
    "2011-06-30": {
        "Diluted EPS": 0.35,
        "Total Revenue": 166,
        "Gross Profit": 40,
        "Operating Income": 13,
        "EBIT": 13,
        "Net Income": 5
    },
    "2011-03-31": {
        "Diluted EPS": 0.3,
        "Total Revenue": 156,
        "Gross Profit": 36,
        "Operating Income": 12,
        "EBIT": 12,
        "Net Income": 4
    },
    "2010-12-31": {
        "Diluted EPS": 0.36,
        "Total Revenue": 153,
        "Gross Profit": 38,
        "Operating Income": 13,
        "EBIT": 13,
        "Net Income": 5
    },
    "2010-09-30": {
        "Diluted EPS": 0.36,
        "Total Revenue": 134,
        "Gross Profit": 34,
        "Operating Income": 12,
        "EBIT": 12,
        "Net Income": 5
    },
    "2010-06-30": {
        "Diluted EPS": 0.28,
        "Total Revenue": 132,
        "Gross Profit": 33,
        "Operating Income": 11,
        "EBIT": 11,
        "Net Income": 4
    },
    "2010-03-31": {
        "Diluted EPS": 0.35,
        "Total Revenue": 131,
        "Gross Profit": 32,
        "Operating Income": 11,
        "EBIT": 11,
        "Net Income": 5
    },
    "2009-12-31": {
        "Diluted EPS": 0.59,
        "Total Revenue": 124,
        "Gross Profit": 66,
        "Operating Income": 50,
        "EBIT": 50,
        "Net Income": 8
    },
    "2009-09-30": {
        "Diluted EPS": 0.29,
        "Total Revenue": 118,
        "Gross Profit": 30,
        "Operating Income": 10,
        "EBIT": 10,
        "Net Income": 4
    },
    "2009-06-30": {
        "Diluted EPS": 0.27,
        "Total Revenue": 133,
        "Gross Profit": 31,
        "Operating Income": 9,
        "EBIT": 9,
        "Net Income": 4
    },
    "2009-03-31": {
        "Diluted EPS": 0.26,
        "Total Revenue": 136,
        "Gross Profit": 30,
        "Operating Income": 8,
        "EBIT": 8,
        "Net Income": 3
    },
    "2023-06-30": {
        "Tax Effect Of Unusual Items": 0.0,
        "Tax Rate For Calcs": 0.209299,
        "Normalized EBITDA": 59984000.0,
        "Total Unusual Items": 0.0,
        "Total Unusual Items Excluding Goodwill": 0.0,
        "Net Income From Continuing Operation Net Minority Interest": 17021000.0,
        "Reconciled Cost Of Revenue": 494436000.0,
        "EBITDA": 59984000.0,
        "EBIT": 59984000.0,
        "Net Interest Income": -5612000.0,
        "Interest Expense": 5612000.0,
        "Normalized Income": 17021000.0,
        "Net Income From Continuing And Discontinued Operation": 17021000.0,
        "Total Expenses": 595390000.0,
        "Total Operating Income As Reported": 59984000.0,
        "Diluted Average Shares": 15480800.0,
        "Basic Average Shares": 15301017.0,
        "Diluted EPS": 1.11,
        "Basic EPS": 1.12,
        "Diluted NI Availto Com Stockholders": 17021000.0,
        "Net Income Common Stockholders": 17021000.0,
        "Net Income": 17021000.0,
        "Minority Interests": -26145000.0,
        "Net Income Including Noncontrolling Interests": 43166000.0,
        "Net Income Continuous Operations": 43166000.0,
        "Earnings From Equity Interest Net Of Tax": 174000.0,
        "Tax Provision": 11380000.0,
        "Pretax Income": 54372000.0,
        "Other Income Expense": NaN,
        "Special Income Charges": 0.0,
        "Gain On Sale Of Business": 0.0,
        "Net Non Operating Interest Income Expense": -5612000.0,
        "Interest Expense Non Operating": 5612000.0,
        "Operating Income": 59984000.0,
        "Operating Expense": 100954000.0,
        "Research And Development": 19210000.0,
        "Selling General And Administration": 81744000.0,
        "Gross Profit": 160938000.0,
        "Cost Of Revenue": 494436000.0,
        "Total Revenue": 655374000.0,
        "Operating Revenue": 655374000.0
    },
    "2023-09-30": {
        "Tax Effect Of Unusual Items": 0.0,
        "Tax Rate For Calcs": 0.240935,
        "Normalized EBITDA": 58246000.0,
        "Total Unusual Items": 0.0,
        "Total Unusual Items Excluding Goodwill": 0.0,
        "Net Income From Continuing Operation Net Minority Interest": 15596000.0,
        "Reconciled Cost Of Revenue": 495222000.0,
        "EBITDA": 58246000.0,
        "EBIT": 58246000.0,
        "Net Interest Income": -6423000.0,
        "Interest Expense": 6423000.0,
        "Normalized Income": 15596000.0,
        "Net Income From Continuing And Discontinued Operation": 15596000.0,
        "Total Expenses": 596593000.0,
        "Total Operating Income As Reported": 58246000.0,
        "Diluted Average Shares": 15543518.0,
        "Basic Average Shares": 15301767.0,
        "Diluted EPS": 1.0,
        "Basic EPS": 1.02,
        "Diluted NI Availto Com Stockholders": 15596000.0,
        "Net Income Common Stockholders": 15596000.0,
        "Net Income": 15596000.0,
        "Minority Interests": -24133000.0,
        "Net Income Including Noncontrolling Interests": 39729000.0,
        "Net Income Continuous Operations": 39729000.0,
        "Earnings From Equity Interest Net Of Tax": 392000.0,
        "Tax Provision": 12486000.0,
        "Pretax Income": 51823000.0,
        "Other Income Expense": NaN,
        "Special Income Charges": 0.0,
        "Gain On Sale Of Business": 0.0,
        "Net Non Operating Interest Income Expense": -6423000.0,
        "Interest Expense Non Operating": 6423000.0,
        "Operating Income": 58246000.0,
        "Operating Expense": 101371000.0,
        "Research And Development": 19702000.0,
        "Selling General And Administration": 81669000.0,
        "Gross Profit": 159617000.0,
        "Cost Of Revenue": 495222000.0,
        "Total Revenue": 654839000.0,
        "Operating Revenue": 654839000.0
    },
    "2023-12-31": {
        "Tax Effect Of Unusual Items": -789527.547967,
        "Tax Rate For Calcs": 0.209646,
        "Normalized EBITDA": 65439000.0,
        "Total Unusual Items": -3766000.0,
        "Total Unusual Items Excluding Goodwill": -3766000.0,
        "Net Income From Continuing Operation Net Minority Interest": 15713000.0,
        "Reconciled Cost Of Revenue": 479066000.0,
        "EBITDA": 61673000.0,
        "EBIT": 61673000.0,
        "Net Interest Income": -5449000.0,
        "Interest Expense": 10544000.0,
        "Normalized Income": 18689472.452033,
        "Net Income From Continuing And Discontinued Operation": 15713000.0,
        "Total Expenses": 579947000.0,
        "Total Operating Income As Reported": 60344000.0,
        "Diluted Average Shares": 15505761.0,
        "Basic Average Shares": 15302517.0,
        "Diluted EPS": 1.01,
        "Basic EPS": 1.03,
        "Diluted NI Availto Com Stockholders": 15577000.0,
        "Net Income Common Stockholders": 15713000.0,
        "Net Income": 15713000.0,
        "Minority Interests": -24869000.0,
        "Net Income Including Noncontrolling Interests": 40582000.0,
        "Net Income Continuous Operations": 40582000.0,
        "Earnings From Equity Interest Net Of Tax": 172000.0,
        "Tax Provision": 10719000.0,
        "Pretax Income": 51129000.0,
        "Other Income Expense": NaN,
        "Special Income Charges": -775000.0,
        "Gain On Sale Of Business": 0.0,
        "Net Non Operating Interest Income Expense": -5449000.0,
        "Interest Expense Non Operating": 10544000.0,
        "Operating Income": 60344000.0,
        "Operating Expense": 100881000.0,
        "Research And Development": 19748000.0,
        "Selling General And Administration": 6339000.0,
        "Gross Profit": 161225000.0,
        "Cost Of Revenue": 479066000.0,
        "Total Revenue": 640291000.0,
        "Operating Revenue": 640291000.0
    }
}