{
    "2023-03-31": {
        "Tax Effect Of Unusual Items": 0.0,
        "Tax Rate For Calcs": 0.183,
        "Normalized EBITDA": 60562000.0,
        "Net Income From Continuing Operation Net Minority Interest": 41767000.0,
        "Reconciled Depreciation": 5896000.0,
        "Reconciled Cost Of Revenue": 266553000.0,
        "EBITDA": 60562000.0,
        "EBIT": 54666000.0,
        "Net Interest Income": -3521000.0,
        "Interest Expense": 3521000.0,
        "Normalized Income": 41767000.0,
        "Net Income From Continuing And Discontinued Operation": 41767000.0,
        "Total Expenses": 345161000.0,
        "Total Operating Income As Reported": 54690000.0,
        "Diluted Average Shares": 42496000.0,
        "Basic Average Shares": 42298000.0,
        "Diluted EPS": 0.98,
        "Basic EPS": 0.99,
        "Diluted NI Availto Com Stockholders": 41767000.0,
        "Net Income Common Stockholders": 41767000.0,
        "Net Income": 41767000.0,
        "Net Income Including Noncontrolling Interests": 41767000.0,
        "Net Income Continuous Operations": 41767000.0,
        "Tax Provision": 9378000.0,
        "Pretax Income": 51145000.0,
        "Other Income Expense": -24000.0,
        "Other Non Operating Income Expenses": -24000.0,
        "Net Non Operating Interest Income Expense": -3521000.0,
        "Interest Expense Non Operating": 3521000.0,
        "Operating Income": 54690000.0,
        "Operating Expense": 78608000.0,
        "Depreciation Amortization Depletion Income Statement": 5896000.0,
        "Depreciation And Amortization In Income Statement": 5896000.0,
        "Amortization": 5896000.0,
        "Amortization Of Intangibles Income Statement": 5896000.0,
        "Research And Development": 15282000.0,
        "Selling General And Administration": 57430000.0,
        "Selling And Marketing Expense": 23669000.0,
        "General And Administrative Expense": 33761000.0,
        "Other Gand A": 33761000.0,
        "Gross Profit": 133298000.0,
        "Cost Of Revenue": 266553000.0,
        "Total Revenue": 399851000.0,
        "Operating Revenue": 399851000.0
    },
    "2022-12-31": {
        "Tax Effect Of Unusual Items": 0.0,
        "Tax Rate For Calcs": 0.004,
        "Normalized EBITDA": 61101000.0,
        "Net Income From Continuing Operation Net Minority Interest": 52959000.0,
        "Reconciled Depreciation": 5323000.0,
        "Reconciled Cost Of Revenue": 277769000.0,
        "EBITDA": 61101000.0,
        "EBIT": 55778000.0,
        "Net Interest Income": -2598000.0,
        "Interest Expense": 2598000.0,
        "Normalized Income": 52959000.0,
        "Net Income From Continuing And Discontinued Operation": 52959000.0,
        "Total Expenses": 351936000.0,
        "Total Operating Income As Reported": 56705000.0,
        "Diluted Average Shares": 42417000.0,
        "Basic Average Shares": 42284000.0,
        "Diluted EPS": 1.25,
        "Basic EPS": 1.25,
        "Diluted NI Availto Com Stockholders": 52959000.0,
        "Net Income Common Stockholders": 52959000.0,
        "Net Income": 52959000.0,
        "Net Income Including Noncontrolling Interests": 52959000.0,
        "Net Income Continuous Operations": 52959000.0,
        "Tax Provision": 221000.0,
        "Pretax Income": 53180000.0,
        "Other Income Expense": -927000.0,
        "Other Non Operating Income Expenses": -927000.0,
        "Net Non Operating Interest Income Expense": -2598000.0,
        "Interest Expense Non Operating": 2598000.0,
        "Operating Income": 56705000.0,
        "Operating Expense": 74167000.0,
        "Depreciation Amortization Depletion Income Statement": 5323000.0,
        "Depreciation And Amortization In Income Statement": 5323000.0,
        "Amortization": 5323000.0,
        "Amortization Of Intangibles Income Statement": 5323000.0,
        "Research And Development": 15394000.0,
        "Selling General And Administration": 53450000.0,
        "Selling And Marketing Expense": 20529000.0,
        "General And Administrative Expense": 32921000.0,
        "Other Gand A": 32921000.0,
        "Gross Profit": 130872000.0,
        "Cost Of Revenue": 277769000.0,
        "Total Revenue": 408641000.0,
        "Operating Revenue": 408641000.0
    },
    "2022-09-30": {
        "Tax Effect Of Unusual Items": 0.0,
        "Tax Rate For Calcs": 0.208,
        "Normalized EBITDA": 79167000.0,
        "Net Income From Continuing Operation Net Minority Interest": 50771000.0,
        "Reconciled Depreciation": 12364000.0,
        "Reconciled Cost Of Revenue": 264808000.0,
        "EBITDA": 79167000.0,
        "EBIT": 66803000.0,
        "Net Interest Income": -2667000.0,
        "Interest Expense": 2667000.0,
        "Normalized Income": 50771000.0,
        "Net Income From Continuing And Discontinued Operation": 50771000.0,
        "Total Expenses": 343806000.0,
        "Total Operating Income As Reported": 65362000.0,
        "Diluted Average Shares": 42387000.0,
        "Basic Average Shares": 42281000.0,
        "Diluted EPS": 1.2,
        "Basic EPS": 1.2,
        "Diluted NI Availto Com Stockholders": 50771000.0,
        "Net Income Common Stockholders": 50771000.0,
        "Net Income": 50771000.0,
        "Net Income Including Noncontrolling Interests": 50771000.0,
        "Net Income Continuous Operations": 50771000.0,
        "Tax Provision": 13365000.0,
        "Pretax Income": 64136000.0,
        "Other Income Expense": 1441000.0,
        "Other Non Operating Income Expenses": 1441000.0,
        "Net Non Operating Interest Income Expense": -2667000.0,
        "Interest Expense Non Operating": 2667000.0,
        "Operating Income": 65362000.0,
        "Operating Expense": 71905000.0,
        "Depreciation Amortization Depletion Income Statement": 5271000.0,
        "Depreciation And Amortization In Income Statement": 5271000.0,
        "Amortization": 5271000.0,
        "Amortization Of Intangibles Income Statement": 5271000.0,
        "Research And Development": 13955000.0,
        "Selling General And Administration": 52679000.0,
        "Selling And Marketing Expense": 23508000.0,
        "General And Administrative Expense": 29171000.0,
        "Other Gand A": 29171000.0,
        "Gross Profit": 137267000.0,
        "Cost Of Revenue": 271901000.0,
        "Total Revenue": 409168000.0,
        "Operating Revenue": 409168000.0
    },
    "2022-06-30": {
        "Tax Effect Of Unusual Items": 0.0,
        "Tax Rate For Calcs": 0.189,
        "Normalized EBITDA": 73295000.0,
        "Net Income From Continuing Operation Net Minority Interest": 53498000.0,
        "Reconciled Depreciation": 5636000.0,
        "Reconciled Cost Of Revenue": 263761000.0,
        "EBITDA": 73295000.0,
        "EBIT": 67659000.0,
        "Net Interest Income": -1697000.0,
        "Interest Expense": 1697000.0,
        "Normalized Income": 53498000.0,
        "Net Income From Continuing And Discontinued Operation": 53498000.0,
        "Total Expenses": 336230000.0,
        "Total Operating Income As Reported": 70475000.0,
        "Diluted Average Shares": 42352000.0,
        "Basic Average Shares": 42218000.0,
        "Diluted EPS": 1.26,
        "Basic EPS": 1.27,
        "Diluted NI Availto Com Stockholders": 53498000.0,
        "Net Income Common Stockholders": 53498000.0,
        "Net Income": 53498000.0,
        "Net Income Including Noncontrolling Interests": 53498000.0,
        "Net Income Continuous Operations": 53498000.0,
        "Tax Provision": 12464000.0,
        "Pretax Income": 65962000.0,
        "Other Income Expense": -2816000.0,
        "Other Non Operating Income Expenses": -2816000.0,
        "Net Non Operating Interest Income Expense": -1697000.0,
        "Interest Expense Non Operating": 1697000.0,
        "Operating Income": 70475000.0,
        "Operating Expense": 72469000.0,
        "Depreciation Amortization Depletion Income Statement": 5636000.0,
        "Depreciation And Amortization In Income Statement": 5636000.0,
        "Amortization": 5636000.0,
        "Amortization Of Intangibles Income Statement": 5636000.0,
        "Research And Development": 14214000.0,
        "Selling General And Administration": 52619000.0,
        "Selling And Marketing Expense": 24175000.0,
        "General And Administrative Expense": 28444000.0,
        "Other Gand A": 28444000.0,
        "Gross Profit": 142944000.0,
        "Cost Of Revenue": 263761000.0,
        "Total Revenue": 406705000.0,
        "Operating Revenue": 406705000.0
    },
    "2022-03-31": {
        "Diluted EPS": 1.13,
        "Total Revenue": 378,
        "Gross Profit": 120,
        "Operating Income": 54,
        "EBIT": 66,
        "Net Income": 48
    },
    "2021-12-31": {
        "Diluted EPS": 0.89,
        "Total Revenue": 342,
        "Gross Profit": 107,
        "Operating Income": 43,
        "EBIT": 55,
        "Net Income": 38
    },
    "2021-09-30": {
        "Diluted EPS": 1.03,
        "Total Revenue": 347,
        "Gross Profit": 116,
        "Operating Income": 55,
        "EBIT": 66,
        "Net Income": 44
    },
    "2021-06-30": {
        "Diluted EPS": 1.05,
        "Total Revenue": 328,
        "Gross Profit": 111,
        "Operating Income": 53,
        "EBIT": 64,
        "Net Income": 44
    },
    "2021-03-31": {
        "Diluted EPS": 0.9,
        "Total Revenue": 281,
        "Gross Profit": 98,
        "Operating Income": 46,
        "EBIT": 56,
        "Net Income": 38
    },
    "2020-12-31": {
        "Diluted EPS": 0.79,
        "Total Revenue": 262,
        "Gross Profit": 83,
        "Operating Income": 38,
        "EBIT": 47,
        "Net Income": 32
    },
    "2020-09-30": {
        "Diluted EPS": 0.9,
        "Total Revenue": 261,
        "Gross Profit": 89,
        "Operating Income": 46,
        "EBIT": 56,
        "Net Income": 38
    },
    "2020-06-30": {
        "Diluted EPS": 0.32,
        "Total Revenue": 183,
        "Gross Profit": 60,
        "Operating Income": 19,
        "EBIT": 29,
        "Net Income": 13
    },
    "2020-03-31": {
        "Diluted EPS": 0.21,
        "Total Revenue": 184,
        "Gross Profit": 57,
        "Operating Income": 12,
        "EBIT": 18,
        "Net Income": 8
    },
    "2019-12-31": {
        "Diluted EPS": 0.58,
        "Total Revenue": 186,
        "Gross Profit": 60,
        "Operating Income": 26,
        "EBIT": 31,
        "Net Income": 23
    },
    "2019-09-30": {
        "Diluted EPS": 0.75,
        "Total Revenue": 211,
        "Gross Profit": 70,
        "Operating Income": 35,
        "EBIT": 40,
        "Net Income": 29
    },
    "2019-06-30": {
        "Diluted EPS": 0.59,
        "Total Revenue": 192,
        "Gross Profit": 62,
        "Operating Income": 29,
        "EBIT": 34,
        "Net Income": 23
    },
    "2019-03-31": {
        "Diluted EPS": 0.46,
        "Total Revenue": 162,
        "Gross Profit": 51,
        "Operating Income": 22,
        "EBIT": 26,
        "Net Income": 18
    },
    "2018-12-31": {
        "Diluted EPS": 0.52,
        "Total Revenue": 157,
        "Gross Profit": 51,
        "Operating Income": 23,
        "EBIT": 27,
        "Net Income": 20
    },
    "2018-09-30": {
        "Diluted EPS": 0.62,
        "Total Revenue": 176,
        "Gross Profit": 60,
        "Operating Income": 31,
        "EBIT": 35,
        "Net Income": 24
    },
    "2018-06-30": {
        "Diluted EPS": 0.47,
        "Total Revenue": 157,
        "Gross Profit": 52,
        "Operating Income": 24,
        "EBIT": 28,
        "Net Income": 18
    },
    "2018-03-31": {
        "Diluted EPS": 0.55,
        "Total Revenue": 130,
        "Gross Profit": 42,
        "Operating Income": 16,
        "EBIT": 19,
        "Net Income": 21
    },
    "2017-12-31": {
        "Diluted EPS": 0.08,
        "Total Revenue": 121,
        "Gross Profit": 39,
        "Operating Income": 16,
        "EBIT": 19,
        "Net Income": 3
    },
    "2017-09-30": {
        "Diluted EPS": 0.41,
        "Total Revenue": 127,
        "Gross Profit": 43,
        "Operating Income": 20,
        "EBIT": 23,
        "Net Income": 16
    },
    "2017-06-30": {
        "Diluted EPS": 0.35,
        "Total Revenue": 121,
        "Gross Profit": 39,
        "Operating Income": 18,
        "EBIT": 20,
        "Net Income": 14
    },
    "2017-03-31": {
        "Diluted EPS": 0.27,
        "Total Revenue": 106,
        "Gross Profit": 34,
        "Operating Income": 12,
        "EBIT": 15,
        "Net Income": 11
    },
    "2016-12-31": {
        "Diluted EPS": 0.25,
        "Total Revenue": 112,
        "Gross Profit": 34,
        "Operating Income": 13,
        "EBIT": 16,
        "Net Income": 10
    },
    "2016-09-30": {
        "Diluted EPS": 0.36,
        "Total Revenue": 109,
        "Gross Profit": 35,
        "Operating Income": 15,
        "EBIT": 17,
        "Net Income": 14
    },
    "2016-06-30": {
        "Diluted EPS": 0.24,
        "Total Revenue": 102,
        "Gross Profit": 32,
        "Operating Income": 11,
        "EBIT": 13,
        "Net Income": 9
    },
    "2016-03-31": {
        "Diluted EPS": 0.09,
        "Total Revenue": 80,
        "Gross Profit": 25,
        "Operating Income": 6,
        "EBIT": 8,
        "Net Income": 3
    },
    "2015-12-31": {
        "Diluted EPS": 0.18,
        "Total Revenue": 96,
        "Gross Profit": 29,
        "Operating Income": 9,
        "EBIT": 13,
        "Net Income": 7
    },
    "2015-09-30": {
        "Diluted EPS": 0.28,
        "Total Revenue": 106,
        "Gross Profit": 35,
        "Operating Income": 14,
        "EBIT": 18,
        "Net Income": 11
    },
    "2015-06-30": {
        "Diluted EPS": 0.18,
        "Total Revenue": 97,
        "Gross Profit": 30,
        "Operating Income": 11,
        "EBIT": 14,
        "Net Income": 7
    },
    "2015-03-31": {
        "Diluted EPS": 0.02,
        "Total Revenue": 68,
        "Gross Profit": 19,
        "Operating Income": 2,
        "EBIT": 4,
        "Net Income": 1
    },
    "2014-12-31": {
        "Diluted EPS": 0.07,
        "Total Revenue": 74,
        "Gross Profit": 22,
        "Operating Income": 4,
        "EBIT": 7,
        "Net Income": 3
    },
    "2014-09-30": {
        "Diluted EPS": 0.27,
        "Total Revenue": 90,
        "Gross Profit": 29,
        "Operating Income": 14,
        "EBIT": 16,
        "Net Income": 10
    },
    "2014-06-30": {
        "Diluted EPS": 0.31,
        "Total Revenue": 86,
        "Gross Profit": 27,
        "Operating Income": 12,
        "EBIT": 14,
        "Net Income": 12
    },
    "2014-03-31": {
        "Diluted EPS": 0.08,
        "Total Revenue": 56,
        "Gross Profit": 17,
        "Operating Income": 5,
        "EBIT": 7,
        "Net Income": 3
    },
    "2013-12-31": {
        "Diluted EPS": 0.14,
        "Total Revenue": 65,
        "Gross Profit": 19,
        "Operating Income": 8,
        "EBIT": 10,
        "Net Income": 5
    },
    "2013-09-30": {
        "Diluted EPS": 0.27,
        "Total Revenue": 82,
        "Gross Profit": 25,
        "Operating Income": 15,
        "EBIT": 17,
        "Net Income": 10
    },
    "2013-06-30": {
        "Diluted EPS": 0.17,
        "Total Revenue": 70,
        "Gross Profit": 20,
        "Operating Income": 10,
        "EBIT": 12,
        "Net Income": 6
    },
    "2013-03-31": {
        "Diluted EPS": 0.1,
        "Total Revenue": 55,
        "Gross Profit": 16,
        "Operating Income": 6,
        "EBIT": 8,
        "Net Income": 4
    },
    "2012-12-31": {
        "Diluted EPS": 0.05,
        "Total Revenue": 57,
        "Gross Profit": 13,
        "Operating Income": 4,
        "EBIT": 6,
        "Net Income": 2
    },
    "2012-09-30": {
        "Diluted EPS": 0.16,
        "Total Revenue": 73,
        "Gross Profit": 20,
        "Operating Income": 11,
        "EBIT": 13,
        "Net Income": 5
    },
    "2012-06-30": {
        "Diluted EPS": 0.14,
        "Total Revenue": 61,
        "Gross Profit": 16,
        "Operating Income": 7,
        "EBIT": 9,
        "Net Income": 4
    },
    "2012-03-31": {
        "Diluted EPS": 0.08,
        "Total Revenue": 46,
        "Gross Profit": 13,
        "Operating Income": 4,
        "EBIT": 6,
        "Net Income": 3
    },
    "2011-12-31": {
        "Diluted EPS": 0.0,
        "Total Revenue": NaN,
        "Gross Profit": NaN,
        "Operating Income": NaN,
        "EBIT": NaN,
        "Net Income": NaN
    },
    "2010-12-31": {
        "Diluted EPS": 0.0,
        "Total Revenue": NaN,
        "Gross Profit": NaN,
        "Operating Income": NaN,
        "EBIT": NaN,
        "Net Income": NaN
    },
    "2023-06-30": {
        "Tax Effect Of Unusual Items": 0.0,
        "Tax Rate For Calcs": 0.169,
        "Normalized EBITDA": 59525000.0,
        "Net Income From Continuing Operation Net Minority Interest": 39735000.0,
        "Reconciled Depreciation": 7277000.0,
        "Reconciled Cost Of Revenue": 268689000.0,
        "EBITDA": 59525000.0,
        "EBIT": 52248000.0,
        "Net Interest Income": -4418000.0,
        "Interest Expense": 4418000.0,
        "Normalized Income": 39735000.0,
        "Net Income From Continuing And Discontinued Operation": 39735000.0,
        "Total Expenses": 347931000.0,
        "Total Operating Income As Reported": 52784000.0,
        "Diluted Average Shares": 42480000.0,
        "Basic Average Shares": 42359000.0,
        "Diluted EPS": 0.94,
        "Basic EPS": 0.94,
        "Diluted NI Availto Com Stockholders": 39735000.0,
        "Net Income Common Stockholders": 39735000.0,
        "Net Income": 39735000.0,
        "Net Income Including Noncontrolling Interests": 39735000.0,
        "Net Income Continuous Operations": 39735000.0,
        "Tax Provision": 8095000.0,
        "Pretax Income": 47830000.0,
        "Other Income Expense": -536000.0,
        "Other Non Operating Income Expenses": -536000.0,
        "Net Non Operating Interest Income Expense": -4418000.0,
        "Interest Expense Non Operating": 4418000.0,
        "Operating Income": 52784000.0,
        "Operating Expense": 79242000.0,
        "Depreciation Amortization Depletion Income Statement": 7277000.0,
        "Depreciation And Amortization In Income Statement": 7277000.0,
        "Amortization": 7277000.0,
        "Amortization Of Intangibles Income Statement": 7277000.0,
        "Research And Development": 15188000.0,
        "Selling General And Administration": 56777000.0,
        "Selling And Marketing Expense": 26556000.0,
        "General And Administrative Expense": 30221000.0,
        "Other Gand A": 30221000.0,
        "Gross Profit": 132026000.0,
        "Cost Of Revenue": 268689000.0,
        "Total Revenue": 400715000.0,
        "Operating Revenue": 400715000.0
    },
    "2023-09-30": {
        "Tax Effect Of Unusual Items": 0.0,
        "Tax Rate For Calcs": 0.09,
        "Normalized EBITDA": 57050000.0,
        "Net Income From Continuing Operation Net Minority Interest": 35293000.0,
        "Reconciled Depreciation": 14807000.0,
        "Reconciled Cost Of Revenue": 215892000.0,
        "EBITDA": 57050000.0,
        "EBIT": 42243000.0,
        "Net Interest Income": -3466000.0,
        "Interest Expense": 3466000.0,
        "Normalized Income": 35293000.0,
        "Net Income From Continuing And Discontinued Operation": 35293000.0,
        "Total Expenses": 289752000.0,
        "Total Operating Income As Reported": 41365000.0,
        "Diluted Average Shares": 42510000.0,
        "Basic Average Shares": 42395000.0,
        "Diluted EPS": 0.83,
        "Basic EPS": 0.83,
        "Diluted NI Availto Com Stockholders": 35293000.0,
        "Net Income Common Stockholders": 35293000.0,
        "Net Income": 35293000.0,
        "Net Income Including Noncontrolling Interests": 35293000.0,
        "Net Income Continuous Operations": 35293000.0,
        "Tax Provision": 3484000.0,
        "Pretax Income": 38777000.0,
        "Other Income Expense": 878000.0,
        "Other Non Operating Income Expenses": 878000.0,
        "Net Non Operating Interest Income Expense": -3466000.0,
        "Interest Expense Non Operating": 3466000.0,
        "Operating Income": 41365000.0,
        "Operating Expense": 65862000.0,
        "Depreciation Amortization Depletion Income Statement": 6809000.0,
        "Depreciation And Amortization In Income Statement": 6809000.0,
        "Amortization": 6809000.0,
        "Amortization Of Intangibles Income Statement": 6809000.0,
        "Research And Development": 8904000.0,
        "Selling General And Administration": 50149000.0,
        "Selling And Marketing Expense": 24439000.0,
        "General And Administrative Expense": 25710000.0,
        "Other Gand A": 25710000.0,
        "Gross Profit": 107227000.0,
        "Cost Of Revenue": 223890000.0,
        "Total Revenue": 331117000.0,
        "Operating Revenue": 331117000.0
    }
}