{
    "2023-06-30": {
        "Tax Effect Of Unusual Items": NaN,
        "Tax Rate For Calcs": NaN,
        "Normalized EBITDA": NaN,
        "Total Unusual Items": 0.0,
        "Total Unusual Items Excluding Goodwill": 0.0,
        "Net Income From Continuing Operation Net Minority Interest": NaN,
        "Reconciled Depreciation": NaN,
        "Reconciled Cost Of Revenue": NaN,
        "EBITDA": NaN,
        "EBIT": NaN,
        "Net Interest Income": NaN,
        "Interest Income": NaN,
        "Normalized Income": NaN,
        "Net Income From Continuing And Discontinued Operation": NaN,
        "Total Expenses": NaN,
        "Diluted Average Shares": NaN,
        "Basic Average Shares": NaN,
        "Diluted EPS": NaN,
        "Basic EPS": NaN,
        "Diluted NI Availto Com Stockholders": NaN,
        "Average Dilution Earnings": NaN,
        "Net Income Common Stockholders": NaN,
        "Otherunder Preferred Stock Dividend": NaN,
        "Net Income": NaN,
        "Minority Interests": NaN,
        "Net Income Including Noncontrolling Interests": NaN,
        "Net Income Continuous Operations": NaN,
        "Tax Provision": NaN,
        "Pretax Income": NaN,
        "Other Income Expense": NaN,
        "Other Non Operating Income Expenses": -20000.0,
        "Special Income Charges": 0.0,
        "Other Special Charges": NaN,
        "Restructuring And Mergern Acquisition": 0.0,
        "Earnings From Equity Interest": NaN,
        "Net Non Operating Interest Income Expense": NaN,
        "Interest Income Non Operating": NaN,
        "Operating Income": NaN,
        "Operating Expense": NaN,
        "Other Operating Expenses": NaN,
        "Selling General And Administration": NaN,
        "General And Administrative Expense": 12730000.0,
        "Other Gand A": 12710000.0,
        "Salaries And Wages": 20000.0,
        "Gross Profit": NaN,
        "Cost Of Revenue": NaN,
        "Total Revenue": NaN,
        "Operating Revenue": NaN
    },
    "2023-03-31": {
        "Tax Effect Of Unusual Items": NaN,
        "Tax Rate For Calcs": NaN,
        "Normalized EBITDA": NaN,
        "Total Unusual Items": NaN,
        "Total Unusual Items Excluding Goodwill": NaN,
        "Net Income From Continuing Operation Net Minority Interest": NaN,
        "Reconciled Depreciation": NaN,
        "Reconciled Cost Of Revenue": NaN,
        "EBITDA": NaN,
        "EBIT": NaN,
        "Net Interest Income": NaN,
        "Interest Expense": 202000.0,
        "Interest Income": NaN,
        "Normalized Income": NaN,
        "Net Income From Continuing And Discontinued Operation": NaN,
        "Total Expenses": NaN,
        "Diluted Average Shares": NaN,
        "Basic Average Shares": NaN,
        "Diluted EPS": NaN,
        "Basic EPS": NaN,
        "Diluted NI Availto Com Stockholders": NaN,
        "Average Dilution Earnings": NaN,
        "Net Income Common Stockholders": NaN,
        "Otherunder Preferred Stock Dividend": NaN,
        "Net Income": NaN,
        "Minority Interests": NaN,
        "Net Income Including Noncontrolling Interests": NaN,
        "Net Income Continuous Operations": NaN,
        "Tax Provision": NaN,
        "Pretax Income": NaN,
        "Other Income Expense": NaN,
        "Other Non Operating Income Expenses": 181000.0,
        "Special Income Charges": NaN,
        "Other Special Charges": NaN,
        "Restructuring And Mergern Acquisition": 0.0,
        "Earnings From Equity Interest": NaN,
        "Net Non Operating Interest Income Expense": NaN,
        "Interest Expense Non Operating": 202000.0,
        "Interest Income Non Operating": NaN,
        "Operating Income": NaN,
        "Operating Expense": NaN,
        "Other Operating Expenses": NaN,
        "Selling General And Administration": NaN,
        "General And Administrative Expense": NaN,
        "Other Gand A": NaN,
        "Salaries And Wages": NaN,
        "Gross Profit": NaN,
        "Cost Of Revenue": NaN,
        "Total Revenue": NaN,
        "Operating Revenue": NaN
    },
    "2022-12-31": {
        "Tax Effect Of Unusual Items": NaN,
        "Tax Rate For Calcs": NaN,
        "Normalized EBITDA": NaN,
        "Total Unusual Items": NaN,
        "Total Unusual Items Excluding Goodwill": NaN,
        "Net Income From Continuing Operation Net Minority Interest": NaN,
        "Reconciled Depreciation": NaN,
        "Reconciled Cost Of Revenue": NaN,
        "EBITDA": NaN,
        "EBIT": NaN,
        "Net Interest Income": NaN,
        "Interest Expense": NaN,
        "Interest Income": NaN,
        "Normalized Income": NaN,
        "Net Income From Continuing And Discontinued Operation": NaN,
        "Total Expenses": NaN,
        "Diluted Average Shares": NaN,
        "Basic Average Shares": NaN,
        "Diluted EPS": NaN,
        "Basic EPS": NaN,
        "Diluted NI Availto Com Stockholders": NaN,
        "Average Dilution Earnings": NaN,
        "Net Income Common Stockholders": NaN,
        "Otherunder Preferred Stock Dividend": NaN,
        "Net Income": NaN,
        "Minority Interests": NaN,
        "Net Income Including Noncontrolling Interests": NaN,
        "Net Income Continuous Operations": NaN,
        "Tax Provision": NaN,
        "Pretax Income": NaN,
        "Other Income Expense": NaN,
        "Other Non Operating Income Expenses": -91000.0,
        "Special Income Charges": NaN,
        "Other Special Charges": NaN,
        "Restructuring And Mergern Acquisition": 0.0,
        "Earnings From Equity Interest": NaN,
        "Net Non Operating Interest Income Expense": NaN,
        "Interest Expense Non Operating": NaN,
        "Interest Income Non Operating": NaN,
        "Operating Income": NaN,
        "Operating Expense": NaN,
        "Selling General And Administration": NaN,
        "General And Administrative Expense": NaN,
        "Other Gand A": NaN,
        "Salaries And Wages": NaN,
        "Gross Profit": NaN,
        "Cost Of Revenue": NaN,
        "Total Revenue": NaN,
        "Operating Revenue": NaN
    },
    "2022-09-30": {
        "Tax Effect Of Unusual Items": 0.0,
        "Tax Rate For Calcs": 0.21,
        "Normalized EBITDA": -5682000.0,
        "Total Unusual Items": 0.0,
        "Total Unusual Items Excluding Goodwill": 0.0,
        "Net Income From Continuing Operation Net Minority Interest": -4439000.0,
        "Reconciled Depreciation": 6729000.0,
        "Reconciled Cost Of Revenue": 9068000.0,
        "EBITDA": -5682000.0,
        "EBIT": -5682000.0,
        "Net Interest Income": 307000.0,
        "Interest Expense": NaN,
        "Interest Income": 307000.0,
        "Normalized Income": -4439000.0,
        "Net Income From Continuing And Discontinued Operation": -4439000.0,
        "Total Expenses": 21098000.0,
        "Diluted Average Shares": 68879642.0,
        "Basic Average Shares": 68514843.0,
        "Diluted EPS": -0.07,
        "Basic EPS": -0.06,
        "Diluted NI Availto Com Stockholders": -4439000.0,
        "Average Dilution Earnings": -90000.0,
        "Net Income Common Stockholders": -4439000.0,
        "Otherunder Preferred Stock Dividend": -18000.0,
        "Net Income": -4439000.0,
        "Minority Interests": 5092000.0,
        "Net Income Including Noncontrolling Interests": -9531000.0,
        "Net Income Continuous Operations": -9531000.0,
        "Tax Provision": 3000.0,
        "Pretax Income": -9528000.0,
        "Other Income Expense": -4153000.0,
        "Other Non Operating Income Expenses": 112000.0,
        "Special Income Charges": 0.0,
        "Restructuring And Mergern Acquisition": 0.0,
        "Earnings From Equity Interest": -4265000.0,
        "Net Non Operating Interest Income Expense": 307000.0,
        "Interest Expense Non Operating": NaN,
        "Interest Income Non Operating": 307000.0,
        "Operating Income": -5682000.0,
        "Operating Expense": 12030000.0,
        "Selling General And Administration": 12030000.0,
        "Gross Profit": 6348000.0,
        "Cost Of Revenue": 9068000.0,
        "Total Revenue": 15416000.0,
        "Operating Revenue": 15416000.0
    },
    "2022-06-30": {
        "Tax Effect Of Unusual Items": 0.0,
        "Tax Rate For Calcs": 0.4,
        "Normalized EBITDA": -11836000.0,
        "Total Unusual Items": 0.0,
        "Total Unusual Items Excluding Goodwill": 0.0,
        "Net Income From Continuing Operation Net Minority Interest": -5111000.0,
        "Reconciled Depreciation": 1442000.0,
        "Reconciled Cost Of Revenue": 4578000.0,
        "EBITDA": -11836000.0,
        "EBIT": -11836000.0,
        "Net Interest Income": 117000.0,
        "Interest Expense": NaN,
        "Interest Income": 117000.0,
        "Normalized Income": -5111000.0,
        "Net Income From Continuing And Discontinued Operation": -5111000.0,
        "Total Expenses": 17229000.0,
        "Diluted Average Shares": 148869107.0,
        "Basic Average Shares": 147729067.0,
        "Diluted EPS": -0.07,
        "Basic EPS": -0.07,
        "Diluted NI Availto Com Stockholders": -5111000.0,
        "Average Dilution Earnings": -133000.0,
        "Net Income Common Stockholders": -5111000.0,
        "Otherunder Preferred Stock Dividend": -23000.0,
        "Net Income": -5111000.0,
        "Minority Interests": 5861000.0,
        "Net Income Including Noncontrolling Interests": -10972000.0,
        "Net Income Continuous Operations": -10972000.0,
        "Tax Provision": 8000.0,
        "Pretax Income": -10964000.0,
        "Other Income Expense": 755000.0,
        "Other Non Operating Income Expenses": 112000.0,
        "Special Income Charges": 0.0,
        "Restructuring And Mergern Acquisition": 0.0,
        "Earnings From Equity Interest": 643000.0,
        "Net Non Operating Interest Income Expense": 117000.0,
        "Interest Expense Non Operating": NaN,
        "Interest Income Non Operating": 117000.0,
        "Operating Income": -11836000.0,
        "Operating Expense": 12651000.0,
        "Selling General And Administration": 12651000.0,
        "Gross Profit": 815000.0,
        "Cost Of Revenue": 4578000.0,
        "Total Revenue": 5393000.0,
        "Operating Revenue": 5393000.0
    },
    "2022-03-31": {
        "Diluted EPS": -0.11,
        "Total Revenue": 5,
        "Gross Profit": 0,
        "Operating Income": -36,
        "EBIT": -34,
        "Net Income": -17
    },
    "2021-12-31": {
        "Diluted EPS": 0.16,
        "Total Revenue": 182,
        "Gross Profit": 174,
        "Operating Income": 50,
        "EBIT": 56,
        "Net Income": 22
    },
    "2021-09-30": {
        "Diluted EPS": -0.03,
        "Total Revenue": 21,
        "Gross Profit": 11,
        "Operating Income": -10,
        "EBIT": -4,
        "Net Income": -4
    },
    "2021-06-30": {
        "Diluted EPS": -0.03,
        "Total Revenue": 8,
        "Gross Profit": 1,
        "Operating Income": -18,
        "EBIT": -14,
        "Net Income": -2
    },
    "2021-03-31": {
        "Diluted EPS": -0.07,
        "Total Revenue": 13,
        "Gross Profit": 1,
        "Operating Income": -19,
        "EBIT": -9,
        "Net Income": -10
    },
    "2020-12-31": {
        "Diluted EPS": 0.06,
        "Total Revenue": 112,
        "Gross Profit": 33,
        "Operating Income": 8,
        "EBIT": 11,
        "Net Income": 1
    },
    "2020-09-30": {
        "Diluted EPS": 0.08,
        "Total Revenue": 8,
        "Gross Profit": 1,
        "Operating Income": -16,
        "EBIT": -12,
        "Net Income": 17
    },
    "2020-06-30": {
        "Diluted EPS": 0.03,
        "Total Revenue": 24,
        "Gross Profit": 6,
        "Operating Income": -10,
        "EBIT": -6,
        "Net Income": 7
    },
    "2020-03-31": {
        "Diluted EPS": -0.17,
        "Total Revenue": 9,
        "Gross Profit": 1,
        "Operating Income": -23,
        "EBIT": -20,
        "Net Income": -25
    },
    "2019-12-31": {
        "Diluted EPS": 0.08,
        "Total Revenue": 147,
        "Gross Profit": 140,
        "Operating Income": 17,
        "EBIT": 20,
        "Net Income": 6
    },
    "2019-09-30": {
        "Diluted EPS": -0.07,
        "Total Revenue": 12,
        "Gross Profit": 3,
        "Operating Income": -23,
        "EBIT": -17,
        "Net Income": -11
    },
    "2019-06-30": {
        "Diluted EPS": -0.07,
        "Total Revenue": 12,
        "Gross Profit": 4,
        "Operating Income": -22,
        "EBIT": -17,
        "Net Income": -11
    },
    "2019-03-31": {
        "Diluted EPS": 0.11,
        "Total Revenue": 13,
        "Gross Profit": 4,
        "Operating Income": -22,
        "EBIT": -17,
        "Net Income": 24
    },
    "2018-12-31": {
        "Diluted EPS": -0.11,
        "Total Revenue": 8,
        "Gross Profit": 4,
        "Operating Income": -11,
        "EBIT": -9,
        "Net Income": -14
    },
    "2018-09-30": {
        "Diluted EPS": -0.07,
        "Total Revenue": 13,
        "Gross Profit": 5,
        "Operating Income": -21,
        "EBIT": -17,
        "Net Income": -10
    },
    "2018-06-30": {
        "Diluted EPS": -0.04,
        "Total Revenue": 13,
        "Gross Profit": 5,
        "Operating Income": -24,
        "EBIT": -20,
        "Net Income": -5
    },
    "2018-03-31": {
        "Diluted EPS": -0.02,
        "Total Revenue": 15,
        "Gross Profit": 5,
        "Operating Income": -23,
        "EBIT": -19,
        "Net Income": -5
    },
    "2017-12-31": {
        "Diluted EPS": 0.77,
        "Total Revenue": 22,
        "Gross Profit": 15,
        "Operating Income": -14,
        "EBIT": -14,
        "Net Income": 95
    },
    "2017-09-30": {
        "Diluted EPS": -0.03,
        "Total Revenue": 12,
        "Gross Profit": 4,
        "Operating Income": -33,
        "EBIT": -33,
        "Net Income": -4
    },
    "2017-06-30": {
        "Diluted EPS": -0.19,
        "Total Revenue": 13,
        "Gross Profit": 6,
        "Operating Income": -22,
        "EBIT": -21,
        "Net Income": -10
    },
    "2017-03-31": {
        "Diluted EPS": -0.2,
        "Total Revenue": 92,
        "Gross Profit": 7,
        "Operating Income": -20,
        "EBIT": -20,
        "Net Income": -8
    },
    "2016-12-31": {
        "Diluted EPS": -0.47,
        "Total Revenue": 17,
        "Gross Profit": -1,
        "Operating Income": -19,
        "EBIT": -18,
        "Net Income": -3
    },
    "2016-09-30": {
        "Diluted EPS": -0.06,
        "Total Revenue": 11,
        "Gross Profit": 7,
        "Operating Income": -19,
        "EBIT": -18,
        "Net Income": -6
    },
    "2016-06-30": {
        "Diluted EPS": -0.22,
        "Total Revenue": 7,
        "Gross Profit": 4,
        "Operating Income": -54,
        "EBIT": -54,
        "Net Income": -19
    },
    "2016-03-31": {
        "Diluted EPS": -0.14,
        "Total Revenue": 4,
        "Gross Profit": 2,
        "Operating Income": -11,
        "EBIT": -11,
        "Net Income": -5
    },
    "2015-12-31": {
        "Diluted EPS": 0.0,
        "Total Revenue": NaN,
        "Gross Profit": NaN,
        "Operating Income": NaN,
        "EBIT": NaN,
        "Net Income": NaN
    },
    "2023-09-30": {
        "Tax Effect Of Unusual Items": 0.0,
        "Tax Rate For Calcs": 0.000212,
        "Normalized EBITDA": 14243000.0,
        "Total Unusual Items": 0.0,
        "Total Unusual Items Excluding Goodwill": 0.0,
        "Net Income From Continuing Operation Net Minority Interest": 6603000.0,
        "Reconciled Depreciation": 1873000.0,
        "Reconciled Cost Of Revenue": 42689000.0,
        "EBITDA": 14243000.0,
        "EBIT": 12370000.0,
        "Net Interest Income": 2413000.0,
        "Interest Income": 2413000.0,
        "Normalized Income": 6603000.0,
        "Net Income From Continuing And Discontinued Operation": 6603000.0,
        "Total Expenses": 53553000.0,
        "Diluted Average Shares": 224545810.0,
        "Basic Average Shares": 148099327.0,
        "Diluted EPS": 0.09,
        "Basic EPS": 0.1,
        "Diluted NI Availto Com Stockholders": 13797000.0,
        "Average Dilution Earnings": 7226000.0,
        "Net Income Common Stockholders": 6571000.0,
        "Otherunder Preferred Stock Dividend": 32000.0,
        "Net Income": 6603000.0,
        "Minority Interests": -7555000.0,
        "Net Income Including Noncontrolling Interests": 14158000.0,
        "Net Income Continuous Operations": 14158000.0,
        "Tax Provision": 3000.0,
        "Pretax Income": 14161000.0,
        "Other Income Expense": -622000.0,
        "Other Non Operating Income Expenses": 1074000.0,
        "Special Income Charges": 0.0,
        "Other Special Charges": NaN,
        "Restructuring And Mergern Acquisition": 0.0,
        "Earnings From Equity Interest": -622000.0,
        "Net Non Operating Interest Income Expense": 2413000.0,
        "Interest Income Non Operating": 2413000.0,
        "Operating Income": 12370000.0,
        "Operating Expense": 10864000.0,
        "Other Operating Expenses": -1095000.0,
        "Selling General And Administration": 11959000.0,
        "General And Administrative Expense": 11959000.0,
        "Other Gand A": 11938000.0,
        "Salaries And Wages": 21000.0,
        "Gross Profit": 23234000.0,
        "Cost Of Revenue": 42689000.0,
        "Total Revenue": 65923000.0,
        "Operating Revenue": 65923000.0
    },
    "2023-12-31": {
        "Tax Effect Of Unusual Items": 0.0,
        "Tax Rate For Calcs": 0.21,
        "Normalized EBITDA": 36158000.0,
        "Total Unusual Items": 0.0,
        "Total Unusual Items Excluding Goodwill": 0.0,
        "Net Income From Continuing Operation Net Minority Interest": 29756000.0,
        "Reconciled Depreciation": 6857000.0,
        "Reconciled Cost Of Revenue": 76281000.0,
        "EBITDA": 36158000.0,
        "EBIT": 29301000.0,
        "Net Interest Income": 2688000.0,
        "Interest Income": 2688000.0,
        "Normalized Income": 29756000.0,
        "Net Income From Continuing And Discontinued Operation": 29756000.0,
        "Total Expenses": 89458000.0,
        "Diluted Average Shares": 224564679.0,
        "Basic Average Shares": 148153135.0,
        "Diluted EPS": 0.39,
        "Basic EPS": 0.43,
        "Diluted NI Availto Com Stockholders": 57382000.0,
        "Average Dilution Earnings": 27787000.0,
        "Net Income Common Stockholders": 29595000.0,
        "Otherunder Preferred Stock Dividend": 161000.0,
        "Net Income": 29756000.0,
        "Minority Interests": -28981000.0,
        "Net Income Including Noncontrolling Interests": 58737000.0,
        "Net Income Continuous Operations": 58737000.0,
        "Tax Provision": -4434000.0,
        "Pretax Income": 54303000.0,
        "Other Income Expense": 22314000.0,
        "Other Non Operating Income Expenses": -1727000.0,
        "Special Income Charges": 0.0,
        "Other Special Charges": NaN,
        "Restructuring And Mergern Acquisition": 0.0,
        "Earnings From Equity Interest": 24041000.0,
        "Net Non Operating Interest Income Expense": 2688000.0,
        "Interest Income Non Operating": 2688000.0,
        "Operating Income": 29301000.0,
        "Operating Expense": 13177000.0,
        "Other Operating Expenses": NaN,
        "Selling General And Administration": 13177000.0,
        "General And Administrative Expense": NaN,
        "Other Gand A": NaN,
        "Salaries And Wages": NaN,
        "Gross Profit": 42478000.0,
        "Cost Of Revenue": 76281000.0,
        "Total Revenue": 118759000.0,
        "Operating Revenue": 118759000.0
    },
    "2024-03-31": {
        "Tax Effect Of Unusual Items": -804060.537161,
        "Tax Rate For Calcs": 0.135569,
        "Normalized EBITDA": 958000.0,
        "Total Unusual Items": -5931000.0,
        "Total Unusual Items Excluding Goodwill": -5931000.0,
        "Net Income From Continuing Operation Net Minority Interest": 2326000.0,
        "Reconciled Depreciation": 2870000.0,
        "Reconciled Cost Of Revenue": 4886000.0,
        "EBITDA": -4973000.0,
        "EBIT": -7843000.0,
        "Net Interest Income": 3225000.0,
        "Interest Income": 3225000.0,
        "Normalized Income": 7452939.462839,
        "Net Income From Continuing And Discontinued Operation": 2326000.0,
        "Total Expenses": 17778000.0,
        "Diluted Average Shares": 145876835.0,
        "Basic Average Shares": 69058585.0,
        "Diluted EPS": 0.03,
        "Basic EPS": 0.03,
        "Diluted NI Availto Com Stockholders": 4857000.0,
        "Average Dilution Earnings": 2531000.0,
        "Net Income Common Stockholders": 2326000.0,
        "Otherunder Preferred Stock Dividend": 0.0,
        "Net Income": 2326000.0,
        "Minority Interests": -3757000.0,
        "Net Income Including Noncontrolling Interests": 6083000.0,
        "Net Income Continuous Operations": 6083000.0,
        "Tax Provision": 954000.0,
        "Pretax Income": 7037000.0,
        "Other Income Expense": 11655000.0,
        "Other Non Operating Income Expenses": NaN,
        "Special Income Charges": -5931000.0,
        "Other Special Charges": 5931000.0,
        "Restructuring And Mergern Acquisition": NaN,
        "Earnings From Equity Interest": 17586000.0,
        "Net Non Operating Interest Income Expense": 3225000.0,
        "Interest Income Non Operating": 3225000.0,
        "Operating Income": -7843000.0,
        "Operating Expense": 12892000.0,
        "Other Operating Expenses": NaN,
        "Selling General And Administration": 12892000.0,
        "General And Administrative Expense": 12892000.0,
        "Other Gand A": 12916000.0,
        "Salaries And Wages": -24000.0,
        "Gross Profit": 5049000.0,
        "Cost Of Revenue": 4886000.0,
        "Total Revenue": 9935000.0,
        "Operating Revenue": 9935000.0
    },
    "2024-06-30": {
        "Tax Effect Of Unusual Items": 399.051982,
        "Tax Rate For Calcs": 0.133017,
        "Normalized EBITDA": 36065000.0,
        "Total Unusual Items": 3000.0,
        "Total Unusual Items Excluding Goodwill": 3000.0,
        "Net Income From Continuing Operation Net Minority Interest": 14722000.0,
        "Reconciled Depreciation": 10232000.0,
        "Reconciled Cost Of Revenue": 13193000.0,
        "EBITDA": 36068000.0,
        "EBIT": 25836000.0,
        "Net Interest Income": 2755000.0,
        "Interest Income": 2755000.0,
        "Normalized Income": 14719399.051982,
        "Net Income From Continuing And Discontinued Operation": 14722000.0,
        "Total Expenses": 25356000.0,
        "Diluted Average Shares": 225169750.0,
        "Basic Average Shares": 148472840.0,
        "Diluted EPS": 0.21,
        "Basic EPS": 0.21,
        "Diluted NI Availto Com Stockholders": 30689000.0,
        "Average Dilution Earnings": 15992000.0,
        "Net Income Common Stockholders": 14697000.0,
        "Otherunder Preferred Stock Dividend": 25000.0,
        "Net Income": 14722000.0,
        "Minority Interests": -23505000.0,
        "Net Income Including Noncontrolling Interests": 38227000.0,
        "Net Income Continuous Operations": 38227000.0,
        "Tax Provision": 5865000.0,
        "Pretax Income": 44092000.0,
        "Other Income Expense": 15501000.0,
        "Other Non Operating Income Expenses": NaN,
        "Special Income Charges": 3000.0,
        "Other Special Charges": -3000.0,
        "Restructuring And Mergern Acquisition": NaN,
        "Earnings From Equity Interest": 15498000.0,
        "Net Non Operating Interest Income Expense": 2755000.0,
        "Interest Income Non Operating": 2755000.0,
        "Operating Income": 25836000.0,
        "Operating Expense": 12163000.0,
        "Other Operating Expenses": NaN,
        "Selling General And Administration": 12163000.0,
        "General And Administrative Expense": 12163000.0,
        "Other Gand A": 12186000.0,
        "Salaries And Wages": -23000.0,
        "Gross Profit": 37999000.0,
        "Cost Of Revenue": 13193000.0,
        "Total Revenue": 51192000.0,
        "Operating Revenue": 51192000.0
    },
    "2024-09-30": {
        "Tax Effect Of Unusual Items": 0.0,
        "Tax Rate For Calcs": 0.132621,
        "Normalized EBITDA": 2625000.0,
        "Total Unusual Items": NaN,
        "Total Unusual Items Excluding Goodwill": NaN,
        "Net Income From Continuing Operation Net Minority Interest": 4756000.0,
        "Reconciled Depreciation": 2986000.0,
        "Reconciled Cost Of Revenue": 5487000.0,
        "EBITDA": 2625000.0,
        "EBIT": -361000.0,
        "Net Interest Income": 2595000.0,
        "Interest Income": 2595000.0,
        "Normalized Income": 4756000.0,
        "Net Income From Continuing And Discontinued Operation": 4756000.0,
        "Total Expenses": 17374000.0,
        "Diluted Average Shares": 225798961.0,
        "Basic Average Shares": 148512572.0,
        "Diluted EPS": 0.07,
        "Basic EPS": 0.07,
        "Diluted NI Availto Com Stockholders": 9860000.0,
        "Average Dilution Earnings": 5109000.0,
        "Net Income Common Stockholders": 4751000.0,
        "Otherunder Preferred Stock Dividend": 5000.0,
        "Net Income": 4756000.0,
        "Minority Interests": -7579000.0,
        "Net Income Including Noncontrolling Interests": 12335000.0,
        "Net Income Continuous Operations": 12335000.0,
        "Tax Provision": 1886000.0,
        "Pretax Income": 14221000.0,
        "Other Income Expense": 11987000.0,
        "Other Non Operating Income Expenses": NaN,
        "Special Income Charges": NaN,
        "Other Special Charges": NaN,
        "Restructuring And Mergern Acquisition": NaN,
        "Earnings From Equity Interest": 11987000.0,
        "Net Non Operating Interest Income Expense": 2595000.0,
        "Interest Income Non Operating": 2595000.0,
        "Operating Income": -361000.0,
        "Operating Expense": 11887000.0,
        "Other Operating Expenses": NaN,
        "Selling General And Administration": 11887000.0,
        "General And Administrative Expense": 11887000.0,
        "Other Gand A": 11911000.0,
        "Salaries And Wages": -24000.0,
        "Gross Profit": 11526000.0,
        "Cost Of Revenue": 5487000.0,
        "Total Revenue": 17013000.0,
        "Operating Revenue": 17013000.0
    }
}