{
    "2023-03-31": {
        "Tax Effect Of Unusual Items": NaN,
        "Tax Rate For Calcs": NaN,
        "Total Unusual Items": NaN,
        "Total Unusual Items Excluding Goodwill": NaN,
        "Net Income From Continuing Operation Net Minority Interest": NaN,
        "Reconciled Depreciation": NaN,
        "Net Interest Income": NaN,
        "Interest Expense": NaN,
        "Interest Income": NaN,
        "Normalized Income": NaN,
        "Net Income From Continuing And Discontinued Operation": NaN,
        "Diluted Average Shares": 4417000.0,
        "Basic Average Shares": 4395000.0,
        "Diluted EPS": 0.75,
        "Basic EPS": 0.75,
        "Diluted NI Availto Com Stockholders": NaN,
        "Net Income Common Stockholders": NaN,
        "Net Income": NaN,
        "Net Income Including Noncontrolling Interests": NaN,
        "Net Income Continuous Operations": NaN,
        "Tax Provision": NaN,
        "Pretax Income": NaN,
        "Special Income Charges": NaN,
        "Other Special Charges": NaN,
        "Gain On Sale Of Security": NaN,
        "Selling General And Administration": NaN,
        "Selling And Marketing Expense": NaN,
        "General And Administrative Expense": NaN,
        "Insurance And Claims": NaN,
        "Salaries And Wages": NaN,
        "Total Revenue": NaN,
        "Operating Revenue": NaN,
        "Occupancy And Equipment": NaN,
        "Professional Expense And Contract Services Expense": NaN,
        "Other Non Interest Expense": NaN
    },
    "2022-12-31": {
        "Tax Effect Of Unusual Items": NaN,
        "Tax Rate For Calcs": NaN,
        "Total Unusual Items": 0.0,
        "Total Unusual Items Excluding Goodwill": 0.0,
        "Net Income From Continuing Operation Net Minority Interest": NaN,
        "Reconciled Depreciation": NaN,
        "Net Interest Income": NaN,
        "Interest Expense": NaN,
        "Interest Income": NaN,
        "Normalized Income": NaN,
        "Net Income From Continuing And Discontinued Operation": NaN,
        "Diluted Average Shares": NaN,
        "Basic Average Shares": NaN,
        "Diluted EPS": NaN,
        "Basic EPS": NaN,
        "Diluted NI Availto Com Stockholders": NaN,
        "Net Income Common Stockholders": NaN,
        "Net Income": NaN,
        "Net Income Including Noncontrolling Interests": NaN,
        "Net Income Continuous Operations": NaN,
        "Tax Provision": NaN,
        "Pretax Income": NaN,
        "Special Income Charges": 0.0,
        "Other Special Charges": NaN,
        "Gain On Sale Of Security": NaN,
        "Selling General And Administration": NaN,
        "Selling And Marketing Expense": NaN,
        "General And Administrative Expense": NaN,
        "Insurance And Claims": NaN,
        "Salaries And Wages": NaN,
        "Total Revenue": NaN,
        "Operating Revenue": NaN,
        "Occupancy And Equipment": NaN,
        "Professional Expense And Contract Services Expense": NaN,
        "Other Non Interest Expense": NaN
    },
    "2022-09-30": {
        "Tax Effect Of Unusual Items": NaN,
        "Tax Rate For Calcs": NaN,
        "Total Unusual Items": 0.0,
        "Total Unusual Items Excluding Goodwill": 0.0,
        "Net Income From Continuing Operation Net Minority Interest": NaN,
        "Reconciled Depreciation": NaN,
        "Net Interest Income": NaN,
        "Interest Expense": NaN,
        "Interest Income": NaN,
        "Normalized Income": NaN,
        "Net Income From Continuing And Discontinued Operation": NaN,
        "Diluted Average Shares": 4424000.0,
        "Basic Average Shares": 4401000.0,
        "Diluted EPS": 1.05,
        "Basic EPS": 1.05,
        "Diluted NI Availto Com Stockholders": NaN,
        "Net Income Common Stockholders": NaN,
        "Net Income": NaN,
        "Net Income Including Noncontrolling Interests": NaN,
        "Net Income Continuous Operations": NaN,
        "Tax Provision": NaN,
        "Pretax Income": NaN,
        "Special Income Charges": 0.0,
        "Other Special Charges": NaN,
        "Gain On Sale Of Security": NaN,
        "Selling General And Administration": NaN,
        "Selling And Marketing Expense": NaN,
        "General And Administrative Expense": NaN,
        "Insurance And Claims": NaN,
        "Salaries And Wages": NaN,
        "Total Revenue": NaN,
        "Operating Revenue": NaN
    },
    "2022-06-30": {
        "Tax Effect Of Unusual Items": 0.0,
        "Tax Rate For Calcs": 0.143,
        "Total Unusual Items": NaN,
        "Total Unusual Items Excluding Goodwill": NaN,
        "Net Income From Continuing Operation Net Minority Interest": 3578000.0,
        "Reconciled Depreciation": 277000.0,
        "Net Interest Income": 12103000.0,
        "Interest Expense": 764000.0,
        "Interest Income": 12867000.0,
        "Normalized Income": 3578000.0,
        "Net Income From Continuing And Discontinued Operation": 3578000.0,
        "Diluted Average Shares": 4466000.0,
        "Basic Average Shares": 4450000.0,
        "Diluted EPS": 0.8,
        "Basic EPS": 0.8,
        "Diluted NI Availto Com Stockholders": 3578000.0,
        "Net Income Common Stockholders": 3578000.0,
        "Net Income": 3578000.0,
        "Net Income Including Noncontrolling Interests": 3578000.0,
        "Net Income Continuous Operations": 3578000.0,
        "Tax Provision": 595000.0,
        "Pretax Income": 4173000.0,
        "Special Income Charges": NaN,
        "Gain On Sale Of Security": -15000.0,
        "Selling General And Administration": 7675000.0,
        "Selling And Marketing Expense": 460000.0,
        "General And Administrative Expense": 7215000.0,
        "Other Gand A": 1367000.0,
        "Insurance And Claims": 170000.0,
        "Salaries And Wages": 7045000.0,
        "Total Revenue": 15842000.0,
        "Operating Revenue": 15842000.0
    },
    "2022-03-31": {
        "Diluted EPS": 0.67,
        "Total Revenue": 15,
        "Gross Profit": 15,
        "Operating Income": 3,
        "EBIT": NaN,
        "Net Income": 3
    },
    "2021-12-31": {
        "Diluted EPS": 0.83,
        "Total Revenue": 17,
        "Gross Profit": 16,
        "Operating Income": 4,
        "EBIT": NaN,
        "Net Income": 4
    },
    "2021-09-30": {
        "Diluted EPS": 1.31,
        "Total Revenue": 18,
        "Gross Profit": 18,
        "Operating Income": 7,
        "EBIT": NaN,
        "Net Income": 6
    },
    "2021-06-30": {
        "Diluted EPS": 1.19,
        "Total Revenue": 16,
        "Gross Profit": 15,
        "Operating Income": 6,
        "EBIT": NaN,
        "Net Income": 5
    },
    "2021-03-31": {
        "Diluted EPS": 1.09,
        "Total Revenue": 16,
        "Gross Profit": 15,
        "Operating Income": 6,
        "EBIT": NaN,
        "Net Income": 5
    },
    "2020-12-31": {
        "Diluted EPS": 1.04,
        "Total Revenue": 16,
        "Gross Profit": 15,
        "Operating Income": 5,
        "EBIT": NaN,
        "Net Income": 5
    },
    "2020-09-30": {
        "Diluted EPS": 0.79,
        "Total Revenue": 15,
        "Gross Profit": 14,
        "Operating Income": 4,
        "EBIT": NaN,
        "Net Income": 3
    },
    "2020-06-30": {
        "Diluted EPS": 0.71,
        "Total Revenue": 15,
        "Gross Profit": 14,
        "Operating Income": 2,
        "EBIT": NaN,
        "Net Income": 3
    },
    "2020-03-31": {
        "Diluted EPS": 0.39,
        "Total Revenue": 16,
        "Gross Profit": 14,
        "Operating Income": 2,
        "EBIT": NaN,
        "Net Income": 2
    },
    "2019-12-31": {
        "Diluted EPS": 1.01,
        "Total Revenue": 17,
        "Gross Profit": 15,
        "Operating Income": 5,
        "EBIT": NaN,
        "Net Income": 4
    },
    "2019-09-30": {
        "Diluted EPS": 1.03,
        "Total Revenue": 16,
        "Gross Profit": 14,
        "Operating Income": 5,
        "EBIT": NaN,
        "Net Income": 4
    },
    "2019-06-30": {
        "Diluted EPS": 0.9,
        "Total Revenue": 16,
        "Gross Profit": 14,
        "Operating Income": 5,
        "EBIT": NaN,
        "Net Income": 4
    },
    "2019-03-31": {
        "Diluted EPS": 0.73,
        "Total Revenue": 15,
        "Gross Profit": 13,
        "Operating Income": 4,
        "EBIT": NaN,
        "Net Income": 3
    },
    "2018-12-31": {
        "Diluted EPS": 0.86,
        "Total Revenue": 15,
        "Gross Profit": 14,
        "Operating Income": 4,
        "EBIT": NaN,
        "Net Income": 4
    },
    "2018-09-30": {
        "Diluted EPS": 0.91,
        "Total Revenue": 15,
        "Gross Profit": 13,
        "Operating Income": 5,
        "EBIT": NaN,
        "Net Income": 4
    },
    "2018-06-30": {
        "Diluted EPS": -1.18,
        "Total Revenue": 14,
        "Gross Profit": 13,
        "Operating Income": -7,
        "EBIT": NaN,
        "Net Income": -5
    },
    "2018-03-31": {
        "Diluted EPS": 0.8,
        "Total Revenue": 14,
        "Gross Profit": 13,
        "Operating Income": 4,
        "EBIT": NaN,
        "Net Income": 4
    },
    "2017-12-31": {
        "Diluted EPS": -1.67,
        "Total Revenue": 13,
        "Gross Profit": 13,
        "Operating Income": -7,
        "EBIT": NaN,
        "Net Income": -7
    },
    "2017-09-30": {
        "Diluted EPS": 0.7,
        "Total Revenue": 13,
        "Gross Profit": 12,
        "Operating Income": 5,
        "EBIT": NaN,
        "Net Income": 3
    },
    "2017-06-30": {
        "Diluted EPS": 0.77,
        "Total Revenue": 13,
        "Gross Profit": 13,
        "Operating Income": 4,
        "EBIT": NaN,
        "Net Income": 3
    },
    "2017-03-31": {
        "Diluted EPS": 0.7,
        "Total Revenue": 12,
        "Gross Profit": 12,
        "Operating Income": 4,
        "EBIT": NaN,
        "Net Income": 3
    },
    "2016-12-31": {
        "Diluted EPS": 0.4,
        "Total Revenue": 13,
        "Gross Profit": 12,
        "Operating Income": 1,
        "EBIT": NaN,
        "Net Income": 2
    },
    "2016-09-30": {
        "Diluted EPS": 0.48,
        "Total Revenue": 12,
        "Gross Profit": 12,
        "Operating Income": 2,
        "EBIT": NaN,
        "Net Income": 2
    },
    "2016-06-30": {
        "Diluted EPS": 0.36,
        "Total Revenue": 12,
        "Gross Profit": 11,
        "Operating Income": 2,
        "EBIT": NaN,
        "Net Income": 2
    },
    "2016-03-31": {
        "Diluted EPS": 0.64,
        "Total Revenue": 12,
        "Gross Profit": 12,
        "Operating Income": 4,
        "EBIT": NaN,
        "Net Income": 3
    },
    "2015-12-31": {
        "Diluted EPS": 0.53,
        "Total Revenue": 12,
        "Gross Profit": 11,
        "Operating Income": 2,
        "EBIT": NaN,
        "Net Income": 2
    },
    "2015-09-30": {
        "Diluted EPS": 0.61,
        "Total Revenue": 12,
        "Gross Profit": 11,
        "Operating Income": 3,
        "EBIT": NaN,
        "Net Income": 3
    },
    "2015-06-30": {
        "Diluted EPS": 0.58,
        "Total Revenue": 12,
        "Gross Profit": 11,
        "Operating Income": 3,
        "EBIT": NaN,
        "Net Income": 2
    },
    "2015-03-31": {
        "Diluted EPS": 0.68,
        "Total Revenue": 12,
        "Gross Profit": 12,
        "Operating Income": 4,
        "EBIT": NaN,
        "Net Income": 3
    },
    "2014-12-31": {
        "Diluted EPS": 0.44,
        "Total Revenue": 12,
        "Gross Profit": 11,
        "Operating Income": 3,
        "EBIT": NaN,
        "Net Income": 2
    },
    "2014-09-30": {
        "Diluted EPS": 0.57,
        "Total Revenue": 12,
        "Gross Profit": 11,
        "Operating Income": 3,
        "EBIT": NaN,
        "Net Income": 2
    },
    "2014-06-30": {
        "Diluted EPS": 0.55,
        "Total Revenue": 12,
        "Gross Profit": 11,
        "Operating Income": 3,
        "EBIT": NaN,
        "Net Income": 2
    },
    "2014-03-31": {
        "Diluted EPS": 0.44,
        "Total Revenue": 11,
        "Gross Profit": 10,
        "Operating Income": 2,
        "EBIT": NaN,
        "Net Income": 2
    },
    "2013-12-31": {
        "Diluted EPS": 0.27,
        "Total Revenue": 12,
        "Gross Profit": 11,
        "Operating Income": 2,
        "EBIT": NaN,
        "Net Income": 1
    },
    "2013-09-30": {
        "Diluted EPS": 0.53,
        "Total Revenue": 11,
        "Gross Profit": 11,
        "Operating Income": 3,
        "EBIT": NaN,
        "Net Income": 2
    },
    "2013-06-30": {
        "Diluted EPS": 0.33,
        "Total Revenue": 11,
        "Gross Profit": 10,
        "Operating Income": 2,
        "EBIT": NaN,
        "Net Income": 1
    },
    "2013-03-31": {
        "Diluted EPS": 0.38,
        "Total Revenue": 11,
        "Gross Profit": 10,
        "Operating Income": 2,
        "EBIT": NaN,
        "Net Income": 2
    },
    "2012-12-31": {
        "Diluted EPS": 0.08,
        "Total Revenue": 12,
        "Gross Profit": 10,
        "Operating Income": 0,
        "EBIT": NaN,
        "Net Income": 0
    },
    "2012-09-30": {
        "Diluted EPS": 0.43,
        "Total Revenue": 12,
        "Gross Profit": 10,
        "Operating Income": 2,
        "EBIT": NaN,
        "Net Income": 2
    },
    "2012-06-30": {
        "Diluted EPS": 0.47,
        "Total Revenue": 12,
        "Gross Profit": 11,
        "Operating Income": 2,
        "EBIT": NaN,
        "Net Income": 2
    },
    "2012-03-31": {
        "Diluted EPS": 0.34,
        "Total Revenue": 13,
        "Gross Profit": 11,
        "Operating Income": 2,
        "EBIT": NaN,
        "Net Income": 1
    },
    "2011-12-31": {
        "Diluted EPS": 0.47,
        "Total Revenue": 13,
        "Gross Profit": 11,
        "Operating Income": 3,
        "EBIT": NaN,
        "Net Income": 2
    },
    "2011-09-30": {
        "Diluted EPS": 0.27,
        "Total Revenue": 13,
        "Gross Profit": 11,
        "Operating Income": 1,
        "EBIT": NaN,
        "Net Income": 1
    },
    "2011-06-30": {
        "Diluted EPS": 0.45,
        "Total Revenue": 13,
        "Gross Profit": 11,
        "Operating Income": 2,
        "EBIT": NaN,
        "Net Income": 2
    },
    "2011-03-31": {
        "Diluted EPS": 0.47,
        "Total Revenue": 13,
        "Gross Profit": 10,
        "Operating Income": 3,
        "EBIT": NaN,
        "Net Income": 2
    },
    "2010-12-31": {
        "Diluted EPS": 0.43,
        "Total Revenue": 13,
        "Gross Profit": 10,
        "Operating Income": 3,
        "EBIT": NaN,
        "Net Income": 2
    },
    "2010-09-30": {
        "Diluted EPS": 0.46,
        "Total Revenue": 13,
        "Gross Profit": 10,
        "Operating Income": 3,
        "EBIT": NaN,
        "Net Income": 2
    },
    "2010-06-30": {
        "Diluted EPS": 0.56,
        "Total Revenue": 13,
        "Gross Profit": 10,
        "Operating Income": 3,
        "EBIT": NaN,
        "Net Income": 2
    },
    "2010-03-31": {
        "Diluted EPS": 0.51,
        "Total Revenue": 13,
        "Gross Profit": 10,
        "Operating Income": 3,
        "EBIT": NaN,
        "Net Income": 2
    },
    "2009-12-31": {
        "Diluted EPS": 0.45,
        "Total Revenue": 13,
        "Gross Profit": 10,
        "Operating Income": 3,
        "EBIT": NaN,
        "Net Income": 2
    },
    "2009-09-30": {
        "Diluted EPS": 0.28,
        "Total Revenue": 13,
        "Gross Profit": 9,
        "Operating Income": 1,
        "EBIT": NaN,
        "Net Income": 1
    },
    "2009-06-30": {
        "Diluted EPS": 0.43,
        "Total Revenue": 13,
        "Gross Profit": 10,
        "Operating Income": 2,
        "EBIT": NaN,
        "Net Income": 2
    },
    "2009-03-31": {
        "Diluted EPS": 0.55,
        "Total Revenue": 13,
        "Gross Profit": 10,
        "Operating Income": 3,
        "EBIT": NaN,
        "Net Income": 2
    },
    "2023-06-30": {
        "Tax Effect Of Unusual Items": NaN,
        "Tax Rate For Calcs": NaN,
        "Total Unusual Items": -495000.0,
        "Total Unusual Items Excluding Goodwill": -495000.0,
        "Net Income From Continuing Operation Net Minority Interest": NaN,
        "Reconciled Depreciation": NaN,
        "Net Interest Income": NaN,
        "Interest Expense": NaN,
        "Interest Income": NaN,
        "Normalized Income": NaN,
        "Net Income From Continuing And Discontinued Operation": NaN,
        "Diluted Average Shares": 4388000.0,
        "Basic Average Shares": 4380000.0,
        "Diluted EPS": 0.68,
        "Basic EPS": 0.68,
        "Diluted NI Availto Com Stockholders": NaN,
        "Net Income Common Stockholders": NaN,
        "Net Income": NaN,
        "Net Income Including Noncontrolling Interests": NaN,
        "Net Income Continuous Operations": NaN,
        "Tax Provision": NaN,
        "Pretax Income": NaN,
        "Special Income Charges": -495000.0,
        "Other Special Charges": 495000.0,
        "Gain On Sale Of Security": NaN,
        "Selling General And Administration": NaN,
        "Selling And Marketing Expense": NaN,
        "General And Administrative Expense": NaN,
        "Insurance And Claims": NaN,
        "Salaries And Wages": NaN,
        "Total Revenue": NaN,
        "Operating Revenue": NaN,
        "Occupancy And Equipment": NaN,
        "Professional Expense And Contract Services Expense": NaN,
        "Other Non Interest Expense": NaN
    },
    "2023-09-30": {
        "Tax Effect Of Unusual Items": 0.0,
        "Tax Rate For Calcs": 0.17,
        "Total Unusual Items": 0.0,
        "Total Unusual Items Excluding Goodwill": 0.0,
        "Net Income From Continuing Operation Net Minority Interest": 3859000.0,
        "Reconciled Depreciation": 518000.0,
        "Net Interest Income": 13696000.0,
        "Interest Expense": 6447000.0,
        "Interest Income": 20143000.0,
        "Normalized Income": 3859000.0,
        "Net Income From Continuing And Discontinued Operation": 3859000.0,
        "Diluted Average Shares": 4369000.0,
        "Basic Average Shares": 4355000.0,
        "Diluted EPS": 0.88,
        "Basic EPS": 0.89,
        "Diluted NI Availto Com Stockholders": 3859000.0,
        "Net Income Common Stockholders": 3859000.0,
        "Net Income": 3859000.0,
        "Net Income Including Noncontrolling Interests": 3859000.0,
        "Net Income Continuous Operations": 3859000.0,
        "Tax Provision": 788000.0,
        "Pretax Income": 4647000.0,
        "Special Income Charges": 0.0,
        "Other Special Charges": NaN,
        "Gain On Sale Of Security": 7000.0,
        "Selling General And Administration": 7743000.0,
        "Selling And Marketing Expense": 531000.0,
        "General And Administrative Expense": 7212000.0,
        "Insurance And Claims": 230000.0,
        "Salaries And Wages": 6982000.0,
        "Total Revenue": 17400000.0,
        "Operating Revenue": 17400000.0,
        "Occupancy And Equipment": 1093000.0,
        "Professional Expense And Contract Services Expense": 588000.0,
        "Other Non Interest Expense": 2454000.0
    },
    "2023-12-31": {
        "Tax Effect Of Unusual Items": 0.0,
        "Tax Rate For Calcs": 0.142751,
        "Total Unusual Items": 0.0,
        "Total Unusual Items Excluding Goodwill": 0.0,
        "Net Income From Continuing Operation Net Minority Interest": 3471000.0,
        "Reconciled Depreciation": 510000.0,
        "Net Interest Income": 13873000.0,
        "Interest Expense": 7616000.0,
        "Interest Income": 21489000.0,
        "Normalized Income": 3471000.0,
        "Net Income From Continuing And Discontinued Operation": 3471000.0,
        "Diluted Average Shares": NaN,
        "Basic Average Shares": NaN,
        "Diluted EPS": NaN,
        "Basic EPS": NaN,
        "Diluted NI Availto Com Stockholders": 3471000.0,
        "Net Income Common Stockholders": 3471000.0,
        "Net Income": 3471000.0,
        "Net Income Including Noncontrolling Interests": 3471000.0,
        "Net Income Continuous Operations": 3471000.0,
        "Tax Provision": 578000.0,
        "Pretax Income": 4049000.0,
        "Special Income Charges": 0.0,
        "Other Special Charges": 0.0,
        "Gain On Sale Of Security": 41000.0,
        "Selling General And Administration": 8323000.0,
        "Selling And Marketing Expense": 471000.0,
        "General And Administrative Expense": 7852000.0,
        "Insurance And Claims": 241000.0,
        "Salaries And Wages": 7611000.0,
        "Total Revenue": 17669000.0,
        "Operating Revenue": 17669000.0,
        "Occupancy And Equipment": 1083000.0,
        "Professional Expense And Contract Services Expense": 708000.0,
        "Other Non Interest Expense": 2718000.0
    },
    "2024-03-31": {
        "Tax Effect Of Unusual Items": 0.0,
        "Tax Rate For Calcs": 0.157,
        "Total Unusual Items": NaN,
        "Total Unusual Items Excluding Goodwill": NaN,
        "Net Income From Continuing Operation Net Minority Interest": 3361000.0,
        "Reconciled Depreciation": 538000.0,
        "Net Interest Income": 13508000.0,
        "Interest Expense": 10256000.0,
        "Interest Income": 23764000.0,
        "Normalized Income": 3361000.0,
        "Net Income From Continuing And Discontinued Operation": 3361000.0,
        "Diluted Average Shares": 4393873.0,
        "Basic Average Shares": 4393873.0,
        "Diluted EPS": 0.764929,
        "Basic EPS": 0.764929,
        "Diluted NI Availto Com Stockholders": 3361000.0,
        "Net Income Common Stockholders": 3361000.0,
        "Net Income": 3361000.0,
        "Net Income Including Noncontrolling Interests": 3361000.0,
        "Net Income Continuous Operations": 3361000.0,
        "Tax Provision": 624000.0,
        "Pretax Income": 3985000.0,
        "Special Income Charges": NaN,
        "Other Special Charges": NaN,
        "Gain On Sale Of Security": -41000.0,
        "Selling General And Administration": 8539000.0,
        "Selling And Marketing Expense": 519000.0,
        "General And Administrative Expense": 8020000.0,
        "Insurance And Claims": 322000.0,
        "Salaries And Wages": 7698000.0,
        "Total Revenue": 17418000.0,
        "Operating Revenue": 17418000.0,
        "Occupancy And Equipment": 1182000.0,
        "Professional Expense And Contract Services Expense": 516000.0,
        "Other Non Interest Expense": 2744000.0
    },
    "2024-06-30": {
        "Tax Effect Of Unusual Items": 0.0,
        "Tax Rate For Calcs": 0.176,
        "Total Unusual Items": 0.0,
        "Total Unusual Items Excluding Goodwill": 0.0,
        "Net Income From Continuing Operation Net Minority Interest": 3033000.0,
        "Reconciled Depreciation": 502000.0,
        "Net Interest Income": 14006000.0,
        "Interest Expense": 10521000.0,
        "Interest Income": 24527000.0,
        "Normalized Income": 3033000.0,
        "Net Income From Continuing And Discontinued Operation": 3033000.0,
        "Diluted Average Shares": 4595455.0,
        "Basic Average Shares": 4412374.0,
        "Diluted EPS": 0.66,
        "Basic EPS": 0.687385,
        "Diluted NI Availto Com Stockholders": 3033000.0,
        "Net Income Common Stockholders": 3033000.0,
        "Net Income": 3033000.0,
        "Net Income Including Noncontrolling Interests": 3033000.0,
        "Net Income Continuous Operations": 3033000.0,
        "Tax Provision": 646000.0,
        "Pretax Income": 3679000.0,
        "Special Income Charges": 0.0,
        "Other Special Charges": NaN,
        "Gain On Sale Of Security": -34000.0,
        "Selling General And Administration": 9430000.0,
        "Selling And Marketing Expense": 617000.0,
        "General And Administrative Expense": 8813000.0,
        "Insurance And Claims": 408000.0,
        "Salaries And Wages": 8405000.0,
        "Total Revenue": 18222000.0,
        "Operating Revenue": 18222000.0,
        "Occupancy And Equipment": 1149000.0,
        "Professional Expense And Contract Services Expense": 515000.0,
        "Other Non Interest Expense": 2903000.0
    },
    "2024-09-30": {
        "Tax Effect Of Unusual Items": 0.0,
        "Tax Rate For Calcs": 0.173,
        "Total Unusual Items": 0.0,
        "Total Unusual Items Excluding Goodwill": 0.0,
        "Net Income From Continuing Operation Net Minority Interest": 4218000.0,
        "Reconciled Depreciation": 527000.0,
        "Net Interest Income": 14425000.0,
        "Interest Expense": 11401000.0,
        "Interest Income": 25826000.0,
        "Normalized Income": 4218000.0,
        "Net Income From Continuing And Discontinued Operation": 4218000.0,
        "Diluted Average Shares": 4440000.0,
        "Basic Average Shares": 4418753.0,
        "Diluted EPS": 0.95,
        "Basic EPS": 0.954568,
        "Diluted NI Availto Com Stockholders": 4218000.0,
        "Net Income Common Stockholders": 4218000.0,
        "Net Income": 4218000.0,
        "Net Income Including Noncontrolling Interests": 4218000.0,
        "Net Income Continuous Operations": 4218000.0,
        "Tax Provision": 885000.0,
        "Pretax Income": 5103000.0,
        "Special Income Charges": 0.0,
        "Other Special Charges": NaN,
        "Gain On Sale Of Security": 303000.0,
        "Selling General And Administration": 9059000.0,
        "Selling And Marketing Expense": 428000.0,
        "General And Administrative Expense": 8631000.0,
        "Insurance And Claims": 550000.0,
        "Salaries And Wages": 8081000.0,
        "Total Revenue": 19198000.0,
        "Operating Revenue": 19198000.0,
        "Occupancy And Equipment": 1150000.0,
        "Professional Expense And Contract Services Expense": 490000.0,
        "Other Non Interest Expense": 2911000.0
    }
}