{
    "2023-03-31": {
        "Tax Effect Of Unusual Items": -109257.0,
        "Tax Rate For Calcs": 0.237,
        "Total Unusual Items": -461000.0,
        "Total Unusual Items Excluding Goodwill": -461000.0,
        "Net Income From Continuing Operation Net Minority Interest": 6989000.0,
        "Reconciled Depreciation": 417000.0,
        "Net Interest Income": 22795000.0,
        "Interest Expense": 11217000.0,
        "Interest Income": 34012000.0,
        "Normalized Income": 7340743.0,
        "Net Income From Continuing And Discontinued Operation": 6989000.0,
        "Diluted Average Shares": 19667194.0,
        "Basic Average Shares": 19503013.0,
        "Diluted EPS": 0.36,
        "Basic EPS": 0.36,
        "Diluted NI Availto Com Stockholders": 6989000.0,
        "Net Income Common Stockholders": 6989000.0,
        "Net Income": 6989000.0,
        "Net Income Including Noncontrolling Interests": 6989000.0,
        "Net Income Continuous Operations": 6989000.0,
        "Tax Provision": 2176000.0,
        "Pretax Income": 9165000.0,
        "Special Income Charges": -461000.0,
        "Restructuring And Mergern Acquisition": 461000.0,
        "Gain On Sale Of Security": -207000.0,
        "Selling General And Administration": 8499000.0,
        "Selling And Marketing Expense": 240000.0,
        "General And Administrative Expense": 8259000.0,
        "Other Gand A": 219000.0,
        "Insurance And Claims": 173000.0,
        "Salaries And Wages": 8086000.0,
        "Total Revenue": 23759000.0,
        "Operating Revenue": 23759000.0
    },
    "2022-12-31": {
        "Tax Effect Of Unusual Items": -109689.747004,
        "Tax Rate For Calcs": 0.242676,
        "Total Unusual Items": -452000.0,
        "Total Unusual Items Excluding Goodwill": -452000.0,
        "Net Income From Continuing Operation Net Minority Interest": 9100000.0,
        "Reconciled Depreciation": 414000.0,
        "Net Interest Income": 23751000.0,
        "Interest Expense": 7763000.0,
        "Interest Income": 31514000.0,
        "Normalized Income": 9442310.252996,
        "Net Income From Continuing And Discontinued Operation": 9100000.0,
        "Diluted Average Shares": NaN,
        "Basic Average Shares": NaN,
        "Diluted EPS": NaN,
        "Basic EPS": NaN,
        "Diluted NI Availto Com Stockholders": 9100000.0,
        "Net Income Common Stockholders": 9100000.0,
        "Net Income": 9100000.0,
        "Net Income Including Noncontrolling Interests": 9100000.0,
        "Net Income Continuous Operations": 9100000.0,
        "Tax Provision": 2916000.0,
        "Pretax Income": 12016000.0,
        "Special Income Charges": -452000.0,
        "Restructuring And Mergern Acquisition": 452000.0,
        "Gain On Sale Of Security": NaN,
        "Selling General And Administration": 5941000.0,
        "Selling And Marketing Expense": 177000.0,
        "General And Administrative Expense": 5764000.0,
        "Other Gand A": -1670000.0,
        "Insurance And Claims": 189000.0,
        "Salaries And Wages": 7434000.0,
        "Total Revenue": 25197000.0,
        "Operating Revenue": 25197000.0
    },
    "2022-09-30": {
        "Tax Effect Of Unusual Items": 0.0,
        "Tax Rate For Calcs": 0.247,
        "Total Unusual Items": 0.0,
        "Total Unusual Items Excluding Goodwill": 0.0,
        "Net Income From Continuing Operation Net Minority Interest": 10206000.0,
        "Reconciled Depreciation": 404000.0,
        "Net Interest Income": 24563000.0,
        "Interest Expense": 3435000.0,
        "Interest Income": 27998000.0,
        "Normalized Income": 10206000.0,
        "Net Income From Continuing And Discontinued Operation": 10206000.0,
        "Diluted Average Shares": 19668133.0,
        "Basic Average Shares": 19451189.0,
        "Diluted EPS": 0.52,
        "Basic EPS": 0.52,
        "Diluted NI Availto Com Stockholders": 10206000.0,
        "Net Income Common Stockholders": 10206000.0,
        "Net Income": 10206000.0,
        "Net Income Including Noncontrolling Interests": 10206000.0,
        "Net Income Continuous Operations": 10206000.0,
        "Tax Provision": 3348000.0,
        "Pretax Income": 13554000.0,
        "Special Income Charges": 0.0,
        "Restructuring And Mergern Acquisition": 0.0,
        "Gain On Sale Of Security": NaN,
        "Selling General And Administration": 8420000.0,
        "Selling And Marketing Expense": 164000.0,
        "General And Administrative Expense": 8256000.0,
        "Other Gand A": 1017000.0,
        "Insurance And Claims": 187000.0,
        "Salaries And Wages": 7052000.0,
        "Total Revenue": 25507000.0,
        "Operating Revenue": 25507000.0
    },
    "2022-06-30": {
        "Tax Effect Of Unusual Items": 0.0,
        "Tax Rate For Calcs": 0.2437,
        "Total Unusual Items": NaN,
        "Total Unusual Items Excluding Goodwill": NaN,
        "Net Income From Continuing Operation Net Minority Interest": 8823000.0,
        "Reconciled Depreciation": 375000.0,
        "Net Interest Income": 22910000.0,
        "Interest Expense": 1953000.0,
        "Interest Income": 24863000.0,
        "Normalized Income": 8823000.0,
        "Net Income From Continuing And Discontinued Operation": 8823000.0,
        "Diluted Average Shares": 19794657.0,
        "Basic Average Shares": 19586103.0,
        "Diluted EPS": 0.45,
        "Basic EPS": 0.45,
        "Diluted NI Availto Com Stockholders": 8823000.0,
        "Net Income Common Stockholders": 8823000.0,
        "Net Income": 8823000.0,
        "Net Income Including Noncontrolling Interests": 8823000.0,
        "Net Income Continuous Operations": 8823000.0,
        "Tax Provision": 2843000.0,
        "Pretax Income": 11666000.0,
        "Special Income Charges": NaN,
        "Restructuring And Mergern Acquisition": NaN,
        "Gain On Sale Of Security": NaN,
        "Selling General And Administration": 8174000.0,
        "Selling And Marketing Expense": 177000.0,
        "General And Administrative Expense": 7997000.0,
        "Other Gand A": 933000.0,
        "Insurance And Claims": 186000.0,
        "Salaries And Wages": 6878000.0,
        "Total Revenue": 24373000.0,
        "Operating Revenue": 24373000.0
    },
    "2022-03-31": {
        "Diluted EPS": 0.41,
        "Total Revenue": 24,
        "Gross Profit": 22,
        "Operating Income": 11,
        "EBIT": NaN,
        "Net Income": 8
    },
    "2021-12-31": {
        "Diluted EPS": 0.39,
        "Total Revenue": 25,
        "Gross Profit": 23,
        "Operating Income": 11,
        "EBIT": NaN,
        "Net Income": 8
    },
    "2021-09-30": {
        "Diluted EPS": 0.46,
        "Total Revenue": 25,
        "Gross Profit": 23,
        "Operating Income": 12,
        "EBIT": NaN,
        "Net Income": 9
    },
    "2021-06-30": {
        "Diluted EPS": 0.45,
        "Total Revenue": 24,
        "Gross Profit": 22,
        "Operating Income": 12,
        "EBIT": NaN,
        "Net Income": 9
    },
    "2021-03-31": {
        "Diluted EPS": 0.49,
        "Total Revenue": 25,
        "Gross Profit": 22,
        "Operating Income": 13,
        "EBIT": NaN,
        "Net Income": 10
    },
    "2020-12-31": {
        "Diluted EPS": 0.3,
        "Total Revenue": 24,
        "Gross Profit": 21,
        "Operating Income": 8,
        "EBIT": NaN,
        "Net Income": 6
    },
    "2020-09-30": {
        "Diluted EPS": 0.3,
        "Total Revenue": 24,
        "Gross Profit": 20,
        "Operating Income": 8,
        "EBIT": NaN,
        "Net Income": 6
    },
    "2020-06-30": {
        "Diluted EPS": 0.21,
        "Total Revenue": 24,
        "Gross Profit": 18,
        "Operating Income": 6,
        "EBIT": NaN,
        "Net Income": 4
    },
    "2020-03-31": {
        "Diluted EPS": 0.16,
        "Total Revenue": 23,
        "Gross Profit": 17,
        "Operating Income": 4,
        "EBIT": NaN,
        "Net Income": 3
    },
    "2019-12-31": {
        "Diluted EPS": 0.25,
        "Total Revenue": 25,
        "Gross Profit": 18,
        "Operating Income": 8,
        "EBIT": NaN,
        "Net Income": 5
    },
    "2019-09-30": {
        "Diluted EPS": 0.06,
        "Total Revenue": 22,
        "Gross Profit": 15,
        "Operating Income": 5,
        "EBIT": NaN,
        "Net Income": 1
    },
    "2019-06-30": {
        "Diluted EPS": 0.15,
        "Total Revenue": 21,
        "Gross Profit": 15,
        "Operating Income": 4,
        "EBIT": NaN,
        "Net Income": 3
    },
    "2019-03-31": {
        "Diluted EPS": 0.23,
        "Total Revenue": 21,
        "Gross Profit": 15,
        "Operating Income": 6,
        "EBIT": NaN,
        "Net Income": 4
    },
    "2018-12-31": {
        "Diluted EPS": 0.21,
        "Total Revenue": 20,
        "Gross Profit": 15,
        "Operating Income": 5,
        "EBIT": NaN,
        "Net Income": 4
    },
    "2018-09-30": {
        "Diluted EPS": 0.29,
        "Total Revenue": 21,
        "Gross Profit": 16,
        "Operating Income": 7,
        "EBIT": NaN,
        "Net Income": 5
    },
    "2018-06-30": {
        "Diluted EPS": 0.22,
        "Total Revenue": 18,
        "Gross Profit": 14,
        "Operating Income": 6,
        "EBIT": NaN,
        "Net Income": 4
    },
    "2018-03-31": {
        "Diluted EPS": 0.23,
        "Total Revenue": 17,
        "Gross Profit": 13,
        "Operating Income": 5,
        "EBIT": NaN,
        "Net Income": 4
    },
    "2015-12-31": {
        "Diluted EPS": 0.0,
        "Total Revenue": -159,
        "Gross Profit": -150,
        "Operating Income": -38,
        "EBIT": NaN,
        "Net Income": -18
    },
    "2015-09-30": {
        "Diluted EPS": 0.0,
        "Total Revenue": 63,
        "Gross Profit": 58,
        "Operating Income": 13,
        "EBIT": NaN,
        "Net Income": 7
    },
    "2015-06-30": {
        "Diluted EPS": 0.0,
        "Total Revenue": 69,
        "Gross Profit": 63,
        "Operating Income": 27,
        "EBIT": NaN,
        "Net Income": 13
    },
    "2015-03-31": {
        "Diluted EPS": 0.0,
        "Total Revenue": 60,
        "Gross Profit": 55,
        "Operating Income": 5,
        "EBIT": NaN,
        "Net Income": 3
    },
    "2014-12-31": {
        "Diluted EPS": 0.0,
        "Total Revenue": 56,
        "Gross Profit": 51,
        "Operating Income": 9,
        "EBIT": NaN,
        "Net Income": 5
    },
    "2014-09-30": {
        "Diluted EPS": 0.0,
        "Total Revenue": 56,
        "Gross Profit": 51,
        "Operating Income": 11,
        "EBIT": NaN,
        "Net Income": 6
    },
    "2014-06-30": {
        "Diluted EPS": 0.0,
        "Total Revenue": 56,
        "Gross Profit": 51,
        "Operating Income": 9,
        "EBIT": NaN,
        "Net Income": 5
    },
    "2014-03-31": {
        "Diluted EPS": 0.0,
        "Total Revenue": 56,
        "Gross Profit": 51,
        "Operating Income": 9,
        "EBIT": NaN,
        "Net Income": 5
    },
    "2013-12-31": {
        "Diluted EPS": NaN,
        "Total Revenue": 57,
        "Gross Profit": 51,
        "Operating Income": 7,
        "EBIT": NaN,
        "Net Income": 218
    },
    "2013-09-30": {
        "Diluted EPS": -3.04,
        "Total Revenue": 58,
        "Gross Profit": 52,
        "Operating Income": 9,
        "EBIT": NaN,
        "Net Income": 0
    },
    "2013-06-30": {
        "Diluted EPS": 152.49,
        "Total Revenue": 63,
        "Gross Profit": 57,
        "Operating Income": 14,
        "EBIT": NaN,
        "Net Income": 4
    },
    "2013-03-31": {
        "Diluted EPS": 39.35,
        "Total Revenue": 59,
        "Gross Profit": 53,
        "Operating Income": 11,
        "EBIT": NaN,
        "Net Income": 1
    },
    "2012-12-31": {
        "Diluted EPS": -97.67,
        "Total Revenue": 62,
        "Gross Profit": 56,
        "Operating Income": 13,
        "EBIT": NaN,
        "Net Income": -2
    },
    "2012-09-30": {
        "Diluted EPS": 119.48,
        "Total Revenue": 67,
        "Gross Profit": 60,
        "Operating Income": 14,
        "EBIT": NaN,
        "Net Income": 3
    },
    "2012-06-30": {
        "Diluted EPS": 81.78,
        "Total Revenue": 67,
        "Gross Profit": 59,
        "Operating Income": 14,
        "EBIT": NaN,
        "Net Income": 2
    },
    "2012-03-31": {
        "Diluted EPS": 58.63,
        "Total Revenue": 69,
        "Gross Profit": 61,
        "Operating Income": 12,
        "EBIT": NaN,
        "Net Income": 1
    },
    "2011-12-31": {
        "Diluted EPS": -901.04,
        "Total Revenue": 70,
        "Gross Profit": 60,
        "Operating Income": -6,
        "EBIT": NaN,
        "Net Income": -21
    },
    "2011-09-30": {
        "Diluted EPS": -315.01,
        "Total Revenue": 73,
        "Gross Profit": 63,
        "Operating Income": -9,
        "EBIT": NaN,
        "Net Income": -7
    },
    "2011-06-30": {
        "Diluted EPS": -945.0,
        "Total Revenue": 74,
        "Gross Profit": 63,
        "Operating Income": -10,
        "EBIT": NaN,
        "Net Income": -22
    },
    "2011-03-31": {
        "Diluted EPS": -481.41,
        "Total Revenue": 76,
        "Gross Profit": 64,
        "Operating Income": 2,
        "EBIT": NaN,
        "Net Income": -11
    },
    "2010-12-31": {
        "Diluted EPS": NaN,
        "Total Revenue": 82,
        "Gross Profit": 68,
        "Operating Income": -112,
        "EBIT": NaN,
        "Net Income": -51
    },
    "2010-09-30": {
        "Diluted EPS": NaN,
        "Total Revenue": 95,
        "Gross Profit": 76,
        "Operating Income": -35,
        "EBIT": NaN,
        "Net Income": -53
    },
    "2010-06-30": {
        "Diluted EPS": NaN,
        "Total Revenue": 102,
        "Gross Profit": 81,
        "Operating Income": -58,
        "EBIT": NaN,
        "Net Income": -70
    },
    "2010-03-31": {
        "Diluted EPS": NaN,
        "Total Revenue": 100,
        "Gross Profit": 78,
        "Operating Income": -22,
        "EBIT": NaN,
        "Net Income": -33
    },
    "2009-12-31": {
        "Diluted EPS": 0.0,
        "Total Revenue": NaN,
        "Gross Profit": NaN,
        "Operating Income": NaN,
        "EBIT": NaN,
        "Net Income": NaN
    },
    "2023-06-30": {
        "Tax Effect Of Unusual Items": -53769.3,
        "Tax Rate For Calcs": 0.2433,
        "Total Unusual Items": -221000.0,
        "Total Unusual Items Excluding Goodwill": -221000.0,
        "Net Income From Continuing Operation Net Minority Interest": 6799000.0,
        "Reconciled Depreciation": 479000.0,
        "Net Interest Income": 22128000.0,
        "Interest Expense": 14793000.0,
        "Interest Income": 36921000.0,
        "Normalized Income": 6966230.7,
        "Net Income From Continuing And Discontinued Operation": 6799000.0,
        "Diluted Average Shares": 19434522.0,
        "Basic Average Shares": 19332703.0,
        "Diluted EPS": 0.35,
        "Basic EPS": 0.35,
        "Diluted NI Availto Com Stockholders": 6799000.0,
        "Net Income Common Stockholders": 6799000.0,
        "Net Income": 6799000.0,
        "Net Income Including Noncontrolling Interests": 6799000.0,
        "Net Income Continuous Operations": 6799000.0,
        "Tax Provision": 2186000.0,
        "Pretax Income": 8985000.0,
        "Special Income Charges": -221000.0,
        "Restructuring And Mergern Acquisition": 221000.0,
        "Gain On Sale Of Security": 0.0,
        "Selling General And Administration": 8727000.0,
        "Selling And Marketing Expense": 233000.0,
        "General And Administrative Expense": 8494000.0,
        "Other Gand A": 160000.0,
        "Insurance And Claims": 179000.0,
        "Salaries And Wages": 8315000.0,
        "Total Revenue": 23256000.0,
        "Operating Revenue": 23256000.0
    },
    "2023-09-30": {
        "Tax Effect Of Unusual Items": -406218.4,
        "Tax Rate For Calcs": 0.0578,
        "Total Unusual Items": -7028000.0,
        "Total Unusual Items Excluding Goodwill": -7028000.0,
        "Net Income From Continuing Operation Net Minority Interest": -1271000.0,
        "Reconciled Depreciation": 880000.0,
        "Net Interest Income": 28594000.0,
        "Interest Expense": 21324000.0,
        "Interest Income": 49918000.0,
        "Normalized Income": 5350781.6,
        "Net Income From Continuing And Discontinued Operation": -1271000.0,
        "Diluted Average Shares": 23902478.0,
        "Basic Average Shares": 23902478.0,
        "Diluted EPS": -0.05,
        "Basic EPS": -0.05,
        "Diluted NI Availto Com Stockholders": -1271000.0,
        "Net Income Common Stockholders": -1271000.0,
        "Net Income": -1271000.0,
        "Net Income Including Noncontrolling Interests": -1271000.0,
        "Net Income Continuous Operations": -1271000.0,
        "Tax Provision": -78000.0,
        "Pretax Income": -1349000.0,
        "Special Income Charges": -7028000.0,
        "Restructuring And Mergern Acquisition": 7028000.0,
        "Gain On Sale Of Security": -527000.0,
        "Selling General And Administration": 10042000.0,
        "Selling And Marketing Expense": 220000.0,
        "General And Administrative Expense": 9822000.0,
        "Other Gand A": NaN,
        "Insurance And Claims": 272000.0,
        "Salaries And Wages": 9550000.0,
        "Total Revenue": 28787000.0,
        "Operating Revenue": 28787000.0
    },
    "2023-12-31": {
        "Tax Effect Of Unusual Items": -64519.262335,
        "Tax Rate For Calcs": 0.190885,
        "Total Unusual Items": -338000.0,
        "Total Unusual Items Excluding Goodwill": -338000.0,
        "Net Income From Continuing Operation Net Minority Interest": 8380000.0,
        "Reconciled Depreciation": 1073000.0,
        "Net Interest Income": 30999000.0,
        "Interest Expense": 22167000.0,
        "Interest Income": 53166000.0,
        "Normalized Income": 8653480.737665,
        "Net Income From Continuing And Discontinued Operation": 8380000.0,
        "Diluted Average Shares": NaN,
        "Basic Average Shares": NaN,
        "Diluted EPS": NaN,
        "Basic EPS": NaN,
        "Diluted NI Availto Com Stockholders": 8380000.0,
        "Net Income Common Stockholders": 8380000.0,
        "Net Income": 8380000.0,
        "Net Income Including Noncontrolling Interests": 8380000.0,
        "Net Income Continuous Operations": 8380000.0,
        "Tax Provision": 1977000.0,
        "Pretax Income": 10357000.0,
        "Special Income Charges": -338000.0,
        "Restructuring And Mergern Acquisition": 338000.0,
        "Gain On Sale Of Security": -916000.0,
        "Selling General And Administration": 9992000.0,
        "Selling And Marketing Expense": 468000.0,
        "General And Administrative Expense": 9524000.0,
        "Other Gand A": NaN,
        "Insurance And Claims": 259000.0,
        "Salaries And Wages": 9265000.0,
        "Total Revenue": 27999000.0,
        "Operating Revenue": 27999000.0
    },
    "2024-03-31": {
        "Tax Effect Of Unusual Items": 0.0,
        "Tax Rate For Calcs": 0.175,
        "Total Unusual Items": 0.0,
        "Total Unusual Items Excluding Goodwill": 0.0,
        "Net Income From Continuing Operation Net Minority Interest": 12512000.0,
        "Reconciled Depreciation": 1032000.0,
        "Net Interest Income": 30318000.0,
        "Interest Expense": 23246000.0,
        "Interest Income": 53564000.0,
        "Normalized Income": 12512000.0,
        "Net Income From Continuing And Discontinued Operation": 12512000.0,
        "Diluted Average Shares": 25199381.0,
        "Basic Average Shares": 25039949.0,
        "Diluted EPS": 0.5,
        "Basic EPS": 0.5,
        "Diluted NI Availto Com Stockholders": 12512000.0,
        "Net Income Common Stockholders": 12512000.0,
        "Net Income": 12512000.0,
        "Net Income Including Noncontrolling Interests": 12512000.0,
        "Net Income Continuous Operations": 12512000.0,
        "Tax Provision": 2658000.0,
        "Pretax Income": 15170000.0,
        "Special Income Charges": 0.0,
        "Restructuring And Mergern Acquisition": 0.0,
        "Gain On Sale Of Security": 0.0,
        "Selling General And Administration": 10820000.0,
        "Selling And Marketing Expense": 296000.0,
        "General And Administrative Expense": 10524000.0,
        "Other Gand A": NaN,
        "Insurance And Claims": 244000.0,
        "Salaries And Wages": 10280000.0,
        "Total Revenue": 32282000.0,
        "Operating Revenue": 32282000.0
    }
}