{
    "2023-03-31": {
        "Tax Effect Of Unusual Items": NaN,
        "Tax Rate For Calcs": NaN,
        "Normalized EBITDA": NaN,
        "Total Unusual Items": NaN,
        "Total Unusual Items Excluding Goodwill": NaN,
        "Net Income From Continuing Operation Net Minority Interest": NaN,
        "Reconciled Depreciation": NaN,
        "Reconciled Cost Of Revenue": NaN,
        "EBITDA": NaN,
        "EBIT": NaN,
        "Net Interest Income": NaN,
        "Interest Expense": NaN,
        "Normalized Income": NaN,
        "Net Income From Continuing And Discontinued Operation": NaN,
        "Total Expenses": NaN,
        "Total Operating Income As Reported": NaN,
        "Diluted Average Shares": 42054904.0,
        "Basic Average Shares": 42054904.0,
        "Diluted EPS": -0.47,
        "Basic EPS": -0.47,
        "Diluted NI Availto Com Stockholders": NaN,
        "Average Dilution Earnings": NaN,
        "Net Income Common Stockholders": NaN,
        "Net Income": NaN,
        "Net Income Including Noncontrolling Interests": NaN,
        "Net Income Continuous Operations": NaN,
        "Tax Provision": NaN,
        "Pretax Income": NaN,
        "Other Income Expense": NaN,
        "Other Non Operating Income Expenses": NaN,
        "Special Income Charges": NaN,
        "Restructuring And Mergern Acquisition": NaN,
        "Gain On Sale Of Security": NaN,
        "Net Non Operating Interest Income Expense": NaN,
        "Interest Expense Non Operating": NaN,
        "Operating Income": NaN,
        "Operating Expense": NaN,
        "Depreciation Amortization Depletion Income Statement": NaN,
        "Depreciation And Amortization In Income Statement": NaN,
        "Amortization": NaN,
        "Amortization Of Intangibles Income Statement": NaN,
        "Selling General And Administration": NaN,
        "Gross Profit": NaN,
        "Cost Of Revenue": NaN,
        "Total Revenue": NaN,
        "Operating Revenue": NaN
    },
    "2022-12-31": {
        "Tax Effect Of Unusual Items": NaN,
        "Tax Rate For Calcs": NaN,
        "Normalized EBITDA": NaN,
        "Total Unusual Items": -46508000.0,
        "Total Unusual Items Excluding Goodwill": -46508000.0,
        "Net Income From Continuing Operation Net Minority Interest": NaN,
        "Reconciled Depreciation": NaN,
        "Reconciled Cost Of Revenue": NaN,
        "EBITDA": NaN,
        "EBIT": NaN,
        "Net Interest Income": NaN,
        "Interest Expense": NaN,
        "Normalized Income": NaN,
        "Net Income From Continuing And Discontinued Operation": NaN,
        "Total Expenses": NaN,
        "Total Operating Income As Reported": NaN,
        "Diluted Average Shares": 41863194.0,
        "Basic Average Shares": 41863194.0,
        "Diluted EPS": -1.44,
        "Basic EPS": -1.44,
        "Diluted NI Availto Com Stockholders": NaN,
        "Average Dilution Earnings": 0.0,
        "Net Income Common Stockholders": NaN,
        "Net Income": NaN,
        "Net Income Including Noncontrolling Interests": NaN,
        "Net Income Continuous Operations": NaN,
        "Tax Provision": NaN,
        "Pretax Income": NaN,
        "Other Income Expense": NaN,
        "Other Non Operating Income Expenses": NaN,
        "Special Income Charges": -46500000.0,
        "Restructuring And Mergern Acquisition": 0.0,
        "Gain On Sale Of Security": -8000.0,
        "Net Non Operating Interest Income Expense": NaN,
        "Interest Expense Non Operating": NaN,
        "Operating Income": NaN,
        "Operating Expense": NaN,
        "Depreciation Amortization Depletion Income Statement": NaN,
        "Depreciation And Amortization In Income Statement": NaN,
        "Amortization": NaN,
        "Amortization Of Intangibles Income Statement": NaN,
        "Selling General And Administration": NaN,
        "Gross Profit": NaN,
        "Cost Of Revenue": NaN,
        "Total Revenue": NaN,
        "Operating Revenue": NaN
    },
    "2022-09-30": {
        "Tax Effect Of Unusual Items": NaN,
        "Tax Rate For Calcs": NaN,
        "Normalized EBITDA": NaN,
        "Total Unusual Items": 186000.0,
        "Total Unusual Items Excluding Goodwill": 186000.0,
        "Net Income From Continuing Operation Net Minority Interest": NaN,
        "Reconciled Depreciation": NaN,
        "Reconciled Cost Of Revenue": NaN,
        "EBITDA": NaN,
        "EBIT": NaN,
        "Net Interest Income": NaN,
        "Interest Expense": NaN,
        "Normalized Income": NaN,
        "Net Income From Continuing And Discontinued Operation": NaN,
        "Total Expenses": NaN,
        "Total Operating Income As Reported": NaN,
        "Diluted Average Shares": NaN,
        "Basic Average Shares": NaN,
        "Diluted EPS": NaN,
        "Basic EPS": NaN,
        "Diluted NI Availto Com Stockholders": NaN,
        "Average Dilution Earnings": 0.0,
        "Net Income Common Stockholders": NaN,
        "Net Income": NaN,
        "Net Income Including Noncontrolling Interests": NaN,
        "Net Income Continuous Operations": NaN,
        "Tax Provision": NaN,
        "Pretax Income": NaN,
        "Other Income Expense": NaN,
        "Other Non Operating Income Expenses": NaN,
        "Special Income Charges": 0.0,
        "Restructuring And Mergern Acquisition": 0.0,
        "Gain On Sale Of Security": 186000.0,
        "Net Non Operating Interest Income Expense": NaN,
        "Interest Expense Non Operating": NaN,
        "Operating Income": NaN,
        "Operating Expense": NaN,
        "Depreciation Amortization Depletion Income Statement": NaN,
        "Depreciation And Amortization In Income Statement": NaN,
        "Amortization": NaN,
        "Amortization Of Intangibles Income Statement": NaN,
        "Selling General And Administration": NaN,
        "Gross Profit": NaN,
        "Cost Of Revenue": NaN,
        "Total Revenue": NaN,
        "Operating Revenue": NaN
    },
    "2022-06-30": {
        "Tax Effect Of Unusual Items": 74078.996283,
        "Tax Rate For Calcs": 0.383829,
        "Normalized EBITDA": 13051000.0,
        "Total Unusual Items": 193000.0,
        "Total Unusual Items Excluding Goodwill": 193000.0,
        "Net Income From Continuing Operation Net Minority Interest": 1326000.0,
        "Reconciled Depreciation": 4664000.0,
        "Reconciled Cost Of Revenue": 96189000.0,
        "EBITDA": 13244000.0,
        "EBIT": 8580000.0,
        "Net Interest Income": -6428000.0,
        "Interest Expense": 6428000.0,
        "Normalized Income": 1207078.996283,
        "Net Income From Continuing And Discontinued Operation": 1326000.0,
        "Total Expenses": 125813000.0,
        "Total Operating Income As Reported": 7690000.0,
        "Diluted Average Shares": 41918403.0,
        "Basic Average Shares": 41918403.0,
        "Diluted EPS": 0.03,
        "Basic EPS": 0.03,
        "Diluted NI Availto Com Stockholders": 1326000.0,
        "Average Dilution Earnings": NaN,
        "Net Income Common Stockholders": 1326000.0,
        "Net Income": 1326000.0,
        "Net Income Including Noncontrolling Interests": 1326000.0,
        "Net Income Continuous Operations": 1326000.0,
        "Tax Provision": 826000.0,
        "Pretax Income": 2152000.0,
        "Other Income Expense": 890000.0,
        "Other Non Operating Income Expenses": 697000.0,
        "Special Income Charges": 0.0,
        "Impairment Of Capital Assets": NaN,
        "Restructuring And Mergern Acquisition": 0.0,
        "Gain On Sale Of Security": 193000.0,
        "Net Non Operating Interest Income Expense": -6428000.0,
        "Interest Expense Non Operating": 6428000.0,
        "Operating Income": 7690000.0,
        "Operating Expense": 29624000.0,
        "Depreciation Amortization Depletion Income Statement": 4664000.0,
        "Depreciation And Amortization In Income Statement": 4664000.0,
        "Amortization": 4664000.0,
        "Amortization Of Intangibles Income Statement": 4664000.0,
        "Selling General And Administration": 24960000.0,
        "Gross Profit": 37314000.0,
        "Cost Of Revenue": 96189000.0,
        "Total Revenue": 133503000.0,
        "Operating Revenue": 133503000.0
    },
    "2022-03-31": {
        "Diluted EPS": 0.07,
        "Total Revenue": 131,
        "Gross Profit": 40,
        "Operating Income": 7,
        "EBIT": 12,
        "Net Income": 3
    },
    "2021-12-31": {
        "Diluted EPS": 0.05,
        "Total Revenue": 133,
        "Gross Profit": 39,
        "Operating Income": 6,
        "EBIT": 12,
        "Net Income": 0
    },
    "2021-09-30": {
        "Diluted EPS": 0.17,
        "Total Revenue": 129,
        "Gross Profit": 43,
        "Operating Income": 14,
        "EBIT": 17,
        "Net Income": 9
    },
    "2021-06-30": {
        "Diluted EPS": 0.09,
        "Total Revenue": 126,
        "Gross Profit": 41,
        "Operating Income": 6,
        "EBIT": 12,
        "Net Income": 4
    },
    "2021-03-31": {
        "Diluted EPS": -0.31,
        "Total Revenue": 106,
        "Gross Profit": 36,
        "Operating Income": -3,
        "EBIT": 4,
        "Net Income": -12
    },
    "2020-12-31": {
        "Diluted EPS": 0.01,
        "Total Revenue": 76,
        "Gross Profit": 25,
        "Operating Income": -7,
        "EBIT": 2,
        "Net Income": -5
    },
    "2020-09-30": {
        "Diluted EPS": -0.07,
        "Total Revenue": 67,
        "Gross Profit": 19,
        "Operating Income": 1,
        "EBIT": 13,
        "Net Income": -3
    },
    "2020-06-30": {
        "Diluted EPS": -0.16,
        "Total Revenue": 67,
        "Gross Profit": 27,
        "Operating Income": -5,
        "EBIT": -2,
        "Net Income": -6
    },
    "2020-03-31": {
        "Diluted EPS": 0.0,
        "Total Revenue": 66,
        "Gross Profit": 26,
        "Operating Income": -33,
        "EBIT": -30,
        "Net Income": -29
    },
    "2019-12-31": {
        "Diluted EPS": 0.0,
        "Total Revenue": NaN,
        "Gross Profit": NaN,
        "Operating Income": NaN,
        "EBIT": NaN,
        "Net Income": NaN
    },
    "2019-09-30": {
        "Diluted EPS": 0.0,
        "Total Revenue": 64,
        "Gross Profit": 26,
        "Operating Income": 8,
        "EBIT": 11,
        "Net Income": 5
    },
    "2019-06-30": {
        "Diluted EPS": 0.0,
        "Total Revenue": 69,
        "Gross Profit": 28,
        "Operating Income": 6,
        "EBIT": 6,
        "Net Income": 4
    },
    "2019-03-31": {
        "Diluted EPS": 0.0,
        "Total Revenue": NaN,
        "Gross Profit": NaN,
        "Operating Income": NaN,
        "EBIT": NaN,
        "Net Income": NaN
    },
    "2018-12-31": {
        "Diluted EPS": 0.0,
        "Total Revenue": NaN,
        "Gross Profit": NaN,
        "Operating Income": NaN,
        "EBIT": NaN,
        "Net Income": NaN
    },
    "2023-06-30": {
        "Tax Effect Of Unusual Items": 0.0,
        "Tax Rate For Calcs": 0.333,
        "Normalized EBITDA": 9273000.0,
        "Total Unusual Items": NaN,
        "Total Unusual Items Excluding Goodwill": NaN,
        "Net Income From Continuing Operation Net Minority Interest": -5517000.0,
        "Reconciled Depreciation": 6480000.0,
        "Reconciled Cost Of Revenue": 97739000.0,
        "EBITDA": 9273000.0,
        "EBIT": 2793000.0,
        "Net Interest Income": -11063000.0,
        "Interest Expense": 11063000.0,
        "Normalized Income": -5517000.0,
        "Net Income From Continuing And Discontinued Operation": -5517000.0,
        "Total Expenses": 129853000.0,
        "Total Operating Income As Reported": 3049000.0,
        "Diluted Average Shares": 42339642.0,
        "Basic Average Shares": 42339642.0,
        "Diluted EPS": -0.13,
        "Basic EPS": -0.13,
        "Diluted NI Availto Com Stockholders": -5517000.0,
        "Average Dilution Earnings": NaN,
        "Net Income Common Stockholders": -5517000.0,
        "Net Income": -5517000.0,
        "Net Income Including Noncontrolling Interests": -5517000.0,
        "Net Income Continuous Operations": -5517000.0,
        "Tax Provision": -2753000.0,
        "Pretax Income": -8270000.0,
        "Other Income Expense": -256000.0,
        "Other Non Operating Income Expenses": -256000.0,
        "Special Income Charges": NaN,
        "Restructuring And Mergern Acquisition": NaN,
        "Gain On Sale Of Security": NaN,
        "Net Non Operating Interest Income Expense": -11063000.0,
        "Interest Expense Non Operating": 11063000.0,
        "Operating Income": 3049000.0,
        "Operating Expense": 30331000.0,
        "Depreciation Amortization Depletion Income Statement": 4697000.0,
        "Depreciation And Amortization In Income Statement": 4697000.0,
        "Amortization": 4697000.0,
        "Amortization Of Intangibles Income Statement": 4697000.0,
        "Selling General And Administration": 25634000.0,
        "Gross Profit": 33380000.0,
        "Cost Of Revenue": 99522000.0,
        "Total Revenue": 132902000.0,
        "Operating Revenue": 132902000.0
    },
    "2023-09-30": {
        "Tax Effect Of Unusual Items": 0.0,
        "Tax Rate For Calcs": 0.107,
        "Normalized EBITDA": 12419000.0,
        "Total Unusual Items": NaN,
        "Total Unusual Items Excluding Goodwill": NaN,
        "Net Income From Continuing Operation Net Minority Interest": -5430000.0,
        "Reconciled Depreciation": 6206000.0,
        "Reconciled Cost Of Revenue": 95337000.0,
        "EBITDA": 12419000.0,
        "EBIT": 6213000.0,
        "Net Interest Income": -11117000.0,
        "Interest Expense": 11117000.0,
        "Normalized Income": -5430000.0,
        "Net Income From Continuing And Discontinued Operation": -5430000.0,
        "Total Expenses": 127769000.0,
        "Total Operating Income As Reported": 6661000.0,
        "Diluted Average Shares": 42683990.0,
        "Basic Average Shares": 42683990.0,
        "Diluted EPS": -0.13,
        "Basic EPS": -0.13,
        "Diluted NI Availto Com Stockholders": -5430000.0,
        "Average Dilution Earnings": NaN,
        "Net Income Common Stockholders": -5430000.0,
        "Net Income": -5430000.0,
        "Net Income Including Noncontrolling Interests": -5430000.0,
        "Net Income Continuous Operations": -5430000.0,
        "Tax Provision": 526000.0,
        "Pretax Income": -4904000.0,
        "Other Income Expense": -448000.0,
        "Other Non Operating Income Expenses": -448000.0,
        "Special Income Charges": NaN,
        "Restructuring And Mergern Acquisition": NaN,
        "Gain On Sale Of Security": NaN,
        "Net Non Operating Interest Income Expense": -11117000.0,
        "Interest Expense Non Operating": 11117000.0,
        "Operating Income": 6661000.0,
        "Operating Expense": 30867000.0,
        "Depreciation Amortization Depletion Income Statement": 4641000.0,
        "Depreciation And Amortization In Income Statement": 4641000.0,
        "Amortization": 4641000.0,
        "Amortization Of Intangibles Income Statement": 4641000.0,
        "Selling General And Administration": 26226000.0,
        "Gross Profit": 37528000.0,
        "Cost Of Revenue": 96902000.0,
        "Total Revenue": 134430000.0,
        "Operating Revenue": 134430000.0
    },
    "2023-12-31": {
        "Tax Effect Of Unusual Items": 0.0,
        "Tax Rate For Calcs": 0.283501,
        "Normalized EBITDA": 7138000.0,
        "Total Unusual Items": NaN,
        "Total Unusual Items Excluding Goodwill": NaN,
        "Net Income From Continuing Operation Net Minority Interest": -7352000.0,
        "Reconciled Depreciation": 6309000.0,
        "Reconciled Cost Of Revenue": 109136000.0,
        "EBITDA": 7138000.0,
        "EBIT": 829000.0,
        "Net Interest Income": -11090000.0,
        "Interest Expense": 11090000.0,
        "Normalized Income": -7352000.0,
        "Net Income From Continuing And Discontinued Operation": -7352000.0,
        "Total Expenses": 141250000.0,
        "Total Operating Income As Reported": 2684000.0,
        "Diluted Average Shares": NaN,
        "Basic Average Shares": NaN,
        "Diluted EPS": NaN,
        "Basic EPS": NaN,
        "Diluted NI Availto Com Stockholders": -7352000.0,
        "Average Dilution Earnings": NaN,
        "Net Income Common Stockholders": -7352000.0,
        "Net Income": -7352000.0,
        "Net Income Including Noncontrolling Interests": -7352000.0,
        "Net Income Continuous Operations": -7352000.0,
        "Tax Provision": -2909000.0,
        "Pretax Income": -10261000.0,
        "Other Income Expense": -9085000.0,
        "Other Non Operating Income Expenses": -1855000.0,
        "Special Income Charges": NaN,
        "Restructuring And Mergern Acquisition": NaN,
        "Gain On Sale Of Security": NaN,
        "Net Non Operating Interest Income Expense": -11090000.0,
        "Interest Expense Non Operating": 11090000.0,
        "Operating Income": 9914000.0,
        "Operating Expense": 30514000.0,
        "Depreciation Amortization Depletion Income Statement": 4709000.0,
        "Depreciation And Amortization In Income Statement": 4709000.0,
        "Amortization": 4709000.0,
        "Amortization Of Intangibles Income Statement": 4709000.0,
        "Selling General And Administration": 25805000.0,
        "Gross Profit": 40428000.0,
        "Cost Of Revenue": 110736000.0,
        "Total Revenue": 151164000.0,
        "Operating Revenue": 151164000.0
    },
    "2024-03-31": {
        "Tax Effect Of Unusual Items": 0.0,
        "Tax Rate For Calcs": 0.252,
        "Normalized EBITDA": 9685000.0,
        "Total Unusual Items": NaN,
        "Total Unusual Items Excluding Goodwill": NaN,
        "Net Income From Continuing Operation Net Minority Interest": -9396000.0,
        "Reconciled Depreciation": 6330000.0,
        "Reconciled Cost Of Revenue": 90551000.0,
        "EBITDA": 9685000.0,
        "EBIT": 3355000.0,
        "Net Interest Income": -10859000.0,
        "Interest Expense": 10859000.0,
        "Normalized Income": -9396000.0,
        "Net Income From Continuing And Discontinued Operation": -9396000.0,
        "Total Expenses": 126375000.0,
        "Total Operating Income As Reported": 3125000.0,
        "Diluted Average Shares": 42884373.0,
        "Basic Average Shares": 42884373.0,
        "Diluted EPS": -0.22,
        "Basic EPS": -0.22,
        "Diluted NI Availto Com Stockholders": -9396000.0,
        "Average Dilution Earnings": NaN,
        "Net Income Common Stockholders": -9396000.0,
        "Net Income": -9396000.0,
        "Net Income Including Noncontrolling Interests": -9396000.0,
        "Net Income Continuous Operations": -9396000.0,
        "Tax Provision": 1892000.0,
        "Pretax Income": -7504000.0,
        "Other Income Expense": 230000.0,
        "Other Non Operating Income Expenses": 230000.0,
        "Special Income Charges": NaN,
        "Restructuring And Mergern Acquisition": NaN,
        "Gain On Sale Of Security": NaN,
        "Net Non Operating Interest Income Expense": -10859000.0,
        "Interest Expense Non Operating": 10859000.0,
        "Operating Income": 3125000.0,
        "Operating Expense": 34182000.0,
        "Depreciation Amortization Depletion Income Statement": 4688000.0,
        "Depreciation And Amortization In Income Statement": 4688000.0,
        "Amortization": 4688000.0,
        "Amortization Of Intangibles Income Statement": 4688000.0,
        "Selling General And Administration": 29494000.0,
        "Gross Profit": 37307000.0,
        "Cost Of Revenue": 92193000.0,
        "Total Revenue": 129500000.0,
        "Operating Revenue": 129500000.0
    },
    "2024-06-30": {
        "Tax Effect Of Unusual Items": 0.0,
        "Tax Rate For Calcs": 0.21,
        "Normalized EBITDA": 15961000.0,
        "Total Unusual Items": NaN,
        "Total Unusual Items Excluding Goodwill": NaN,
        "Net Income From Continuing Operation Net Minority Interest": -2213000.0,
        "Reconciled Depreciation": 6330000.0,
        "Reconciled Cost Of Revenue": 94147000.0,
        "EBITDA": 15961000.0,
        "EBIT": 9631000.0,
        "Net Interest Income": -10985000.0,
        "Interest Expense": 10985000.0,
        "Normalized Income": -2213000.0,
        "Net Income From Continuing And Discontinued Operation": -2213000.0,
        "Total Expenses": 126140000.0,
        "Total Operating Income As Reported": 9787000.0,
        "Diluted Average Shares": NaN,
        "Basic Average Shares": NaN,
        "Diluted EPS": NaN,
        "Basic EPS": NaN,
        "Diluted NI Availto Com Stockholders": -2213000.0,
        "Average Dilution Earnings": NaN,
        "Net Income Common Stockholders": -2213000.0,
        "Net Income": -2213000.0,
        "Net Income Including Noncontrolling Interests": -2213000.0,
        "Net Income Continuous Operations": -2213000.0,
        "Tax Provision": 859000.0,
        "Pretax Income": -1354000.0,
        "Other Income Expense": -156000.0,
        "Other Non Operating Income Expenses": -156000.0,
        "Special Income Charges": NaN,
        "Restructuring And Mergern Acquisition": NaN,
        "Gain On Sale Of Security": NaN,
        "Net Non Operating Interest Income Expense": -10985000.0,
        "Interest Expense Non Operating": 10985000.0,
        "Operating Income": 9787000.0,
        "Operating Expense": 30329000.0,
        "Depreciation Amortization Depletion Income Statement": 4666000.0,
        "Depreciation And Amortization In Income Statement": 4666000.0,
        "Amortization": 4666000.0,
        "Amortization Of Intangibles Income Statement": 4666000.0,
        "Selling General And Administration": 25663000.0,
        "Gross Profit": 40116000.0,
        "Cost Of Revenue": 95811000.0,
        "Total Revenue": 135927000.0,
        "Operating Revenue": 135927000.0
    }
}