{
    "2023-03-31": {
        "Tax Effect Of Unusual Items": NaN,
        "Tax Rate For Calcs": NaN,
        "Normalized EBITDA": NaN,
        "Total Unusual Items": NaN,
        "Total Unusual Items Excluding Goodwill": NaN,
        "Net Income From Continuing Operation Net Minority Interest": NaN,
        "Reconciled Depreciation": NaN,
        "EBITDA": NaN,
        "EBIT": NaN,
        "Net Interest Income": NaN,
        "Interest Income": NaN,
        "Normalized Income": NaN,
        "Net Income From Continuing And Discontinued Operation": NaN,
        "Total Expenses": NaN,
        "Rent Expense Supplemental": NaN,
        "Total Operating Income As Reported": NaN,
        "Diluted Average Shares": 171816522.0,
        "Basic Average Shares": 171816522.0,
        "Diluted EPS": -0.12,
        "Basic EPS": -0.12,
        "Diluted NI Availto Com Stockholders": NaN,
        "Net Income Common Stockholders": NaN,
        "Net Income": NaN,
        "Minority Interests": NaN,
        "Net Income Including Noncontrolling Interests": NaN,
        "Net Income Continuous Operations": NaN,
        "Tax Provision": NaN,
        "Pretax Income": NaN,
        "Other Income Expense": NaN,
        "Other Non Operating Income Expenses": NaN,
        "Special Income Charges": 0.0,
        "Restructuring And Mergern Acquisition": 0.0,
        "Gain On Sale Of Security": NaN,
        "Net Non Operating Interest Income Expense": NaN,
        "Total Other Finance Cost": -1509000.0,
        "Interest Income Non Operating": NaN,
        "Operating Income": NaN,
        "Operating Expense": NaN,
        "Depreciation Amortization Depletion Income Statement": NaN,
        "Depreciation And Amortization In Income Statement": NaN,
        "Selling General And Administration": NaN,
        "Selling And Marketing Expense": NaN,
        "General And Administrative Expense": NaN,
        "Other Gand A": NaN,
        "Rent And Landing Fees": NaN,
        "Salaries And Wages": NaN,
        "Total Revenue": NaN,
        "Operating Revenue": NaN
    },
    "2022-12-31": {
        "Tax Effect Of Unusual Items": NaN,
        "Tax Rate For Calcs": NaN,
        "Normalized EBITDA": NaN,
        "Total Unusual Items": NaN,
        "Total Unusual Items Excluding Goodwill": NaN,
        "Net Income From Continuing Operation Net Minority Interest": NaN,
        "Reconciled Depreciation": NaN,
        "EBITDA": NaN,
        "EBIT": NaN,
        "Net Interest Income": NaN,
        "Interest Income": NaN,
        "Normalized Income": NaN,
        "Net Income From Continuing And Discontinued Operation": NaN,
        "Total Expenses": NaN,
        "Rent Expense Supplemental": NaN,
        "Total Operating Income As Reported": NaN,
        "Diluted Average Shares": NaN,
        "Basic Average Shares": NaN,
        "Diluted EPS": NaN,
        "Basic EPS": NaN,
        "Diluted NI Availto Com Stockholders": NaN,
        "Net Income Common Stockholders": NaN,
        "Net Income": NaN,
        "Minority Interests": NaN,
        "Net Income Including Noncontrolling Interests": NaN,
        "Net Income Continuous Operations": NaN,
        "Tax Provision": NaN,
        "Pretax Income": NaN,
        "Other Income Expense": NaN,
        "Other Non Operating Income Expenses": NaN,
        "Special Income Charges": 106000.0,
        "Restructuring And Mergern Acquisition": -106000.0,
        "Gain On Sale Of Security": NaN,
        "Net Non Operating Interest Income Expense": NaN,
        "Total Other Finance Cost": -1520000.0,
        "Interest Income Non Operating": NaN,
        "Operating Income": NaN,
        "Operating Expense": NaN,
        "Depreciation Amortization Depletion Income Statement": NaN,
        "Depreciation And Amortization In Income Statement": NaN,
        "Selling General And Administration": NaN,
        "Selling And Marketing Expense": NaN,
        "General And Administrative Expense": NaN,
        "Other Gand A": NaN,
        "Rent And Landing Fees": NaN,
        "Salaries And Wages": NaN,
        "Total Revenue": NaN,
        "Operating Revenue": NaN
    },
    "2022-09-30": {
        "Tax Effect Of Unusual Items": NaN,
        "Tax Rate For Calcs": NaN,
        "Normalized EBITDA": NaN,
        "Total Unusual Items": NaN,
        "Total Unusual Items Excluding Goodwill": NaN,
        "Net Income From Continuing Operation Net Minority Interest": NaN,
        "Reconciled Depreciation": NaN,
        "EBITDA": NaN,
        "EBIT": NaN,
        "Net Interest Income": NaN,
        "Interest Income": 874000.0,
        "Normalized Income": NaN,
        "Net Income From Continuing And Discontinued Operation": NaN,
        "Total Expenses": NaN,
        "Rent Expense Supplemental": NaN,
        "Total Operating Income As Reported": NaN,
        "Diluted Average Shares": NaN,
        "Basic Average Shares": NaN,
        "Diluted EPS": NaN,
        "Basic EPS": NaN,
        "Diluted NI Availto Com Stockholders": NaN,
        "Average Dilution Earnings": -3937000.0,
        "Net Income Common Stockholders": NaN,
        "Net Income": NaN,
        "Minority Interests": NaN,
        "Net Income Including Noncontrolling Interests": NaN,
        "Net Income Continuous Operations": NaN,
        "Tax Provision": NaN,
        "Pretax Income": NaN,
        "Other Income Expense": NaN,
        "Other Non Operating Income Expenses": NaN,
        "Special Income Charges": NaN,
        "Restructuring And Mergern Acquisition": NaN,
        "Gain On Sale Of Security": NaN,
        "Net Non Operating Interest Income Expense": NaN,
        "Total Other Finance Cost": -874000.0,
        "Interest Income Non Operating": 874000.0,
        "Operating Income": NaN,
        "Operating Expense": NaN,
        "Depreciation Amortization Depletion Income Statement": NaN,
        "Depreciation And Amortization In Income Statement": NaN,
        "Selling General And Administration": NaN,
        "Selling And Marketing Expense": NaN,
        "General And Administrative Expense": NaN,
        "Other Gand A": NaN,
        "Rent And Landing Fees": NaN,
        "Salaries And Wages": NaN,
        "Total Revenue": NaN,
        "Operating Revenue": NaN
    },
    "2022-06-30": {
        "Tax Effect Of Unusual Items": 7946400.0,
        "Tax Rate For Calcs": 0.4,
        "Normalized EBITDA": -42297000.0,
        "Total Unusual Items": 19866000.0,
        "Total Unusual Items Excluding Goodwill": 19866000.0,
        "Net Income From Continuing Operation Net Minority Interest": -5119000.0,
        "Reconciled Depreciation": 2925000.0,
        "EBITDA": -22431000.0,
        "EBIT": -25356000.0,
        "Net Interest Income": 266000.0,
        "Interest Income": NaN,
        "Normalized Income": -17038600.0,
        "Net Income From Continuing And Discontinued Operation": -5119000.0,
        "Total Expenses": 41818000.0,
        "Rent Expense Supplemental": 1140000.0,
        "Total Operating Income As Reported": -26048000.0,
        "Diluted Average Shares": 173578093.0,
        "Basic Average Shares": 167052900.0,
        "Diluted EPS": -0.2,
        "Basic EPS": -0.03,
        "Diluted NI Availto Com Stockholders": -5119000.0,
        "Average Dilution Earnings": NaN,
        "Net Income Common Stockholders": -5119000.0,
        "Net Income": -5119000.0,
        "Minority Interests": NaN,
        "Net Income Including Noncontrolling Interests": -5119000.0,
        "Net Income Continuous Operations": -5119000.0,
        "Tax Provision": 35000.0,
        "Pretax Income": -5084000.0,
        "Other Income Expense": 20006000.0,
        "Other Non Operating Income Expenses": 140000.0,
        "Special Income Charges": -692000.0,
        "Restructuring And Mergern Acquisition": 692000.0,
        "Gain On Sale Of Security": 20558000.0,
        "Net Non Operating Interest Income Expense": 266000.0,
        "Total Other Finance Cost": -266000.0,
        "Interest Income Non Operating": NaN,
        "Operating Income": -25356000.0,
        "Operating Expense": 41818000.0,
        "Depreciation Amortization Depletion Income Statement": 2021000.0,
        "Depreciation And Amortization In Income Statement": 2021000.0,
        "Selling General And Administration": 39797000.0,
        "Selling And Marketing Expense": 1441000.0,
        "General And Administrative Expense": 38356000.0,
        "Other Gand A": 9832000.0,
        "Rent And Landing Fees": 1140000.0,
        "Salaries And Wages": 27384000.0,
        "Total Revenue": 16462000.0,
        "Operating Revenue": 16640000.0
    },
    "2022-03-31": {
        "Diluted EPS": -0.98,
        "Total Revenue": 20,
        "Gross Profit": 20,
        "Operating Income": -39,
        "EBIT": -37,
        "Net Income": -64
    },
    "2021-12-31": {
        "Diluted EPS": -0.09,
        "Total Revenue": 30,
        "Gross Profit": 30,
        "Operating Income": -6,
        "EBIT": -3,
        "Net Income": -6
    },
    "2021-09-30": {
        "Diluted EPS": -0.1,
        "Total Revenue": 27,
        "Gross Profit": 27,
        "Operating Income": -6,
        "EBIT": -4,
        "Net Income": -5
    },
    "2021-06-30": {
        "Diluted EPS": -0.15,
        "Total Revenue": 37,
        "Gross Profit": 37,
        "Operating Income": -1,
        "EBIT": 1,
        "Net Income": -8
    },
    "2021-03-31": {
        "Diluted EPS": 0.0,
        "Total Revenue": 31,
        "Gross Profit": 31,
        "Operating Income": 2,
        "EBIT": 4,
        "Net Income": 1
    },
    "2020-12-31": {
        "Diluted EPS": 0.0,
        "Total Revenue": NaN,
        "Gross Profit": NaN,
        "Operating Income": NaN,
        "EBIT": NaN,
        "Net Income": NaN
    },
    "2023-06-30": {
        "Tax Effect Of Unusual Items": -795900.0,
        "Tax Rate For Calcs": 0.21,
        "Normalized EBITDA": -16282000.0,
        "Total Unusual Items": -3790000.0,
        "Total Unusual Items Excluding Goodwill": -3790000.0,
        "Net Income From Continuing Operation Net Minority Interest": -24889000.0,
        "Reconciled Depreciation": 2481000.0,
        "EBITDA": -20072000.0,
        "EBIT": -22553000.0,
        "Net Interest Income": 1319000.0,
        "Interest Income": 1319000.0,
        "Normalized Income": -21894900.0,
        "Net Income From Continuing And Discontinued Operation": -24889000.0,
        "Total Expenses": 39190000.0,
        "Rent Expense Supplemental": 1148000.0,
        "Total Operating Income As Reported": -22553000.0,
        "Diluted Average Shares": 173289549.0,
        "Basic Average Shares": 173289549.0,
        "Diluted EPS": -0.14,
        "Basic EPS": -0.14,
        "Diluted NI Availto Com Stockholders": -24889000.0,
        "Net Income Common Stockholders": -24889000.0,
        "Net Income": -24889000.0,
        "Minority Interests": 211000.0,
        "Net Income Including Noncontrolling Interests": -25100000.0,
        "Net Income Continuous Operations": -25100000.0,
        "Tax Provision": 293000.0,
        "Pretax Income": -24807000.0,
        "Other Income Expense": -3573000.0,
        "Other Non Operating Income Expenses": 217000.0,
        "Special Income Charges": 0.0,
        "Restructuring And Mergern Acquisition": 0.0,
        "Gain On Sale Of Security": -3790000.0,
        "Net Non Operating Interest Income Expense": 1319000.0,
        "Total Other Finance Cost": NaN,
        "Interest Income Non Operating": 1319000.0,
        "Operating Income": -22553000.0,
        "Operating Expense": 39190000.0,
        "Depreciation Amortization Depletion Income Statement": 1747000.0,
        "Depreciation And Amortization In Income Statement": 1747000.0,
        "Selling General And Administration": 37443000.0,
        "Selling And Marketing Expense": 876000.0,
        "General And Administrative Expense": 36567000.0,
        "Other Gand A": 10265000.0,
        "Rent And Landing Fees": 1148000.0,
        "Salaries And Wages": 25154000.0,
        "Total Revenue": 16637000.0,
        "Operating Revenue": 16720000.0
    },
    "2023-09-30": {
        "Tax Effect Of Unusual Items": 190470.0,
        "Tax Rate For Calcs": 0.21,
        "Normalized EBITDA": -19961000.0,
        "Total Unusual Items": 907000.0,
        "Total Unusual Items Excluding Goodwill": 907000.0,
        "Net Income From Continuing Operation Net Minority Interest": -18348000.0,
        "Reconciled Depreciation": 2459000.0,
        "EBITDA": -19054000.0,
        "EBIT": -21513000.0,
        "Net Interest Income": 1725000.0,
        "Interest Income": 1725000.0,
        "Normalized Income": -19064530.0,
        "Net Income From Continuing And Discontinued Operation": -18348000.0,
        "Total Expenses": 39928000.0,
        "Rent Expense Supplemental": 1142000.0,
        "Total Operating Income As Reported": -21513000.0,
        "Diluted Average Shares": 173957880.0,
        "Basic Average Shares": 173957880.0,
        "Diluted EPS": -0.11,
        "Basic EPS": -0.11,
        "Diluted NI Availto Com Stockholders": -18348000.0,
        "Net Income Common Stockholders": -18348000.0,
        "Net Income": -18348000.0,
        "Minority Interests": 609000.0,
        "Net Income Including Noncontrolling Interests": -18957000.0,
        "Net Income Continuous Operations": -18957000.0,
        "Tax Provision": 291000.0,
        "Pretax Income": -18666000.0,
        "Other Income Expense": 1122000.0,
        "Other Non Operating Income Expenses": 215000.0,
        "Special Income Charges": 0.0,
        "Restructuring And Mergern Acquisition": 0.0,
        "Gain On Sale Of Security": 907000.0,
        "Net Non Operating Interest Income Expense": 1725000.0,
        "Total Other Finance Cost": NaN,
        "Interest Income Non Operating": 1725000.0,
        "Operating Income": -21513000.0,
        "Operating Expense": 39928000.0,
        "Depreciation Amortization Depletion Income Statement": 1710000.0,
        "Depreciation And Amortization In Income Statement": 1710000.0,
        "Selling General And Administration": 38218000.0,
        "Selling And Marketing Expense": 910000.0,
        "General And Administrative Expense": 37308000.0,
        "Other Gand A": 8516000.0,
        "Rent And Landing Fees": 1142000.0,
        "Salaries And Wages": 27650000.0,
        "Total Revenue": 18415000.0,
        "Operating Revenue": 18563000.0
    },
    "2023-12-31": {
        "Tax Effect Of Unusual Items": -787500.0,
        "Tax Rate For Calcs": 0.21,
        "Normalized EBITDA": -18132000.0,
        "Total Unusual Items": -3750000.0,
        "Total Unusual Items Excluding Goodwill": -3750000.0,
        "Net Income From Continuing Operation Net Minority Interest": -25796000.0,
        "Reconciled Depreciation": 2533000.0,
        "EBITDA": -21882000.0,
        "EBIT": -24415000.0,
        "Net Interest Income": 1868000.0,
        "Interest Income": NaN,
        "Normalized Income": -22833500.0,
        "Net Income From Continuing And Discontinued Operation": -25796000.0,
        "Total Expenses": 43293000.0,
        "Rent Expense Supplemental": 1268000.0,
        "Total Operating Income As Reported": -24415000.0,
        "Diluted Average Shares": NaN,
        "Basic Average Shares": NaN,
        "Diluted EPS": NaN,
        "Basic EPS": NaN,
        "Diluted NI Availto Com Stockholders": -25796000.0,
        "Net Income Common Stockholders": -25796000.0,
        "Net Income": -25796000.0,
        "Minority Interests": 435000.0,
        "Net Income Including Noncontrolling Interests": -26231000.0,
        "Net Income Continuous Operations": -26231000.0,
        "Tax Provision": 50000.0,
        "Pretax Income": -26181000.0,
        "Other Income Expense": -3634000.0,
        "Other Non Operating Income Expenses": 116000.0,
        "Special Income Charges": 0.0,
        "Restructuring And Mergern Acquisition": 0.0,
        "Gain On Sale Of Security": -3750000.0,
        "Net Non Operating Interest Income Expense": 1868000.0,
        "Total Other Finance Cost": NaN,
        "Interest Income Non Operating": NaN,
        "Operating Income": -24415000.0,
        "Operating Expense": 43293000.0,
        "Depreciation Amortization Depletion Income Statement": 1708000.0,
        "Depreciation And Amortization In Income Statement": 1708000.0,
        "Selling General And Administration": 41585000.0,
        "Selling And Marketing Expense": 1023000.0,
        "General And Administrative Expense": 40562000.0,
        "Other Gand A": 11267000.0,
        "Rent And Landing Fees": 1268000.0,
        "Salaries And Wages": 28027000.0,
        "Total Revenue": 18878000.0,
        "Operating Revenue": 19059000.0
    },
    "2024-03-31": {
        "Tax Effect Of Unusual Items": 53364.0,
        "Tax Rate For Calcs": 0.012,
        "Normalized EBITDA": -26998000.0,
        "Total Unusual Items": 4447000.0,
        "Total Unusual Items Excluding Goodwill": 4447000.0,
        "Net Income From Continuing Operation Net Minority Interest": -18624000.0,
        "Reconciled Depreciation": 2459000.0,
        "EBITDA": -22551000.0,
        "EBIT": -25010000.0,
        "Net Interest Income": 1709000.0,
        "Interest Income": NaN,
        "Normalized Income": -23017636.0,
        "Net Income From Continuing And Discontinued Operation": -18624000.0,
        "Total Expenses": 44223000.0,
        "Rent Expense Supplemental": 1135000.0,
        "Total Operating Income As Reported": -25010000.0,
        "Diluted Average Shares": 179910522.0,
        "Basic Average Shares": 179910522.0,
        "Diluted EPS": -0.1,
        "Basic EPS": -0.1,
        "Diluted NI Availto Com Stockholders": -18624000.0,
        "Net Income Common Stockholders": -18624000.0,
        "Net Income": -18624000.0,
        "Minority Interests": 370000.0,
        "Net Income Including Noncontrolling Interests": -18994000.0,
        "Net Income Continuous Operations": -18994000.0,
        "Tax Provision": 216000.0,
        "Pretax Income": -18778000.0,
        "Other Income Expense": 4523000.0,
        "Other Non Operating Income Expenses": 76000.0,
        "Special Income Charges": NaN,
        "Restructuring And Mergern Acquisition": NaN,
        "Gain On Sale Of Security": 4447000.0,
        "Net Non Operating Interest Income Expense": 1709000.0,
        "Total Other Finance Cost": -1709000.0,
        "Interest Income Non Operating": NaN,
        "Operating Income": -25010000.0,
        "Operating Expense": 44223000.0,
        "Depreciation Amortization Depletion Income Statement": 1816000.0,
        "Depreciation And Amortization In Income Statement": 1816000.0,
        "Selling General And Administration": 42407000.0,
        "Selling And Marketing Expense": 1090000.0,
        "General And Administrative Expense": 41317000.0,
        "Other Gand A": 10339000.0,
        "Rent And Landing Fees": 1135000.0,
        "Salaries And Wages": 29843000.0,
        "Total Revenue": 19213000.0,
        "Operating Revenue": 19242000.0
    },
    "2024-06-30": {
        "Tax Effect Of Unusual Items": 478800.0,
        "Tax Rate For Calcs": 0.21,
        "Normalized EBITDA": -17488000.0,
        "Total Unusual Items": 2280000.0,
        "Total Unusual Items Excluding Goodwill": 2280000.0,
        "Net Income From Continuing Operation Net Minority Interest": -13724000.0,
        "Reconciled Depreciation": 2443000.0,
        "EBITDA": -15208000.0,
        "EBIT": -17651000.0,
        "Net Interest Income": 1495000.0,
        "Interest Income": 1495000.0,
        "Normalized Income": -15525200.0,
        "Net Income From Continuing And Discontinued Operation": -13724000.0,
        "Total Expenses": 39677000.0,
        "Rent Expense Supplemental": 1107000.0,
        "Total Operating Income As Reported": -17651000.0,
        "Diluted Average Shares": 182681065.0,
        "Basic Average Shares": 182681065.0,
        "Diluted EPS": -0.08,
        "Basic EPS": -0.08,
        "Diluted NI Availto Com Stockholders": -13724000.0,
        "Net Income Common Stockholders": -13724000.0,
        "Net Income": -13724000.0,
        "Minority Interests": 316000.0,
        "Net Income Including Noncontrolling Interests": -14040000.0,
        "Net Income Continuous Operations": -14040000.0,
        "Tax Provision": 258000.0,
        "Pretax Income": -13782000.0,
        "Other Income Expense": 2374000.0,
        "Other Non Operating Income Expenses": 94000.0,
        "Special Income Charges": NaN,
        "Restructuring And Mergern Acquisition": NaN,
        "Gain On Sale Of Security": 2280000.0,
        "Net Non Operating Interest Income Expense": 1495000.0,
        "Total Other Finance Cost": NaN,
        "Interest Income Non Operating": 1495000.0,
        "Operating Income": -17651000.0,
        "Operating Expense": 39677000.0,
        "Depreciation Amortization Depletion Income Statement": 1781000.0,
        "Depreciation And Amortization In Income Statement": 1781000.0,
        "Selling General And Administration": 37896000.0,
        "Selling And Marketing Expense": 1243000.0,
        "General And Administrative Expense": 36653000.0,
        "Other Gand A": 6762000.0,
        "Rent And Landing Fees": 1107000.0,
        "Salaries And Wages": 28784000.0,
        "Total Revenue": 22026000.0,
        "Operating Revenue": 22282000.0
    }
}