{
    "2023-03-31": {
        "Tax Effect Of Unusual Items": -34197.519522,
        "Tax Rate For Calcs": 0.015158,
        "Normalized EBITDA": 4554000.0,
        "Total Unusual Items": -2256000.0,
        "Total Unusual Items Excluding Goodwill": -2256000.0,
        "Net Income From Continuing Operation Net Minority Interest": -2144000.0,
        "Reconciled Depreciation": 4392000.0,
        "Reconciled Cost Of Revenue": 82707000.0,
        "EBITDA": 2298000.0,
        "EBIT": -2094000.0,
        "Net Interest Income": -83000.0,
        "Interest Expense": 83000.0,
        "Normalized Income": 77802.480478,
        "Net Income From Continuing And Discontinued Operation": -1909000.0,
        "Total Expenses": 103493000.0,
        "Rent Expense Supplemental": 6081000.0,
        "Total Operating Income As Reported": -2094000.0,
        "Diluted Average Shares": 25420090.0,
        "Basic Average Shares": 25420090.0,
        "Diluted EPS": -0.08,
        "Basic EPS": -0.08,
        "Diluted NI Availto Com Stockholders": -1909000.0,
        "Net Income Common Stockholders": -1909000.0,
        "Otherunder Preferred Stock Dividend": 0.0,
        "Net Income": -1909000.0,
        "Net Income Including Noncontrolling Interests": -1909000.0,
        "Net Income Discontinuous Operations": 235000.0,
        "Net Income Continuous Operations": -2144000.0,
        "Tax Provision": -33000.0,
        "Pretax Income": -2177000.0,
        "Other Income Expense": -1972000.0,
        "Other Non Operating Income Expenses": 284000.0,
        "Special Income Charges": -2256000.0,
        "Other Special Charges": 854000.0,
        "Impairment Of Capital Assets": 2256000.0,
        "Net Non Operating Interest Income Expense": -83000.0,
        "Total Other Finance Cost": NaN,
        "Interest Expense Non Operating": 83000.0,
        "Operating Income": -122000.0,
        "Operating Expense": 20786000.0,
        "Other Operating Expenses": 15000.0,
        "Depreciation Amortization Depletion Income Statement": 4392000.0,
        "Depreciation And Amortization In Income Statement": 4392000.0,
        "Selling General And Administration": 16379000.0,
        "Selling And Marketing Expense": 3196000.0,
        "General And Administrative Expense": 13183000.0,
        "Other Gand A": 13183000.0,
        "Rent And Landing Fees": NaN,
        "Gross Profit": 20664000.0,
        "Cost Of Revenue": 82707000.0,
        "Total Revenue": 103371000.0,
        "Operating Revenue": 103371000.0
    },
    "2022-12-31": {
        "Tax Effect Of Unusual Items": 11200.0,
        "Tax Rate For Calcs": 0.4,
        "Normalized EBITDA": 218000.0,
        "Total Unusual Items": 28000.0,
        "Total Unusual Items Excluding Goodwill": 28000.0,
        "Net Income From Continuing Operation Net Minority Interest": -4939000.0,
        "Reconciled Depreciation": 4655000.0,
        "Reconciled Cost Of Revenue": 78340000.0,
        "EBITDA": 246000.0,
        "EBIT": -4409000.0,
        "Net Interest Income": -83000.0,
        "Interest Expense": 83000.0,
        "Normalized Income": -4955800.0,
        "Net Income From Continuing And Discontinued Operation": -4066000.0,
        "Total Expenses": 102061000.0,
        "Rent Expense Supplemental": 6653000.0,
        "Total Operating Income As Reported": -4409000.0,
        "Diluted Average Shares": 25110630.0,
        "Basic Average Shares": 25110630.0,
        "Diluted EPS": -0.16,
        "Basic EPS": -0.16,
        "Diluted NI Availto Com Stockholders": -4066000.0,
        "Net Income Common Stockholders": -4066000.0,
        "Otherunder Preferred Stock Dividend": NaN,
        "Net Income": -4066000.0,
        "Net Income Including Noncontrolling Interests": -4066000.0,
        "Net Income Discontinuous Operations": 873000.0,
        "Net Income Continuous Operations": -4939000.0,
        "Tax Provision": 447000.0,
        "Pretax Income": -4492000.0,
        "Other Income Expense": 28000.0,
        "Other Non Operating Income Expenses": NaN,
        "Special Income Charges": 28000.0,
        "Other Special Charges": NaN,
        "Impairment Of Capital Assets": -28000.0,
        "Net Non Operating Interest Income Expense": -83000.0,
        "Total Other Finance Cost": NaN,
        "Interest Expense Non Operating": 83000.0,
        "Operating Income": -4437000.0,
        "Operating Expense": 23721000.0,
        "Other Operating Expenses": 62000.0,
        "Depreciation Amortization Depletion Income Statement": 4655000.0,
        "Depreciation And Amortization In Income Statement": 4655000.0,
        "Selling General And Administration": 19004000.0,
        "Selling And Marketing Expense": 3340000.0,
        "General And Administrative Expense": 15664000.0,
        "Other Gand A": 15052000.0,
        "Rent And Landing Fees": 612000.0,
        "Gross Profit": 19284000.0,
        "Cost Of Revenue": 78340000.0,
        "Total Revenue": 97624000.0,
        "Operating Revenue": 97624000.0
    },
    "2022-09-30": {
        "Tax Effect Of Unusual Items": -4012.0,
        "Tax Rate For Calcs": 0.118,
        "Normalized EBITDA": 1845000.0,
        "Total Unusual Items": -34000.0,
        "Total Unusual Items Excluding Goodwill": -34000.0,
        "Net Income From Continuing Operation Net Minority Interest": -2933000.0,
        "Reconciled Depreciation": 5052000.0,
        "Reconciled Cost Of Revenue": 78587000.0,
        "EBITDA": 1811000.0,
        "EBIT": -3241000.0,
        "Net Interest Income": -83000.0,
        "Interest Expense": 83000.0,
        "Normalized Income": -2903012.0,
        "Net Income From Continuing And Discontinued Operation": -2916000.0,
        "Total Expenses": 98838000.0,
        "Rent Expense Supplemental": 6568000.0,
        "Total Operating Income As Reported": -3241000.0,
        "Diluted Average Shares": 24971244.0,
        "Basic Average Shares": 24971244.0,
        "Diluted EPS": -0.12,
        "Basic EPS": -0.12,
        "Diluted NI Availto Com Stockholders": -2916000.0,
        "Net Income Common Stockholders": -2916000.0,
        "Otherunder Preferred Stock Dividend": NaN,
        "Net Income": -2916000.0,
        "Net Income Including Noncontrolling Interests": -2916000.0,
        "Net Income Discontinuous Operations": 17000.0,
        "Net Income Continuous Operations": -2933000.0,
        "Tax Provision": -391000.0,
        "Pretax Income": -3324000.0,
        "Other Income Expense": -34000.0,
        "Other Non Operating Income Expenses": NaN,
        "Special Income Charges": -34000.0,
        "Other Special Charges": -98000.0,
        "Impairment Of Capital Assets": 132000.0,
        "Net Non Operating Interest Income Expense": -83000.0,
        "Total Other Finance Cost": NaN,
        "Interest Expense Non Operating": 83000.0,
        "Operating Income": -3207000.0,
        "Operating Expense": 20251000.0,
        "Other Operating Expenses": -787000.0,
        "Depreciation Amortization Depletion Income Statement": 5052000.0,
        "Depreciation And Amortization In Income Statement": 5052000.0,
        "Selling General And Administration": 15986000.0,
        "Selling And Marketing Expense": 3311000.0,
        "General And Administrative Expense": 12675000.0,
        "Other Gand A": 12140000.0,
        "Rent And Landing Fees": 535000.0,
        "Gross Profit": 17044000.0,
        "Cost Of Revenue": 78587000.0,
        "Total Revenue": 95631000.0,
        "Operating Revenue": 95631000.0
    },
    "2022-06-30": {
        "Tax Effect Of Unusual Items": -844000.0,
        "Tax Rate For Calcs": 0.4,
        "Normalized EBITDA": 2073000.0,
        "Total Unusual Items": -2110000.0,
        "Total Unusual Items Excluding Goodwill": -2110000.0,
        "Net Income From Continuing Operation Net Minority Interest": -6488000.0,
        "Reconciled Depreciation": 5232000.0,
        "Reconciled Cost Of Revenue": 79894000.0,
        "EBITDA": -37000.0,
        "EBIT": -5269000.0,
        "Net Interest Income": -85000.0,
        "Interest Expense": 85000.0,
        "Normalized Income": -5222000.0,
        "Net Income From Continuing And Discontinued Operation": -6221000.0,
        "Total Expenses": 101646000.0,
        "Rent Expense Supplemental": 6377000.0,
        "Total Operating Income As Reported": -5269000.0,
        "Diluted Average Shares": 24946674.0,
        "Basic Average Shares": 24946674.0,
        "Diluted EPS": -0.25,
        "Basic EPS": -0.25,
        "Diluted NI Availto Com Stockholders": -6221000.0,
        "Net Income Common Stockholders": -6221000.0,
        "Otherunder Preferred Stock Dividend": NaN,
        "Net Income": -6221000.0,
        "Net Income Including Noncontrolling Interests": -6221000.0,
        "Net Income Discontinuous Operations": 267000.0,
        "Net Income Continuous Operations": -6488000.0,
        "Tax Provision": 1134000.0,
        "Pretax Income": -5354000.0,
        "Other Income Expense": -2110000.0,
        "Other Non Operating Income Expenses": NaN,
        "Special Income Charges": -2110000.0,
        "Other Special Charges": NaN,
        "Impairment Of Capital Assets": 2110000.0,
        "Net Non Operating Interest Income Expense": -85000.0,
        "Total Other Finance Cost": NaN,
        "Interest Expense Non Operating": 85000.0,
        "Operating Income": -3159000.0,
        "Operating Expense": 21752000.0,
        "Other Operating Expenses": 83000.0,
        "Depreciation Amortization Depletion Income Statement": 5232000.0,
        "Depreciation And Amortization In Income Statement": 5232000.0,
        "Selling General And Administration": 16437000.0,
        "Selling And Marketing Expense": 3245000.0,
        "General And Administrative Expense": 13192000.0,
        "Other Gand A": 12791000.0,
        "Rent And Landing Fees": 401000.0,
        "Gross Profit": 18593000.0,
        "Cost Of Revenue": 79894000.0,
        "Total Revenue": 98487000.0,
        "Operating Revenue": 98487000.0
    },
    "2022-03-31": {
        "Diluted EPS": -0.05,
        "Total Revenue": 96,
        "Gross Profit": 65,
        "Operating Income": -1,
        "EBIT": 4,
        "Net Income": -1
    },
    "2021-12-31": {
        "Diluted EPS": -0.18,
        "Total Revenue": 89,
        "Gross Profit": 63,
        "Operating Income": -7,
        "EBIT": -2,
        "Net Income": -4
    },
    "2021-09-30": {
        "Diluted EPS": 0.66,
        "Total Revenue": 89,
        "Gross Profit": 62,
        "Operating Income": -4,
        "EBIT": 2,
        "Net Income": 17
    },
    "2021-06-30": {
        "Diluted EPS": 0.0,
        "Total Revenue": 91,
        "Gross Profit": 64,
        "Operating Income": 2,
        "EBIT": 11,
        "Net Income": 0
    },
    "2021-03-31": {
        "Diluted EPS": -0.08,
        "Total Revenue": 88,
        "Gross Profit": 61,
        "Operating Income": 2,
        "EBIT": 12,
        "Net Income": -2
    },
    "2020-12-31": {
        "Diluted EPS": 0.04,
        "Total Revenue": 27,
        "Gross Profit": 18,
        "Operating Income": 7,
        "EBIT": 17,
        "Net Income": 1
    },
    "2020-09-30": {
        "Diluted EPS": 0.18,
        "Total Revenue": 78,
        "Gross Profit": 53,
        "Operating Income": 0,
        "EBIT": 10,
        "Net Income": 4
    },
    "2020-06-30": {
        "Diluted EPS": -0.33,
        "Total Revenue": 63,
        "Gross Profit": 43,
        "Operating Income": -8,
        "EBIT": 1,
        "Net Income": -8
    },
    "2020-03-31": {
        "Diluted EPS": -0.29,
        "Total Revenue": 147,
        "Gross Profit": 100,
        "Operating Income": -9,
        "EBIT": 0,
        "Net Income": -7
    },
    "2019-12-31": {
        "Diluted EPS": -0.8,
        "Total Revenue": -138,
        "Gross Profit": -97,
        "Operating Income": 72,
        "EBIT": 82,
        "Net Income": -21
    },
    "2019-09-30": {
        "Diluted EPS": -0.84,
        "Total Revenue": 164,
        "Gross Profit": 112,
        "Operating Income": -24,
        "EBIT": 7,
        "Net Income": -22
    },
    "2019-06-30": {
        "Diluted EPS": -1.62,
        "Total Revenue": 171,
        "Gross Profit": 118,
        "Operating Income": -42,
        "EBIT": 15,
        "Net Income": -43
    },
    "2019-03-31": {
        "Diluted EPS": 0.08,
        "Total Revenue": 166,
        "Gross Profit": 115,
        "Operating Income": 4,
        "EBIT": 14,
        "Net Income": 2
    },
    "2018-12-31": {
        "Diluted EPS": -0.29,
        "Total Revenue": 168,
        "Gross Profit": 115,
        "Operating Income": -9,
        "EBIT": -1,
        "Net Income": -8
    },
    "2018-09-30": {
        "Diluted EPS": 0.08,
        "Total Revenue": 175,
        "Gross Profit": 119,
        "Operating Income": -2,
        "EBIT": 7,
        "Net Income": 2
    },
    "2018-06-30": {
        "Diluted EPS": 0.35,
        "Total Revenue": 177,
        "Gross Profit": 120,
        "Operating Income": 14,
        "EBIT": 22,
        "Net Income": 9
    },
    "2018-03-31": {
        "Diluted EPS": 0.15,
        "Total Revenue": 169,
        "Gross Profit": 116,
        "Operating Income": 7,
        "EBIT": 15,
        "Net Income": 4
    },
    "2017-12-31": {
        "Diluted EPS": -0.4,
        "Total Revenue": 162,
        "Gross Profit": 110,
        "Operating Income": -3,
        "EBIT": 5,
        "Net Income": -11
    },
    "2017-09-30": {
        "Diluted EPS": -0.31,
        "Total Revenue": 159,
        "Gross Profit": 110,
        "Operating Income": -12,
        "EBIT": -5,
        "Net Income": -8
    },
    "2017-06-30": {
        "Diluted EPS": -0.08,
        "Total Revenue": 173,
        "Gross Profit": 122,
        "Operating Income": -2,
        "EBIT": 5,
        "Net Income": -2
    },
    "2017-03-31": {
        "Diluted EPS": -0.56,
        "Total Revenue": 176,
        "Gross Profit": 125,
        "Operating Income": -23,
        "EBIT": -15,
        "Net Income": -15
    },
    "2016-12-31": {
        "Diluted EPS": 0.09,
        "Total Revenue": 171,
        "Gross Profit": 120,
        "Operating Income": 3,
        "EBIT": 13,
        "Net Income": 2
    },
    "2016-09-30": {
        "Diluted EPS": -0.17,
        "Total Revenue": 182,
        "Gross Profit": 128,
        "Operating Income": -7,
        "EBIT": 2,
        "Net Income": -5
    },
    "2016-06-30": {
        "Diluted EPS": 0.33,
        "Total Revenue": 182,
        "Gross Profit": 127,
        "Operating Income": 15,
        "EBIT": 22,
        "Net Income": 9
    },
    "2016-03-31": {
        "Diluted EPS": 0.37,
        "Total Revenue": 177,
        "Gross Profit": 123,
        "Operating Income": 16,
        "EBIT": 24,
        "Net Income": 10
    },
    "2015-12-31": {
        "Diluted EPS": 0.33,
        "Total Revenue": 180,
        "Gross Profit": 123,
        "Operating Income": 13,
        "EBIT": 21,
        "Net Income": 9
    },
    "2015-09-30": {
        "Diluted EPS": 0.3,
        "Total Revenue": 172,
        "Gross Profit": 117,
        "Operating Income": 13,
        "EBIT": 20,
        "Net Income": 8
    },
    "2015-06-30": {
        "Diluted EPS": 0.42,
        "Total Revenue": 172,
        "Gross Profit": 118,
        "Operating Income": 19,
        "EBIT": 25,
        "Net Income": 11
    },
    "2015-03-31": {
        "Diluted EPS": 0.39,
        "Total Revenue": 164,
        "Gross Profit": 113,
        "Operating Income": 17,
        "EBIT": 23,
        "Net Income": 10
    },
    "2014-12-31": {
        "Diluted EPS": 0.33,
        "Total Revenue": 156,
        "Gross Profit": 107,
        "Operating Income": 14,
        "EBIT": 19,
        "Net Income": 9
    },
    "2014-09-30": {
        "Diluted EPS": 0.34,
        "Total Revenue": 155,
        "Gross Profit": 106,
        "Operating Income": 15,
        "EBIT": 21,
        "Net Income": 9
    },
    "2014-06-30": {
        "Diluted EPS": 0.35,
        "Total Revenue": 154,
        "Gross Profit": 105,
        "Operating Income": 16,
        "EBIT": 20,
        "Net Income": 9
    },
    "2014-03-31": {
        "Diluted EPS": 0.33,
        "Total Revenue": 145,
        "Gross Profit": 100,
        "Operating Income": 15,
        "EBIT": 19,
        "Net Income": 9
    },
    "2013-12-31": {
        "Diluted EPS": -0.23,
        "Total Revenue": 136,
        "Gross Profit": 93,
        "Operating Income": 11,
        "EBIT": 16,
        "Net Income": -5
    },
    "2013-09-30": {
        "Diluted EPS": 0.21,
        "Total Revenue": 141,
        "Gross Profit": 96,
        "Operating Income": 12,
        "EBIT": 17,
        "Net Income": 5
    },
    "2013-06-30": {
        "Diluted EPS": 0.21,
        "Total Revenue": 141,
        "Gross Profit": 96,
        "Operating Income": 13,
        "EBIT": 18,
        "Net Income": 5
    },
    "2013-03-31": {
        "Diluted EPS": 0.2,
        "Total Revenue": 134,
        "Gross Profit": 91,
        "Operating Income": 11,
        "EBIT": 16,
        "Net Income": 5
    },
    "2012-12-31": {
        "Diluted EPS": 0.1,
        "Total Revenue": 127,
        "Gross Profit": 86,
        "Operating Income": 9,
        "EBIT": 13,
        "Net Income": 2
    },
    "2012-09-30": {
        "Diluted EPS": 0.16,
        "Total Revenue": 128,
        "Gross Profit": 87,
        "Operating Income": 11,
        "EBIT": 15,
        "Net Income": 4
    },
    "2012-06-30": {
        "Diluted EPS": 0.17,
        "Total Revenue": 129,
        "Gross Profit": 88,
        "Operating Income": 13,
        "EBIT": 17,
        "Net Income": 4
    },
    "2012-03-31": {
        "Diluted EPS": -0.08,
        "Total Revenue": 126,
        "Gross Profit": 85,
        "Operating Income": 5,
        "EBIT": 10,
        "Net Income": -2
    },
    "2011-12-31": {
        "Diluted EPS": -0.01,
        "Total Revenue": 117,
        "Gross Profit": 79,
        "Operating Income": 7,
        "EBIT": 12,
        "Net Income": 0
    },
    "2011-09-30": {
        "Diluted EPS": 0.1,
        "Total Revenue": 121,
        "Gross Profit": 82,
        "Operating Income": 10,
        "EBIT": 16,
        "Net Income": 2
    },
    "2011-06-30": {
        "Diluted EPS": 0.16,
        "Total Revenue": 121,
        "Gross Profit": 82,
        "Operating Income": 10,
        "EBIT": 15,
        "Net Income": 4
    },
    "2011-03-31": {
        "Diluted EPS": 0.16,
        "Total Revenue": 116,
        "Gross Profit": 79,
        "Operating Income": 11,
        "EBIT": 16,
        "Net Income": 4
    },
    "2010-12-31": {
        "Diluted EPS": 0.0,
        "Total Revenue": NaN,
        "Gross Profit": NaN,
        "Operating Income": NaN,
        "EBIT": NaN,
        "Net Income": NaN
    },
    "2009-12-31": {
        "Diluted EPS": 0.0,
        "Total Revenue": NaN,
        "Gross Profit": NaN,
        "Operating Income": NaN,
        "EBIT": NaN,
        "Net Income": NaN
    },
    "2023-06-30": {
        "Tax Effect Of Unusual Items": -62139.634291,
        "Tax Rate For Calcs": 0.090715,
        "Normalized EBITDA": 10322000.0,
        "Total Unusual Items": -685000.0,
        "Total Unusual Items Excluding Goodwill": -685000.0,
        "Net Income From Continuing Operation Net Minority Interest": 3829000.0,
        "Reconciled Depreciation": 4822000.0,
        "Reconciled Cost Of Revenue": 82966000.0,
        "EBITDA": 9637000.0,
        "EBIT": 4815000.0,
        "Net Interest Income": 81000.0,
        "Interest Expense": NaN,
        "Normalized Income": 4451860.365709,
        "Net Income From Continuing And Discontinued Operation": 3859000.0,
        "Total Expenses": 102028000.0,
        "Rent Expense Supplemental": 6348000.0,
        "Total Operating Income As Reported": 4130000.0,
        "Diluted Average Shares": 25566740.0,
        "Basic Average Shares": 25566740.0,
        "Diluted EPS": 0.15,
        "Basic EPS": 0.15,
        "Diluted NI Availto Com Stockholders": 3859000.0,
        "Net Income Common Stockholders": 3859000.0,
        "Otherunder Preferred Stock Dividend": 81000.0,
        "Net Income": 3859000.0,
        "Net Income Including Noncontrolling Interests": 3859000.0,
        "Net Income Discontinuous Operations": 30000.0,
        "Net Income Continuous Operations": 3829000.0,
        "Tax Provision": 382000.0,
        "Pretax Income": 4211000.0,
        "Other Income Expense": -685000.0,
        "Other Non Operating Income Expenses": NaN,
        "Special Income Charges": -685000.0,
        "Other Special Charges": 685000.0,
        "Impairment Of Capital Assets": 685000.0,
        "Net Non Operating Interest Income Expense": 81000.0,
        "Total Other Finance Cost": -81000.0,
        "Interest Expense Non Operating": NaN,
        "Operating Income": 4815000.0,
        "Operating Expense": 19062000.0,
        "Other Operating Expenses": 157000.0,
        "Depreciation Amortization Depletion Income Statement": 4822000.0,
        "Depreciation And Amortization In Income Statement": 4822000.0,
        "Selling General And Administration": 14083000.0,
        "Selling And Marketing Expense": 3116000.0,
        "General And Administrative Expense": 10967000.0,
        "Other Gand A": 10729000.0,
        "Rent And Landing Fees": 238000.0,
        "Gross Profit": 23877000.0,
        "Cost Of Revenue": 82966000.0,
        "Total Revenue": 106843000.0,
        "Operating Revenue": 106843000.0
    }
}