{
    "2022-12-31": {
        "Tax Effect Of Unusual Items": NaN,
        "Tax Rate For Calcs": NaN,
        "Normalized EBITDA": NaN,
        "Total Unusual Items": -24140000.0,
        "Total Unusual Items Excluding Goodwill": -24140000.0,
        "Net Income From Continuing Operation Net Minority Interest": NaN,
        "Reconciled Depreciation": NaN,
        "Reconciled Cost Of Revenue": NaN,
        "EBITDA": NaN,
        "EBIT": NaN,
        "Net Interest Income": NaN,
        "Interest Expense": NaN,
        "Normalized Income": NaN,
        "Net Income From Continuing And Discontinued Operation": NaN,
        "Total Expenses": NaN,
        "Diluted Average Shares": 59522701.0,
        "Basic Average Shares": 58678730.0,
        "Diluted EPS": 1.05,
        "Basic EPS": 1.06,
        "Diluted NI Availto Com Stockholders": NaN,
        "Net Income Common Stockholders": NaN,
        "Net Income": NaN,
        "Minority Interests": NaN,
        "Net Income Including Noncontrolling Interests": NaN,
        "Net Income Discontinuous Operations": NaN,
        "Net Income Continuous Operations": NaN,
        "Tax Provision": NaN,
        "Pretax Income": NaN,
        "Other Income Expense": NaN,
        "Other Non Operating Income Expenses": NaN,
        "Special Income Charges": -24140000.0,
        "Write Off": 24140000.0,
        "Net Non Operating Interest Income Expense": NaN,
        "Interest Expense Non Operating": NaN,
        "Operating Income": NaN,
        "Operating Expense": NaN,
        "Other Operating Expenses": -73257000.0,
        "Provision For Doubtful Accounts": NaN,
        "Selling General And Administration": NaN,
        "Selling And Marketing Expense": NaN,
        "General And Administrative Expense": NaN,
        "Other Gand A": NaN,
        "Salaries And Wages": NaN,
        "Gross Profit": NaN,
        "Cost Of Revenue": NaN,
        "Total Revenue": NaN,
        "Operating Revenue": NaN
    },
    "2022-09-30": {
        "Tax Effect Of Unusual Items": NaN,
        "Tax Rate For Calcs": NaN,
        "Normalized EBITDA": NaN,
        "Total Unusual Items": -3726000.0,
        "Total Unusual Items Excluding Goodwill": -3726000.0,
        "Net Income From Continuing Operation Net Minority Interest": NaN,
        "Reconciled Depreciation": NaN,
        "Reconciled Cost Of Revenue": NaN,
        "EBITDA": NaN,
        "EBIT": NaN,
        "Net Interest Income": NaN,
        "Interest Expense": NaN,
        "Normalized Income": NaN,
        "Net Income From Continuing And Discontinued Operation": NaN,
        "Total Expenses": NaN,
        "Diluted Average Shares": 59518473.0,
        "Basic Average Shares": 58665415.0,
        "Diluted EPS": 0.44,
        "Basic EPS": 0.45,
        "Diluted NI Availto Com Stockholders": NaN,
        "Net Income Common Stockholders": NaN,
        "Net Income": NaN,
        "Minority Interests": NaN,
        "Net Income Including Noncontrolling Interests": NaN,
        "Net Income Discontinuous Operations": NaN,
        "Net Income Continuous Operations": NaN,
        "Tax Provision": NaN,
        "Pretax Income": NaN,
        "Other Income Expense": NaN,
        "Other Non Operating Income Expenses": NaN,
        "Special Income Charges": -3726000.0,
        "Write Off": 3726000.0,
        "Net Non Operating Interest Income Expense": NaN,
        "Interest Expense Non Operating": NaN,
        "Operating Income": NaN,
        "Operating Expense": NaN,
        "Other Operating Expenses": -5507000.0,
        "Provision For Doubtful Accounts": NaN,
        "Selling General And Administration": NaN,
        "Selling And Marketing Expense": NaN,
        "General And Administrative Expense": NaN,
        "Other Gand A": NaN,
        "Salaries And Wages": NaN,
        "Gross Profit": NaN,
        "Cost Of Revenue": NaN,
        "Total Revenue": NaN,
        "Operating Revenue": NaN
    },
    "2022-06-30": {
        "Tax Effect Of Unusual Items": -472862.0,
        "Tax Rate For Calcs": 0.169,
        "Normalized EBITDA": 121175000.0,
        "Total Unusual Items": -2798000.0,
        "Total Unusual Items Excluding Goodwill": -2798000.0,
        "Net Income From Continuing Operation Net Minority Interest": 61067000.0,
        "Reconciled Depreciation": 1440000.0,
        "Reconciled Cost Of Revenue": 41933000.0,
        "EBITDA": 118377000.0,
        "EBIT": 116937000.0,
        "Net Interest Income": -45829000.0,
        "Interest Expense": 45829000.0,
        "Normalized Income": 63392138.0,
        "Net Income From Continuing And Discontinued Operation": 61067000.0,
        "Total Expenses": 107400000.0,
        "Diluted Average Shares": 59542212.0,
        "Basic Average Shares": 59542212.0,
        "Diluted EPS": 1.03,
        "Basic EPS": 1.03,
        "Diluted NI Availto Com Stockholders": 61067000.0,
        "Net Income Common Stockholders": 61067000.0,
        "Net Income": 61067000.0,
        "Minority Interests": 1994000.0,
        "Net Income Including Noncontrolling Interests": 59073000.0,
        "Net Income Discontinuous Operations": NaN,
        "Net Income Continuous Operations": 59073000.0,
        "Tax Provision": 12035000.0,
        "Pretax Income": 71108000.0,
        "Other Income Expense": -2271000.0,
        "Other Non Operating Income Expenses": 527000.0,
        "Special Income Charges": -2798000.0,
        "Write Off": 2798000.0,
        "Net Non Operating Interest Income Expense": -45829000.0,
        "Interest Expense Non Operating": 45829000.0,
        "Operating Income": 119208000.0,
        "Operating Expense": 65467000.0,
        "Other Operating Expenses": 65467000.0,
        "Provision For Doubtful Accounts": NaN,
        "Gross Profit": 184675000.0,
        "Cost Of Revenue": 41933000.0,
        "Total Revenue": 226608000.0,
        "Operating Revenue": 226608000.0
    },
    "2022-03-31": {
        "Diluted EPS": -1.75,
        "Total Revenue": -12,
        "Gross Profit": -12,
        "Operating Income": -5,
        "EBIT": 8,
        "Net Income": -99
    },
    "2021-12-31": {
        "Diluted EPS": 0.91,
        "Total Revenue": 155,
        "Gross Profit": 155,
        "Operating Income": 60,
        "EBIT": 83,
        "Net Income": 54
    },
    "2021-09-30": {
        "Diluted EPS": 3.47,
        "Total Revenue": 317,
        "Gross Profit": 317,
        "Operating Income": 241,
        "EBIT": 259,
        "Net Income": 207
    },
    "2021-06-30": {
        "Diluted EPS": 0.93,
        "Total Revenue": 124,
        "Gross Profit": 124,
        "Operating Income": 58,
        "EBIT": 73,
        "Net Income": 55
    },
    "2021-03-31": {
        "Diluted EPS": 0.91,
        "Total Revenue": 40,
        "Gross Profit": 40,
        "Operating Income": 37,
        "EBIT": 40,
        "Net Income": 52
    },
    "2020-12-31": {
        "Diluted EPS": 0.72,
        "Total Revenue": 100,
        "Gross Profit": 100,
        "Operating Income": 50,
        "EBIT": 58,
        "Net Income": 42
    },
    "2020-09-30": {
        "Diluted EPS": 0.4,
        "Total Revenue": 70,
        "Gross Profit": 70,
        "Operating Income": 28,
        "EBIT": 34,
        "Net Income": 24
    },
    "2020-06-30": {
        "Diluted EPS": 0.42,
        "Total Revenue": 56,
        "Gross Profit": 56,
        "Operating Income": 29,
        "EBIT": 33,
        "Net Income": 24
    },
    "2020-03-31": {
        "Diluted EPS": 0.02,
        "Total Revenue": -8,
        "Gross Profit": -8,
        "Operating Income": 4,
        "EBIT": 5,
        "Net Income": 3
    },
    "2019-12-31": {
        "Diluted EPS": 0.07,
        "Total Revenue": 30,
        "Gross Profit": 30,
        "Operating Income": 4,
        "EBIT": 7,
        "Net Income": 5
    },
    "2019-09-30": {
        "Diluted EPS": 0.15,
        "Total Revenue": 33,
        "Gross Profit": 33,
        "Operating Income": 12,
        "EBIT": 15,
        "Net Income": 9
    },
    "2019-06-30": {
        "Diluted EPS": 0.14,
        "Total Revenue": 29,
        "Gross Profit": 29,
        "Operating Income": 10,
        "EBIT": 13,
        "Net Income": 8
    },
    "2019-03-31": {
        "Diluted EPS": 0.06,
        "Total Revenue": 23,
        "Gross Profit": 23,
        "Operating Income": 4,
        "EBIT": 7,
        "Net Income": 3
    },
    "2018-12-31": {
        "Diluted EPS": 0.15,
        "Total Revenue": 26,
        "Gross Profit": 26,
        "Operating Income": 9,
        "EBIT": 13,
        "Net Income": 9
    },
    "2018-09-30": {
        "Diluted EPS": 0.03,
        "Total Revenue": 17,
        "Gross Profit": 17,
        "Operating Income": 2,
        "EBIT": 6,
        "Net Income": 2
    },
    "2018-06-30": {
        "Diluted EPS": -0.12,
        "Total Revenue": 7,
        "Gross Profit": 7,
        "Operating Income": -7,
        "EBIT": -2,
        "Net Income": -7
    },
    "2018-03-31": {
        "Diluted EPS": -1.09,
        "Total Revenue": 9,
        "Gross Profit": 9,
        "Operating Income": -3,
        "EBIT": 2,
        "Net Income": -4
    },
    "2017-12-31": {
        "Diluted EPS": -0.3,
        "Total Revenue": -1,
        "Gross Profit": -1,
        "Operating Income": -14,
        "EBIT": -9,
        "Net Income": -13
    },
    "2017-09-30": {
        "Diluted EPS": 1.22,
        "Total Revenue": 36,
        "Gross Profit": 36,
        "Operating Income": 28,
        "EBIT": 32,
        "Net Income": 27
    },
    "2017-06-30": {
        "Diluted EPS": 0.71,
        "Total Revenue": 14,
        "Gross Profit": 14,
        "Operating Income": 8,
        "EBIT": 10,
        "Net Income": 8
    },
    "2017-03-31": {
        "Diluted EPS": 0.4,
        "Total Revenue": 10,
        "Gross Profit": 10,
        "Operating Income": 6,
        "EBIT": 8,
        "Net Income": 6
    },
    "2016-12-31": {
        "Diluted EPS": -0.05,
        "Total Revenue": 3,
        "Gross Profit": 3,
        "Operating Income": -1,
        "EBIT": 0,
        "Net Income": -1
    },
    "2016-09-30": {
        "Diluted EPS": 0.21,
        "Total Revenue": 5,
        "Gross Profit": 5,
        "Operating Income": 2,
        "EBIT": 3,
        "Net Income": 2
    },
    "2016-06-30": {
        "Diluted EPS": 0.0,
        "Total Revenue": 1,
        "Gross Profit": 1,
        "Operating Income": -2,
        "EBIT": -1,
        "Net Income": -1
    },
    "2016-03-31": {
        "Diluted EPS": 0.0,
        "Total Revenue": NaN,
        "Gross Profit": NaN,
        "Operating Income": 0,
        "EBIT": 0,
        "Net Income": 0
    },
    "2015-12-31": {
        "Diluted EPS": 0.0,
        "Total Revenue": NaN,
        "Gross Profit": NaN,
        "Operating Income": 0,
        "EBIT": 0,
        "Net Income": 0
    },
    "2015-09-30": {
        "Diluted EPS": 0.0,
        "Total Revenue": NaN,
        "Gross Profit": NaN,
        "Operating Income": 0,
        "EBIT": 0,
        "Net Income": 0
    },
    "2015-06-30": {
        "Diluted EPS": 0.0,
        "Total Revenue": NaN,
        "Gross Profit": NaN,
        "Operating Income": 0,
        "EBIT": 0,
        "Net Income": 0
    },
    "2015-03-31": {
        "Diluted EPS": 0.0,
        "Total Revenue": NaN,
        "Gross Profit": NaN,
        "Operating Income": 0,
        "EBIT": 0,
        "Net Income": 0
    },
    "2014-12-31": {
        "Diluted EPS": 0.0,
        "Total Revenue": NaN,
        "Gross Profit": NaN,
        "Operating Income": 0,
        "EBIT": 0,
        "Net Income": 0
    },
    "2014-09-30": {
        "Diluted EPS": 0.0,
        "Total Revenue": NaN,
        "Gross Profit": NaN,
        "Operating Income": 0,
        "EBIT": 0,
        "Net Income": 0
    },
    "2014-06-30": {
        "Diluted EPS": 0.0,
        "Total Revenue": NaN,
        "Gross Profit": NaN,
        "Operating Income": 0,
        "EBIT": 0,
        "Net Income": 0
    },
    "2014-03-31": {
        "Diluted EPS": 0.0,
        "Total Revenue": NaN,
        "Gross Profit": NaN,
        "Operating Income": 0,
        "EBIT": 0,
        "Net Income": 0
    },
    "2013-12-31": {
        "Diluted EPS": -0.25,
        "Total Revenue": NaN,
        "Gross Profit": NaN,
        "Operating Income": 0,
        "EBIT": 0,
        "Net Income": 0
    },
    "2013-09-30": {
        "Diluted EPS": -0.25,
        "Total Revenue": NaN,
        "Gross Profit": NaN,
        "Operating Income": -1,
        "EBIT": -1,
        "Net Income": -1
    },
    "2013-06-30": {
        "Diluted EPS": -0.25,
        "Total Revenue": NaN,
        "Gross Profit": NaN,
        "Operating Income": -1,
        "EBIT": -1,
        "Net Income": -1
    },
    "2013-03-31": {
        "Diluted EPS": -0.5,
        "Total Revenue": NaN,
        "Gross Profit": NaN,
        "Operating Income": -1,
        "EBIT": 0,
        "Net Income": -1
    },
    "2012-12-31": {
        "Diluted EPS": -0.25,
        "Total Revenue": NaN,
        "Gross Profit": NaN,
        "Operating Income": -1,
        "EBIT": -1,
        "Net Income": -1
    },
    "2012-09-30": {
        "Diluted EPS": -0.5,
        "Total Revenue": NaN,
        "Gross Profit": NaN,
        "Operating Income": -1,
        "EBIT": -1,
        "Net Income": -1
    },
    "2012-06-30": {
        "Diluted EPS": -0.25,
        "Total Revenue": NaN,
        "Gross Profit": NaN,
        "Operating Income": -1,
        "EBIT": -1,
        "Net Income": -1
    },
    "2012-03-31": {
        "Diluted EPS": -0.25,
        "Total Revenue": NaN,
        "Gross Profit": NaN,
        "Operating Income": 0,
        "EBIT": 0,
        "Net Income": 0
    },
    "2011-12-31": {
        "Diluted EPS": -0.25,
        "Total Revenue": NaN,
        "Gross Profit": NaN,
        "Operating Income": 0,
        "EBIT": 0,
        "Net Income": 0
    },
    "2011-09-30": {
        "Diluted EPS": -64.0,
        "Total Revenue": NaN,
        "Gross Profit": NaN,
        "Operating Income": -19,
        "EBIT": -17,
        "Net Income": -143
    },
    "2011-06-30": {
        "Diluted EPS": 2.0,
        "Total Revenue": NaN,
        "Gross Profit": NaN,
        "Operating Income": -4,
        "EBIT": -2,
        "Net Income": 4
    },
    "2011-03-31": {
        "Diluted EPS": 1.5,
        "Total Revenue": NaN,
        "Gross Profit": NaN,
        "Operating Income": -5,
        "EBIT": -4,
        "Net Income": 3
    },
    "2010-12-31": {
        "Diluted EPS": 0.75,
        "Total Revenue": NaN,
        "Gross Profit": NaN,
        "Operating Income": -4,
        "EBIT": -2,
        "Net Income": 1
    },
    "2010-09-30": {
        "Diluted EPS": -0.25,
        "Total Revenue": NaN,
        "Gross Profit": NaN,
        "Operating Income": -4,
        "EBIT": -3,
        "Net Income": -1
    },
    "2010-06-30": {
        "Diluted EPS": 0.5,
        "Total Revenue": NaN,
        "Gross Profit": NaN,
        "Operating Income": -3,
        "EBIT": -2,
        "Net Income": 1
    },
    "2010-03-31": {
        "Diluted EPS": 2.25,
        "Total Revenue": NaN,
        "Gross Profit": NaN,
        "Operating Income": 23,
        "EBIT": 24,
        "Net Income": 4
    },
    "2009-12-31": {
        "Diluted EPS": 0.25,
        "Total Revenue": 14,
        "Gross Profit": 8,
        "Operating Income": 1,
        "EBIT": 5,
        "Net Income": 1
    },
    "2009-09-30": {
        "Diluted EPS": 2.0,
        "Total Revenue": 16,
        "Gross Profit": 11,
        "Operating Income": 4,
        "EBIT": 8,
        "Net Income": 4
    },
    "2009-06-30": {
        "Diluted EPS": 0.0,
        "Total Revenue": 12,
        "Gross Profit": 9,
        "Operating Income": 0,
        "EBIT": 4,
        "Net Income": 0
    },
    "2009-03-31": {
        "Diluted EPS": 1.0,
        "Total Revenue": 7,
        "Gross Profit": 6,
        "Operating Income": -1,
        "EBIT": 0,
        "Net Income": 2
    },
    "2023-03-31": {
        "Tax Effect Of Unusual Items": NaN,
        "Tax Rate For Calcs": NaN,
        "Normalized EBITDA": NaN,
        "Total Unusual Items": 1175000.0,
        "Total Unusual Items Excluding Goodwill": 1175000.0,
        "Net Income From Continuing Operation Net Minority Interest": NaN,
        "Reconciled Depreciation": NaN,
        "Reconciled Cost Of Revenue": NaN,
        "EBITDA": NaN,
        "EBIT": NaN,
        "Net Interest Income": NaN,
        "Interest Expense": NaN,
        "Normalized Income": NaN,
        "Net Income From Continuing And Discontinued Operation": NaN,
        "Total Expenses": NaN,
        "Diluted Average Shares": NaN,
        "Basic Average Shares": NaN,
        "Diluted EPS": NaN,
        "Basic EPS": NaN,
        "Diluted NI Availto Com Stockholders": NaN,
        "Net Income Common Stockholders": NaN,
        "Net Income": NaN,
        "Minority Interests": NaN,
        "Net Income Including Noncontrolling Interests": NaN,
        "Net Income Discontinuous Operations": 2495000.0,
        "Net Income Continuous Operations": NaN,
        "Tax Provision": NaN,
        "Pretax Income": NaN,
        "Other Income Expense": NaN,
        "Other Non Operating Income Expenses": NaN,
        "Special Income Charges": 1175000.0,
        "Write Off": -1175000.0,
        "Net Non Operating Interest Income Expense": NaN,
        "Interest Expense Non Operating": NaN,
        "Operating Income": NaN,
        "Operating Expense": NaN,
        "Other Operating Expenses": NaN,
        "Provision For Doubtful Accounts": NaN,
        "Selling General And Administration": NaN,
        "Selling And Marketing Expense": NaN,
        "General And Administrative Expense": NaN,
        "Other Gand A": NaN,
        "Salaries And Wages": NaN,
        "Gross Profit": NaN,
        "Cost Of Revenue": NaN,
        "Total Revenue": NaN,
        "Operating Revenue": NaN
    },
    "2023-06-30": {
        "Tax Effect Of Unusual Items": NaN,
        "Tax Rate For Calcs": NaN,
        "Normalized EBITDA": NaN,
        "Total Unusual Items": NaN,
        "Total Unusual Items Excluding Goodwill": NaN,
        "Net Income From Continuing Operation Net Minority Interest": NaN,
        "Reconciled Depreciation": NaN,
        "Reconciled Cost Of Revenue": NaN,
        "EBITDA": NaN,
        "EBIT": NaN,
        "Net Interest Income": NaN,
        "Interest Expense": NaN,
        "Normalized Income": NaN,
        "Net Income From Continuing And Discontinued Operation": NaN,
        "Total Expenses": NaN,
        "Diluted Average Shares": 59293691.0,
        "Basic Average Shares": 58512215.0,
        "Diluted EPS": 1.16,
        "Basic EPS": 1.163894,
        "Diluted NI Availto Com Stockholders": NaN,
        "Net Income Common Stockholders": NaN,
        "Net Income": NaN,
        "Minority Interests": NaN,
        "Net Income Including Noncontrolling Interests": NaN,
        "Net Income Discontinuous Operations": 0.0,
        "Net Income Continuous Operations": NaN,
        "Tax Provision": NaN,
        "Pretax Income": NaN,
        "Other Income Expense": NaN,
        "Other Non Operating Income Expenses": NaN,
        "Special Income Charges": NaN,
        "Write Off": NaN,
        "Net Non Operating Interest Income Expense": NaN,
        "Interest Expense Non Operating": NaN,
        "Operating Income": NaN,
        "Operating Expense": NaN,
        "Other Operating Expenses": NaN,
        "Provision For Doubtful Accounts": NaN,
        "Selling General And Administration": NaN,
        "Selling And Marketing Expense": NaN,
        "General And Administrative Expense": NaN,
        "Other Gand A": NaN,
        "Salaries And Wages": NaN,
        "Gross Profit": NaN,
        "Cost Of Revenue": NaN,
        "Total Revenue": NaN,
        "Operating Revenue": NaN
    },
    "2023-09-30": {
        "Tax Effect Of Unusual Items": 0.0,
        "Tax Rate For Calcs": 0.143,
        "Normalized EBITDA": 278072000.0,
        "Total Unusual Items": NaN,
        "Total Unusual Items Excluding Goodwill": NaN,
        "Net Income From Continuing Operation Net Minority Interest": 115847000.0,
        "Reconciled Depreciation": 4004000.0,
        "Reconciled Cost Of Revenue": 105600000.0,
        "EBITDA": 278072000.0,
        "EBIT": 274068000.0,
        "Net Interest Income": -139381000.0,
        "Interest Expense": 139381000.0,
        "Normalized Income": 115847000.0,
        "Net Income From Continuing And Discontinued Operation": 115847000.0,
        "Total Expenses": 151800000.0,
        "Diluted Average Shares": 59291832.0,
        "Basic Average Shares": 58581332.0,
        "Diluted EPS": 1.95,
        "Basic EPS": 1.97,
        "Diluted NI Availto Com Stockholders": 115847000.0,
        "Net Income Common Stockholders": 115847000.0,
        "Net Income": 115847000.0,
        "Minority Interests": 368000.0,
        "Net Income Including Noncontrolling Interests": 115479000.0,
        "Net Income Discontinuous Operations": 0.0,
        "Net Income Continuous Operations": 115479000.0,
        "Tax Provision": 19208000.0,
        "Pretax Income": 134687000.0,
        "Other Income Expense": 4386000.0,
        "Other Non Operating Income Expenses": 4386000.0,
        "Special Income Charges": NaN,
        "Write Off": NaN,
        "Net Non Operating Interest Income Expense": -139381000.0,
        "Interest Expense Non Operating": 139381000.0,
        "Operating Income": 269682000.0,
        "Operating Expense": 46200000.0,
        "Other Operating Expenses": -9713000.0,
        "Provision For Doubtful Accounts": 4662000.0,
        "Selling General And Administration": 51251000.0,
        "Selling And Marketing Expense": 8639000.0,
        "General And Administrative Expense": 42612000.0,
        "Other Gand A": 41581000.0,
        "Salaries And Wages": 1031000.0,
        "Gross Profit": 315882000.0,
        "Cost Of Revenue": 105600000.0,
        "Total Revenue": 421482000.0,
        "Operating Revenue": 421482000.0
    },
    "2023-12-31": {
        "Tax Effect Of Unusual Items": 0.0,
        "Tax Rate For Calcs": 0.139,
        "Normalized EBITDA": 247320000.0,
        "Total Unusual Items": NaN,
        "Total Unusual Items Excluding Goodwill": NaN,
        "Net Income From Continuing Operation Net Minority Interest": 96368000.0,
        "Reconciled Depreciation": 4478000.0,
        "Reconciled Cost Of Revenue": 128890000.0,
        "EBITDA": 247320000.0,
        "EBIT": 242842000.0,
        "Net Interest Income": -131223000.0,
        "Interest Expense": 131223000.0,
        "Normalized Income": 96368000.0,
        "Net Income From Continuing And Discontinued Operation": 96368000.0,
        "Total Expenses": 190234000.0,
        "Diluted Average Shares": 59289256.0,
        "Basic Average Shares": 58578691.0,
        "Diluted EPS": 1.63,
        "Basic EPS": 1.65,
        "Diluted NI Availto Com Stockholders": 96368000.0,
        "Net Income Common Stockholders": 96368000.0,
        "Net Income": 96368000.0,
        "Minority Interests": 293000.0,
        "Net Income Including Noncontrolling Interests": 96075000.0,
        "Net Income Discontinuous Operations": 0.0,
        "Net Income Continuous Operations": 96075000.0,
        "Tax Provision": 15544000.0,
        "Pretax Income": 111619000.0,
        "Other Income Expense": 1845000.0,
        "Other Non Operating Income Expenses": 1845000.0,
        "Special Income Charges": NaN,
        "Write Off": NaN,
        "Net Non Operating Interest Income Expense": -131223000.0,
        "Interest Expense Non Operating": 131223000.0,
        "Operating Income": 240997000.0,
        "Operating Expense": 61344000.0,
        "Other Operating Expenses": 14442000.0,
        "Provision For Doubtful Accounts": -3526000.0,
        "Selling General And Administration": 50428000.0,
        "Selling And Marketing Expense": 11066000.0,
        "General And Administrative Expense": 39362000.0,
        "Other Gand A": 38323000.0,
        "Salaries And Wages": 1039000.0,
        "Gross Profit": 302341000.0,
        "Cost Of Revenue": 128890000.0,
        "Total Revenue": 431231000.0,
        "Operating Revenue": 431231000.0
    },
    "2024-03-31": {
        "Tax Effect Of Unusual Items": 0.0,
        "Tax Rate For Calcs": 0.08624,
        "Normalized EBITDA": 243463000.0,
        "Total Unusual Items": NaN,
        "Total Unusual Items Excluding Goodwill": NaN,
        "Net Income From Continuing Operation Net Minority Interest": 95223000.0,
        "Reconciled Depreciation": 3514000.0,
        "Reconciled Cost Of Revenue": 158617000.0,
        "EBITDA": 243463000.0,
        "EBIT": 239949000.0,
        "Net Interest Income": -135461000.0,
        "Interest Expense": 135461000.0,
        "Normalized Income": 95223000.0,
        "Net Income From Continuing And Discontinued Operation": 95223000.0,
        "Total Expenses": 254662000.0,
        "Diluted Average Shares": NaN,
        "Basic Average Shares": NaN,
        "Diluted EPS": NaN,
        "Basic EPS": NaN,
        "Diluted NI Availto Com Stockholders": 95223000.0,
        "Net Income Common Stockholders": 95223000.0,
        "Net Income": 95223000.0,
        "Minority Interests": -254000.0,
        "Net Income Including Noncontrolling Interests": 95477000.0,
        "Net Income Discontinuous Operations": 0.0,
        "Net Income Continuous Operations": 95477000.0,
        "Tax Provision": 9011000.0,
        "Pretax Income": 104488000.0,
        "Other Income Expense": 4746000.0,
        "Other Non Operating Income Expenses": 4746000.0,
        "Special Income Charges": NaN,
        "Write Off": NaN,
        "Net Non Operating Interest Income Expense": -135461000.0,
        "Interest Expense Non Operating": 135461000.0,
        "Operating Income": 235203000.0,
        "Operating Expense": 96045000.0,
        "Other Operating Expenses": NaN,
        "Provision For Doubtful Accounts": 5763000.0,
        "Selling General And Administration": 74060000.0,
        "Selling And Marketing Expense": 10522000.0,
        "General And Administrative Expense": 63538000.0,
        "Other Gand A": 44122000.0,
        "Salaries And Wages": 19416000.0,
        "Gross Profit": 331248000.0,
        "Cost Of Revenue": 158617000.0,
        "Total Revenue": 489865000.0,
        "Operating Revenue": 489865000.0
    },
    "2024-06-30": {
        "Tax Effect Of Unusual Items": 0.0,
        "Tax Rate For Calcs": 0.176,
        "Normalized EBITDA": 191470000.0,
        "Total Unusual Items": NaN,
        "Total Unusual Items Excluding Goodwill": NaN,
        "Net Income From Continuing Operation Net Minority Interest": 34400000.0,
        "Reconciled Depreciation": 4154000.0,
        "Reconciled Cost Of Revenue": 184980000.0,
        "EBITDA": 191470000.0,
        "EBIT": 187316000.0,
        "Net Interest Income": -145718000.0,
        "Interest Expense": 145718000.0,
        "Normalized Income": 34400000.0,
        "Net Income From Continuing And Discontinued Operation": 34400000.0,
        "Total Expenses": 263399000.0,
        "Diluted Average Shares": 60255593.0,
        "Basic Average Shares": 59258085.0,
        "Diluted EPS": 0.58,
        "Basic EPS": 0.580512,
        "Diluted NI Availto Com Stockholders": 34400000.0,
        "Net Income Common Stockholders": 34400000.0,
        "Net Income": 34400000.0,
        "Minority Interests": 141000.0,
        "Net Income Including Noncontrolling Interests": 34259000.0,
        "Net Income Discontinuous Operations": NaN,
        "Net Income Continuous Operations": 34259000.0,
        "Tax Provision": 7339000.0,
        "Pretax Income": 41598000.0,
        "Other Income Expense": 11333000.0,
        "Other Non Operating Income Expenses": 11333000.0,
        "Special Income Charges": NaN,
        "Write Off": NaN,
        "Net Non Operating Interest Income Expense": -145718000.0,
        "Interest Expense Non Operating": 145718000.0,
        "Operating Income": 175983000.0,
        "Operating Expense": 78419000.0,
        "Other Operating Expenses": NaN,
        "Provision For Doubtful Accounts": -1770000.0,
        "Selling General And Administration": 80189000.0,
        "Selling And Marketing Expense": 17201000.0,
        "General And Administrative Expense": 62988000.0,
        "Other Gand A": 52373000.0,
        "Salaries And Wages": 10615000.0,
        "Gross Profit": 254402000.0,
        "Cost Of Revenue": 184980000.0,
        "Total Revenue": 439382000.0,
        "Operating Revenue": 439382000.0
    },
    "2024-09-30": {
        "Tax Effect Of Unusual Items": 0.0,
        "Tax Rate For Calcs": 0.109,
        "Normalized EBITDA": 257063000.0,
        "Total Unusual Items": NaN,
        "Total Unusual Items Excluding Goodwill": NaN,
        "Net Income From Continuing Operation Net Minority Interest": 114658000.0,
        "Reconciled Depreciation": 3911000.0,
        "Reconciled Cost Of Revenue": 223731000.0,
        "EBITDA": 257063000.0,
        "EBIT": 253152000.0,
        "Net Interest Income": -124665000.0,
        "Interest Expense": 124665000.0,
        "Normalized Income": 114658000.0,
        "Net Income From Continuing And Discontinued Operation": 114658000.0,
        "Total Expenses": 261831000.0,
        "Diluted Average Shares": 60460173.0,
        "Basic Average Shares": 59363122.0,
        "Diluted EPS": 1.89,
        "Basic EPS": 1.93,
        "Diluted NI Availto Com Stockholders": 114658000.0,
        "Net Income Common Stockholders": 114658000.0,
        "Net Income": 114658000.0,
        "Minority Interests": 170000.0,
        "Net Income Including Noncontrolling Interests": 114488000.0,
        "Net Income Discontinuous Operations": NaN,
        "Net Income Continuous Operations": 114488000.0,
        "Tax Provision": 13999000.0,
        "Pretax Income": 128487000.0,
        "Other Income Expense": 8077000.0,
        "Other Non Operating Income Expenses": 8077000.0,
        "Special Income Charges": NaN,
        "Write Off": NaN,
        "Net Non Operating Interest Income Expense": -124665000.0,
        "Interest Expense Non Operating": 124665000.0,
        "Operating Income": 245075000.0,
        "Operating Expense": 38100000.0,
        "Other Operating Expenses": -65917000.0,
        "Provision For Doubtful Accounts": 10427000.0,
        "Selling General And Administration": 93590000.0,
        "Selling And Marketing Expense": 20049000.0,
        "General And Administrative Expense": 73541000.0,
        "Other Gand A": 61485000.0,
        "Salaries And Wages": 12056000.0,
        "Gross Profit": 283175000.0,
        "Cost Of Revenue": 223731000.0,
        "Total Revenue": 506906000.0,
        "Operating Revenue": 506906000.0
    }
}