{
    "2023-06-30": {
        "Tax Effect Of Unusual Items": 0.0,
        "Tax Rate For Calcs": 0.15,
        "Net Income From Continuing Operation Net Minority Interest": 60862000.0,
        "Reconciled Depreciation": 2835000.0,
        "Net Interest Income": 137835000.0,
        "Interest Expense": 83530000.0,
        "Interest Income": 221365000.0,
        "Normalized Income": 60862000.0,
        "Net Income From Continuing And Discontinued Operation": 60862000.0,
        "Diluted Average Shares": 59448379.0,
        "Basic Average Shares": 59263813.0,
        "Diluted EPS": 1.02,
        "Basic EPS": 1.02,
        "Diluted NI Availto Com Stockholders": 60393000.0,
        "Net Income Common Stockholders": 60393000.0,
        "Preferred Stock Dividends": 469000.0,
        "Net Income": 60862000.0,
        "Net Income Including Noncontrolling Interests": 60862000.0,
        "Net Income Continuous Operations": 60862000.0,
        "Tax Provision": 10699000.0,
        "Pretax Income": 71561000.0,
        "Gain On Sale Of Security": -720000.0,
        "Depreciation Amortization Depletion Income Statement": 2182000.0,
        "Depreciation And Amortization In Income Statement": 2182000.0,
        "Amortization": 2182000.0,
        "Amortization Of Intangibles Income Statement": 2182000.0,
        "Selling General And Administration": 58595000.0,
        "Selling And Marketing Expense": 1102000.0,
        "General And Administrative Expense": 57493000.0,
        "Insurance And Claims": 2740000.0,
        "Salaries And Wages": 54753000.0,
        "Total Revenue": 164154000.0,
        "Operating Revenue": 164154000.0,
        "Occupancy And Equipment": 12855000.0,
        "Professional Expense And Contract Services Expense": 4660000.0,
        "Other Non Interest Expense": 14301000.0
    },
    "2023-03-31": {
        "Tax Effect Of Unusual Items": 0.0,
        "Tax Rate For Calcs": 0.15,
        "Net Income From Continuing Operation Net Minority Interest": 64079000.0,
        "Reconciled Depreciation": 2964000.0,
        "Net Interest Income": 144119000.0,
        "Interest Expense": 62279000.0,
        "Interest Income": 206398000.0,
        "Normalized Income": 64079000.0,
        "Net Income From Continuing And Discontinued Operation": 64079000.0,
        "Diluted Average Shares": 59440728.0,
        "Basic Average Shares": 59216198.0,
        "Diluted EPS": 1.07,
        "Basic EPS": 1.07,
        "Diluted NI Availto Com Stockholders": 63610000.0,
        "Net Income Common Stockholders": 63610000.0,
        "Preferred Stock Dividends": 469000.0,
        "Net Income": 64079000.0,
        "Net Income Including Noncontrolling Interests": 64079000.0,
        "Net Income Continuous Operations": 64079000.0,
        "Tax Provision": 11317000.0,
        "Pretax Income": 75396000.0,
        "Gain On Sale Of Security": -423000.0,
        "Depreciation Amortization Depletion Income Statement": 2197000.0,
        "Depreciation And Amortization In Income Statement": 2197000.0,
        "Amortization": 2197000.0,
        "Amortization Of Intangibles Income Statement": 2197000.0,
        "Selling General And Administration": 60164000.0,
        "Selling And Marketing Expense": 1309000.0,
        "General And Administrative Expense": 58855000.0,
        "Insurance And Claims": 1396000.0,
        "Salaries And Wages": 57459000.0,
        "Total Revenue": 169116000.0,
        "Operating Revenue": 169116000.0,
        "Occupancy And Equipment": 13385000.0,
        "Professional Expense And Contract Services Expense": 3698000.0,
        "Other Non Interest Expense": 14276000.0
    },
    "2022-12-31": {
        "Tax Effect Of Unusual Items": 0.0,
        "Tax Rate For Calcs": 0.15163,
        "Net Income From Continuing Operation Net Minority Interest": 70760000.0,
        "Reconciled Depreciation": 3013000.0,
        "Net Interest Income": 148956000.0,
        "Interest Expense": 42026000.0,
        "Interest Income": 190982000.0,
        "Normalized Income": 70760000.0,
        "Net Income From Continuing And Discontinued Operation": 70760000.0,
        "Diluted Average Shares": 59384000.0,
        "Basic Average Shares": 58576667.0,
        "Diluted EPS": 1.19,
        "Basic EPS": 1.2,
        "Diluted NI Availto Com Stockholders": 70292000.0,
        "Net Income Common Stockholders": 70292000.0,
        "Preferred Stock Dividends": 468000.0,
        "Net Income": 70760000.0,
        "Net Income Including Noncontrolling Interests": 70760000.0,
        "Net Income Continuous Operations": 70760000.0,
        "Tax Provision": 12647000.0,
        "Pretax Income": 83407000.0,
        "Gain On Sale Of Security": 383000.0,
        "Depreciation Amortization Depletion Income Statement": 2303000.0,
        "Depreciation And Amortization In Income Statement": 2303000.0,
        "Amortization": 2303000.0,
        "Amortization Of Intangibles Income Statement": 2303000.0,
        "Selling General And Administration": 57783000.0,
        "Selling And Marketing Expense": 3157000.0,
        "General And Administrative Expense": 54626000.0,
        "Insurance And Claims": 2295000.0,
        "Salaries And Wages": 52331000.0,
        "Total Revenue": 173106000.0,
        "Operating Revenue": 173106000.0
    },
    "2022-09-30": {
        "Tax Effect Of Unusual Items": NaN,
        "Tax Rate For Calcs": NaN,
        "Net Income From Continuing Operation Net Minority Interest": NaN,
        "Reconciled Depreciation": NaN,
        "Net Interest Income": NaN,
        "Interest Expense": NaN,
        "Interest Income": NaN,
        "Normalized Income": NaN,
        "Net Income From Continuing And Discontinued Operation": NaN,
        "Diluted Average Shares": NaN,
        "Basic Average Shares": NaN,
        "Diluted EPS": NaN,
        "Basic EPS": NaN,
        "Diluted NI Availto Com Stockholders": NaN,
        "Net Income Common Stockholders": NaN,
        "Preferred Stock Dividends": NaN,
        "Net Income": NaN,
        "Net Income Including Noncontrolling Interests": NaN,
        "Net Income Continuous Operations": NaN,
        "Tax Provision": NaN,
        "Pretax Income": NaN,
        "Gain On Sale Of Security": NaN,
        "Depreciation Amortization Depletion Income Statement": NaN,
        "Depreciation And Amortization In Income Statement": NaN,
        "Amortization": NaN,
        "Amortization Of Intangibles Income Statement": NaN,
        "Selling General And Administration": NaN,
        "Selling And Marketing Expense": NaN,
        "General And Administrative Expense": NaN,
        "Other Gand A": 7299000.0,
        "Insurance And Claims": NaN,
        "Salaries And Wages": NaN,
        "Total Revenue": NaN,
        "Operating Revenue": NaN
    },
    "2022-06-30": {
        "Tax Effect Of Unusual Items": 0.0,
        "Tax Rate For Calcs": 0.090483,
        "Net Income From Continuing Operation Net Minority Interest": 38991000.0,
        "Reconciled Depreciation": 2303000.0,
        "Net Interest Income": 128661000.0,
        "Interest Expense": 12485000.0,
        "Interest Income": 141146000.0,
        "Normalized Income": 38991000.0,
        "Net Income From Continuing And Discontinued Operation": 38991000.0,
        "Diluted Average Shares": 59307899.0,
        "Basic Average Shares": 59030618.0,
        "Diluted EPS": 0.63,
        "Basic EPS": 0.64,
        "Diluted NI Availto Com Stockholders": 38522000.0,
        "Net Income Common Stockholders": 38522000.0,
        "Preferred Stock Dividends": 469000.0,
        "Net Income": 38991000.0,
        "Net Income Including Noncontrolling Interests": 38991000.0,
        "Net Income Continuous Operations": 38991000.0,
        "Tax Provision": 3879000.0,
        "Pretax Income": 42870000.0,
        "Gain On Sale Of Security": 1534000.0,
        "Depreciation Amortization Depletion Income Statement": 2303000.0,
        "Depreciation And Amortization In Income Statement": 2303000.0,
        "Amortization": 2303000.0,
        "Amortization Of Intangibles Income Statement": 2303000.0,
        "Selling General And Administration": 60379000.0,
        "Selling And Marketing Expense": 1414000.0,
        "General And Administrative Expense": 58965000.0,
        "Other Gand A": 5262000.0,
        "Insurance And Claims": 2924000.0,
        "Salaries And Wages": 56041000.0,
        "Total Revenue": 156938000.0,
        "Operating Revenue": 156938000.0
    },
    "2022-03-31": {
        "Diluted EPS": 0.91,
        "Total Revenue": 135,
        "Gross Profit": 128,
        "Operating Income": 56,
        "EBIT": NaN,
        "Net Income": 49
    },
    "2021-12-31": {
        "Diluted EPS": 0.89,
        "Total Revenue": 136,
        "Gross Profit": 127,
        "Operating Income": 55,
        "EBIT": NaN,
        "Net Income": 48
    },
    "2021-09-30": {
        "Diluted EPS": 0.98,
        "Total Revenue": 142,
        "Gross Profit": 133,
        "Operating Income": 62,
        "EBIT": NaN,
        "Net Income": 53
    },
    "2021-06-30": {
        "Diluted EPS": 1.03,
        "Total Revenue": 144,
        "Gross Profit": 135,
        "Operating Income": 66,
        "EBIT": NaN,
        "Net Income": 56
    },
    "2021-03-31": {
        "Diluted EPS": 0.91,
        "Total Revenue": 134,
        "Gross Profit": 125,
        "Operating Income": 58,
        "EBIT": NaN,
        "Net Income": 49
    },
    "2020-12-31": {
        "Diluted EPS": 0.83,
        "Total Revenue": 141,
        "Gross Profit": 130,
        "Operating Income": 53,
        "EBIT": NaN,
        "Net Income": 45
    },
    "2020-09-30": {
        "Diluted EPS": 0.67,
        "Total Revenue": 132,
        "Gross Profit": 119,
        "Operating Income": 42,
        "EBIT": NaN,
        "Net Income": 36
    },
    "2020-06-30": {
        "Diluted EPS": 0.62,
        "Total Revenue": 136,
        "Gross Profit": 119,
        "Operating Income": 38,
        "EBIT": NaN,
        "Net Income": 33
    },
    "2020-03-31": {
        "Diluted EPS": 0.62,
        "Total Revenue": 150,
        "Gross Profit": 124,
        "Operating Income": 38,
        "EBIT": NaN,
        "Net Income": 34
    },
    "2019-12-31": {
        "Diluted EPS": 0.87,
        "Total Revenue": 150,
        "Gross Profit": 122,
        "Operating Income": 56,
        "EBIT": NaN,
        "Net Income": 48
    },
    "2019-09-30": {
        "Diluted EPS": 0.71,
        "Total Revenue": 140,
        "Gross Profit": 111,
        "Operating Income": 43,
        "EBIT": NaN,
        "Net Income": 37
    },
    "2019-06-30": {
        "Diluted EPS": 0.83,
        "Total Revenue": 134,
        "Gross Profit": 107,
        "Operating Income": 49,
        "EBIT": NaN,
        "Net Income": 41
    },
    "2019-03-31": {
        "Diluted EPS": 0.78,
        "Total Revenue": 128,
        "Gross Profit": 104,
        "Operating Income": 46,
        "EBIT": NaN,
        "Net Income": 39
    },
    "2018-12-31": {
        "Diluted EPS": 0.85,
        "Total Revenue": 128,
        "Gross Profit": 107,
        "Operating Income": 48,
        "EBIT": NaN,
        "Net Income": 42
    },
    "2018-09-30": {
        "Diluted EPS": 0.83,
        "Total Revenue": 124,
        "Gross Profit": 106,
        "Operating Income": 50,
        "EBIT": NaN,
        "Net Income": 41
    },
    "2018-06-30": {
        "Diluted EPS": 0.8,
        "Total Revenue": 119,
        "Gross Profit": 103,
        "Operating Income": 48,
        "EBIT": NaN,
        "Net Income": 40
    },
    "2018-03-31": {
        "Diluted EPS": 0.74,
        "Total Revenue": 113,
        "Gross Profit": 99,
        "Operating Income": 43,
        "EBIT": NaN,
        "Net Income": 37
    },
    "2017-12-31": {
        "Diluted EPS": 0.49,
        "Total Revenue": 109,
        "Gross Profit": 98,
        "Operating Income": 40,
        "EBIT": NaN,
        "Net Income": 24
    },
    "2017-09-30": {
        "Diluted EPS": 0.5,
        "Total Revenue": 104,
        "Gross Profit": 93,
        "Operating Income": 32,
        "EBIT": NaN,
        "Net Income": 24
    },
    "2017-06-30": {
        "Diluted EPS": 0.57,
        "Total Revenue": 90,
        "Gross Profit": 82,
        "Operating Income": 31,
        "EBIT": NaN,
        "Net Income": 24
    },
    "2017-03-31": {
        "Diluted EPS": 0.56,
        "Total Revenue": 83,
        "Gross Profit": 76,
        "Operating Income": 30,
        "EBIT": NaN,
        "Net Income": 23
    },
    "2016-12-31": {
        "Diluted EPS": 0.55,
        "Total Revenue": 81,
        "Gross Profit": 74,
        "Operating Income": 30,
        "EBIT": NaN,
        "Net Income": 22
    },
    "2016-09-30": {
        "Diluted EPS": 0.51,
        "Total Revenue": 81,
        "Gross Profit": 75,
        "Operating Income": 29,
        "EBIT": NaN,
        "Net Income": 21
    },
    "2016-06-30": {
        "Diluted EPS": 0.49,
        "Total Revenue": 79,
        "Gross Profit": 72,
        "Operating Income": 27,
        "EBIT": NaN,
        "Net Income": 20
    },
    "2016-03-31": {
        "Diluted EPS": 0.43,
        "Total Revenue": 77,
        "Gross Profit": 70,
        "Operating Income": 23,
        "EBIT": NaN,
        "Net Income": 18
    },
    "2015-12-31": {
        "Diluted EPS": 0.37,
        "Total Revenue": 70,
        "Gross Profit": 63,
        "Operating Income": 19,
        "EBIT": NaN,
        "Net Income": 14
    },
    "2015-09-30": {
        "Diluted EPS": 0.45,
        "Total Revenue": 73,
        "Gross Profit": 67,
        "Operating Income": 24,
        "EBIT": NaN,
        "Net Income": 17
    },
    "2015-06-30": {
        "Diluted EPS": 0.47,
        "Total Revenue": 79,
        "Gross Profit": 73,
        "Operating Income": 27,
        "EBIT": NaN,
        "Net Income": 18
    },
    "2015-03-31": {
        "Diluted EPS": 0.43,
        "Total Revenue": 69,
        "Gross Profit": 63,
        "Operating Income": 22,
        "EBIT": NaN,
        "Net Income": 16
    },
    "2014-12-31": {
        "Diluted EPS": 0.41,
        "Total Revenue": 65,
        "Gross Profit": 59,
        "Operating Income": 21,
        "EBIT": NaN,
        "Net Income": 15
    },
    "2014-09-30": {
        "Diluted EPS": 0.45,
        "Total Revenue": 72,
        "Gross Profit": 66,
        "Operating Income": 22,
        "EBIT": NaN,
        "Net Income": 16
    },
    "2014-06-30": {
        "Diluted EPS": 0.41,
        "Total Revenue": 68,
        "Gross Profit": 62,
        "Operating Income": 21,
        "EBIT": NaN,
        "Net Income": 15
    },
    "2014-03-31": {
        "Diluted EPS": 0.38,
        "Total Revenue": 66,
        "Gross Profit": 61,
        "Operating Income": 18,
        "EBIT": NaN,
        "Net Income": 14
    },
    "2013-12-31": {
        "Diluted EPS": 0.34,
        "Total Revenue": 62,
        "Gross Profit": 57,
        "Operating Income": 16,
        "EBIT": NaN,
        "Net Income": 11
    },
    "2013-09-30": {
        "Diluted EPS": 0.35,
        "Total Revenue": 53,
        "Gross Profit": 49,
        "Operating Income": 13,
        "EBIT": NaN,
        "Net Income": 10
    },
    "2013-06-30": {
        "Diluted EPS": 0.34,
        "Total Revenue": 55,
        "Gross Profit": 51,
        "Operating Income": 15,
        "EBIT": NaN,
        "Net Income": 10
    },
    "2013-03-31": {
        "Diluted EPS": 0.38,
        "Total Revenue": 58,
        "Gross Profit": 53,
        "Operating Income": 17,
        "EBIT": NaN,
        "Net Income": 11
    },
    "2012-12-31": {
        "Diluted EPS": 0.32,
        "Total Revenue": 57,
        "Gross Profit": 52,
        "Operating Income": 13,
        "EBIT": NaN,
        "Net Income": 9
    },
    "2012-09-30": {
        "Diluted EPS": 0.35,
        "Total Revenue": 60,
        "Gross Profit": 54,
        "Operating Income": 15,
        "EBIT": NaN,
        "Net Income": 10
    },
    "2012-06-30": {
        "Diluted EPS": 0.28,
        "Total Revenue": 57,
        "Gross Profit": 51,
        "Operating Income": 12,
        "EBIT": NaN,
        "Net Income": 8
    },
    "2012-03-31": {
        "Diluted EPS": 0.46,
        "Total Revenue": 66,
        "Gross Profit": 59,
        "Operating Income": 20,
        "EBIT": NaN,
        "Net Income": 13
    },
    "2011-12-31": {
        "Diluted EPS": 0.24,
        "Total Revenue": 57,
        "Gross Profit": 49,
        "Operating Income": 10,
        "EBIT": NaN,
        "Net Income": 6
    },
    "2011-09-30": {
        "Diluted EPS": -0.25,
        "Total Revenue": 58,
        "Gross Profit": 49,
        "Operating Income": 9,
        "EBIT": NaN,
        "Net Income": -6
    },
    "2011-06-30": {
        "Diluted EPS": 0.18,
        "Total Revenue": 57,
        "Gross Profit": 47,
        "Operating Income": 7,
        "EBIT": NaN,
        "Net Income": 4
    },
    "2011-03-31": {
        "Diluted EPS": 0.17,
        "Total Revenue": 58,
        "Gross Profit": 47,
        "Operating Income": 8,
        "EBIT": NaN,
        "Net Income": 4
    },
    "2010-12-31": {
        "Diluted EPS": 0.1,
        "Total Revenue": 62,
        "Gross Profit": 49,
        "Operating Income": 4,
        "EBIT": NaN,
        "Net Income": 3
    },
    "2010-09-30": {
        "Diluted EPS": 0.02,
        "Total Revenue": 60,
        "Gross Profit": 47,
        "Operating Income": 1,
        "EBIT": NaN,
        "Net Income": 1
    },
    "2010-06-30": {
        "Diluted EPS": 0.35,
        "Total Revenue": 61,
        "Gross Profit": 47,
        "Operating Income": -2,
        "EBIT": NaN,
        "Net Income": 8
    },
    "2010-03-31": {
        "Diluted EPS": 0.01,
        "Total Revenue": 65,
        "Gross Profit": 49,
        "Operating Income": 1,
        "EBIT": NaN,
        "Net Income": 0
    },
    "2009-12-31": {
        "Diluted EPS": -0.55,
        "Total Revenue": 64,
        "Gross Profit": 47,
        "Operating Income": -9,
        "EBIT": NaN,
        "Net Income": -12
    },
    "2009-09-30": {
        "Diluted EPS": -0.3,
        "Total Revenue": 73,
        "Gross Profit": 55,
        "Operating Income": -9,
        "EBIT": NaN,
        "Net Income": -6
    },
    "2009-06-30": {
        "Diluted EPS": -1.49,
        "Total Revenue": 71,
        "Gross Profit": 50,
        "Operating Income": -47,
        "EBIT": NaN,
        "Net Income": -31
    },
    "2009-03-31": {
        "Diluted EPS": 0.17,
        "Total Revenue": 75,
        "Gross Profit": 53,
        "Operating Income": 5,
        "EBIT": NaN,
        "Net Income": 3
    },
    "2023-09-30": {
        "Tax Effect Of Unusual Items": 0.0,
        "Tax Rate For Calcs": 0.138,
        "Net Income From Continuing Operation Net Minority Interest": 56366000.0,
        "Reconciled Depreciation": 2867000.0,
        "Net Interest Income": 133383000.0,
        "Interest Expense": 95750000.0,
        "Interest Income": 229133000.0,
        "Normalized Income": 56366000.0,
        "Net Income From Continuing And Discontinued Operation": 56366000.0,
        "Diluted Average Shares": 59502525.0,
        "Basic Average Shares": 59335877.0,
        "Diluted EPS": 0.94,
        "Basic EPS": 0.95,
        "Diluted NI Availto Com Stockholders": 55898000.0,
        "Net Income Common Stockholders": 55898000.0,
        "Preferred Stock Dividends": 468000.0,
        "Net Income": 56366000.0,
        "Net Income Including Noncontrolling Interests": 56366000.0,
        "Net Income Continuous Operations": 56366000.0,
        "Tax Provision": 9005000.0,
        "Pretax Income": 65371000.0,
        "Gain On Sale Of Security": -1134000.0,
        "Depreciation Amortization Depletion Income Statement": 2182000.0,
        "Depreciation And Amortization In Income Statement": 2182000.0,
        "Amortization": 2182000.0,
        "Amortization Of Intangibles Income Statement": 2182000.0,
        "Selling General And Administration": 60916000.0,
        "Selling And Marketing Expense": 2369000.0,
        "General And Administrative Expense": 58547000.0,
        "Insurance And Claims": 2981000.0,
        "Salaries And Wages": 55566000.0,
        "Total Revenue": 161225000.0,
        "Operating Revenue": 161225000.0,
        "Occupancy And Equipment": 12535000.0,
        "Professional Expense And Contract Services Expense": 3833000.0,
        "Other Non Interest Expense": 14388000.0
    },
    "2023-12-31": {
        "Tax Effect Of Unusual Items": 0.0,
        "Tax Rate For Calcs": 0.094342,
        "Net Income From Continuing Operation Net Minority Interest": 42479000.0,
        "Reconciled Depreciation": 3045000.0,
        "Net Interest Income": 130063000.0,
        "Interest Expense": 106927000.0,
        "Interest Income": 236990000.0,
        "Normalized Income": 42479000.0,
        "Net Income From Continuing And Discontinued Operation": 42479000.0,
        "Diluted Average Shares": 59556000.0,
        "Basic Average Shares": 59169014.0,
        "Diluted EPS": 0.71,
        "Basic EPS": 0.71,
        "Diluted NI Availto Com Stockholders": 42010000.0,
        "Net Income Common Stockholders": 42010000.0,
        "Preferred Stock Dividends": 469000.0,
        "Net Income": 42479000.0,
        "Net Income Including Noncontrolling Interests": 42479000.0,
        "Net Income Continuous Operations": 42479000.0,
        "Tax Provision": 4425000.0,
        "Pretax Income": 46904000.0,
        "Gain On Sale Of Security": -1268000.0,
        "Depreciation Amortization Depletion Income Statement": 2182000.0,
        "Depreciation And Amortization In Income Statement": 2182000.0,
        "Amortization": 2182000.0,
        "Amortization Of Intangibles Income Statement": 2182000.0,
        "Selling General And Administration": 71171000.0,
        "Selling And Marketing Expense": 2647000.0,
        "General And Administrative Expense": 68524000.0,
        "Insurance And Claims": 7557000.0,
        "Salaries And Wages": 60967000.0,
        "Total Revenue": 156507000.0,
        "Operating Revenue": 156507000.0,
        "Occupancy And Equipment": 15197000.0,
        "Professional Expense And Contract Services Expense": 3981000.0,
        "Other Non Interest Expense": 15572000.0
    },
    "2024-03-31": {
        "Tax Effect Of Unusual Items": 0.0,
        "Tax Rate For Calcs": 0.125,
        "Net Income From Continuing Operation Net Minority Interest": 47941000.0,
        "Reconciled Depreciation": 3194000.0,
        "Net Interest Income": 127063000.0,
        "Interest Expense": 108837000.0,
        "Interest Income": 235900000.0,
        "Normalized Income": 47941000.0,
        "Net Income From Continuing And Discontinued Operation": 47941000.0,
        "Diluted Average Shares": 59273014.0,
        "Basic Average Shares": 59066789.0,
        "Diluted EPS": 0.8,
        "Basic EPS": 0.8,
        "Diluted NI Availto Com Stockholders": 47472000.0,
        "Net Income Common Stockholders": 47472000.0,
        "Preferred Stock Dividends": 469000.0,
        "Net Income": 47941000.0,
        "Net Income Including Noncontrolling Interests": 47941000.0,
        "Net Income Continuous Operations": 47941000.0,
        "Tax Provision": 6825000.0,
        "Pretax Income": 54766000.0,
        "Gain On Sale Of Security": 261000.0,
        "Depreciation Amortization Depletion Income Statement": 1957000.0,
        "Depreciation And Amortization In Income Statement": 1957000.0,
        "Amortization": 1957000.0,
        "Amortization Of Intangibles Income Statement": 1957000.0,
        "Selling General And Administration": 63778000.0,
        "Selling And Marketing Expense": 1198000.0,
        "General And Administrative Expense": 62580000.0,
        "Insurance And Claims": 4287000.0,
        "Salaries And Wages": 58293000.0,
        "Total Revenue": 153701000.0,
        "Operating Revenue": 153701000.0,
        "Occupancy And Equipment": 13538000.0,
        "Professional Expense And Contract Services Expense": 3952000.0,
        "Other Non Interest Expense": 13710000.0
    },
    "2024-06-30": {
        "Tax Effect Of Unusual Items": 0.0,
        "Tax Rate For Calcs": 0.092,
        "Net Income From Continuing Operation Net Minority Interest": 39925000.0,
        "Reconciled Depreciation": 3486000.0,
        "Net Interest Income": 128571000.0,
        "Interest Expense": 107810000.0,
        "Interest Income": 236381000.0,
        "Normalized Income": 39925000.0,
        "Net Income From Continuing And Discontinued Operation": 39925000.0,
        "Diluted Average Shares": 58328265.0,
        "Basic Average Shares": 58104021.0,
        "Diluted EPS": 0.68,
        "Basic EPS": 0.68,
        "Diluted NI Availto Com Stockholders": 39456000.0,
        "Net Income Common Stockholders": 39456000.0,
        "Preferred Stock Dividends": 469000.0,
        "Net Income": 39925000.0,
        "Net Income Including Noncontrolling Interests": 39925000.0,
        "Net Income Continuous Operations": 39925000.0,
        "Tax Provision": 4067000.0,
        "Pretax Income": 43992000.0,
        "Gain On Sale Of Security": 440000.0,
        "Depreciation Amortization Depletion Income Statement": 1771000.0,
        "Depreciation And Amortization In Income Statement": 1771000.0,
        "Amortization": 1771000.0,
        "Amortization Of Intangibles Income Statement": 1771000.0,
        "Selling General And Administration": 57265000.0,
        "Selling And Marketing Expense": 1773000.0,
        "General And Administrative Expense": 55492000.0,
        "Insurance And Claims": 3278000.0,
        "Salaries And Wages": 52214000.0,
        "Total Revenue": 159905000.0,
        "Operating Revenue": 159905000.0,
        "Occupancy And Equipment": 13345000.0,
        "Professional Expense And Contract Services Expense": 3822000.0,
        "Other Non Interest Expense": 15210000.0
    }
}