{
    "2023-03-31": {
        "Tax Effect Of Unusual Items": -555660.0,
        "Tax Rate For Calcs": 0.21,
        "Normalized EBITDA": 303049000.0,
        "Total Unusual Items": -2646000.0,
        "Total Unusual Items Excluding Goodwill": -2646000.0,
        "Net Income From Continuing Operation Net Minority Interest": 199626000.0,
        "Reconciled Depreciation": 55546000.0,
        "Reconciled Cost Of Revenue": 258091000.0,
        "EBITDA": 300403000.0,
        "EBIT": 244857000.0,
        "Net Interest Income": -42544000.0,
        "Interest Expense": 45417000.0,
        "Interest Income": 2873000.0,
        "Normalized Income": 201716340.0,
        "Net Income From Continuing And Discontinued Operation": 199626000.0,
        "Total Expenses": 256440000.0,
        "Rent Expense Supplemental": NaN,
        "Total Operating Income As Reported": 240892000.0,
        "Diluted Average Shares": 222623000.0,
        "Basic Average Shares": 222623000.0,
        "Diluted EPS": 0.9,
        "Basic EPS": 0.9,
        "Diluted NI Availto Com Stockholders": 199626000.0,
        "Net Income Common Stockholders": 199626000.0,
        "Net Income": 199626000.0,
        "Minority Interests": 0.0,
        "Net Income Including Noncontrolling Interests": 199626000.0,
        "Net Income Continuous Operations": 199626000.0,
        "Tax Provision": -186000.0,
        "Pretax Income": 199440000.0,
        "Other Income Expense": 1092000.0,
        "Other Non Operating Income Expenses": NaN,
        "Special Income Charges": NaN,
        "Gain On Sale Of Ppe": NaN,
        "Other Special Charges": NaN,
        "Earnings From Equity Interest": 3738000.0,
        "Gain On Sale Of Security": -2646000.0,
        "Net Non Operating Interest Income Expense": -42544000.0,
        "Total Other Finance Cost": NaN,
        "Interest Expense Non Operating": 45417000.0,
        "Interest Income Non Operating": 2873000.0,
        "Operating Income": 240892000.0,
        "Operating Expense": -1651000.0,
        "Other Operating Expenses": -14289000.0,
        "Selling General And Administration": 12638000.0,
        "General And Administrative Expense": 12638000.0,
        "Other Gand A": 12638000.0,
        "Gross Profit": 239241000.0,
        "Cost Of Revenue": 258091000.0,
        "Total Revenue": 497332000.0,
        "Operating Revenue": 497332000.0
    },
    "2022-12-31": {
        "Tax Effect Of Unusual Items": 22073.051765,
        "Tax Rate For Calcs": 0.000844,
        "Normalized EBITDA": 243415000.0,
        "Total Unusual Items": 26144000.0,
        "Total Unusual Items Excluding Goodwill": 26144000.0,
        "Net Income From Continuing Operation Net Minority Interest": 239053000.0,
        "Reconciled Depreciation": 42882000.0,
        "Reconciled Cost Of Revenue": 267029000.0,
        "EBITDA": 269559000.0,
        "EBIT": 269559000.0,
        "Net Interest Income": -34950000.0,
        "Interest Expense": 30304000.0,
        "Interest Income": 1077000.0,
        "Normalized Income": 212931073.051765,
        "Net Income From Continuing And Discontinued Operation": 239053000.0,
        "Total Expenses": 284712000.0,
        "Rent Expense Supplemental": 0.0,
        "Total Operating Income As Reported": 245407000.0,
        "Diluted Average Shares": 222253704.0,
        "Basic Average Shares": 222253704.0,
        "Diluted EPS": 1.08,
        "Basic EPS": 1.08,
        "Diluted NI Availto Com Stockholders": 239053000.0,
        "Net Income Common Stockholders": 239053000.0,
        "Net Income": 239053000.0,
        "Minority Interests": NaN,
        "Net Income Including Noncontrolling Interests": 239053000.0,
        "Net Income Continuous Operations": 239053000.0,
        "Tax Provision": 202000.0,
        "Pretax Income": 239255000.0,
        "Other Income Expense": 28776000.0,
        "Other Non Operating Income Expenses": 0.0,
        "Special Income Charges": -22000.0,
        "Gain On Sale Of Ppe": -22000.0,
        "Other Special Charges": 0.0,
        "Earnings From Equity Interest": 2632000.0,
        "Gain On Sale Of Security": 26166000.0,
        "Net Non Operating Interest Income Expense": -34950000.0,
        "Total Other Finance Cost": 5723000.0,
        "Interest Expense Non Operating": 30304000.0,
        "Interest Income Non Operating": 1077000.0,
        "Operating Income": 245429000.0,
        "Operating Expense": 17683000.0,
        "Other Operating Expenses": -473000.0,
        "Selling General And Administration": 18156000.0,
        "General And Administrative Expense": 18156000.0,
        "Other Gand A": 18156000.0,
        "Gross Profit": 263112000.0,
        "Cost Of Revenue": 267029000.0,
        "Total Revenue": 530141000.0,
        "Operating Revenue": 539604000.0
    },
    "2022-09-30": {
        "Tax Effect Of Unusual Items": 84860.717912,
        "Tax Rate For Calcs": 0.001319,
        "Normalized EBITDA": 156500000.0,
        "Total Unusual Items": 64329000.0,
        "Total Unusual Items Excluding Goodwill": 64329000.0,
        "Net Income From Continuing Operation Net Minority Interest": 154439000.0,
        "Reconciled Depreciation": 39225000.0,
        "Reconciled Cost Of Revenue": 259882000.0,
        "EBITDA": 220829000.0,
        "EBIT": 181604000.0,
        "Net Interest Income": -26763000.0,
        "Interest Expense": 26961000.0,
        "Interest Income": 198000.0,
        "Normalized Income": 90194860.717912,
        "Net Income From Continuing And Discontinued Operation": 154439000.0,
        "Total Expenses": 271605000.0,
        "Rent Expense Supplemental": 0.0,
        "Total Operating Income As Reported": 110581000.0,
        "Diluted Average Shares": 223824638.0,
        "Basic Average Shares": 223824638.0,
        "Diluted EPS": 0.69,
        "Basic EPS": 0.69,
        "Diluted NI Availto Com Stockholders": 154439000.0,
        "Net Income Common Stockholders": 154439000.0,
        "Net Income": 154439000.0,
        "Minority Interests": NaN,
        "Net Income Including Noncontrolling Interests": 154439000.0,
        "Net Income Continuous Operations": 154439000.0,
        "Tax Provision": 204000.0,
        "Pretax Income": 154643000.0,
        "Other Income Expense": 70825000.0,
        "Other Non Operating Income Expenses": 844000.0,
        "Earnings From Equity Interest": 5652000.0,
        "Gain On Sale Of Security": 64329000.0,
        "Net Non Operating Interest Income Expense": -26763000.0,
        "Interest Expense Non Operating": 26961000.0,
        "Interest Income Non Operating": 198000.0,
        "Operating Income": 110581000.0,
        "Operating Expense": 11723000.0,
        "Other Operating Expenses": -1944000.0,
        "Selling General And Administration": 13667000.0,
        "General And Administrative Expense": 13667000.0,
        "Other Gand A": 13667000.0,
        "Gross Profit": 122304000.0,
        "Cost Of Revenue": 259882000.0,
        "Total Revenue": 382186000.0,
        "Operating Revenue": 382186000.0
    },
    "2022-06-30": {
        "Tax Effect Of Unusual Items": -1272.688683,
        "Tax Rate For Calcs": 0.000403,
        "Normalized EBITDA": 106712000.0,
        "Total Unusual Items": -3156000.0,
        "Total Unusual Items Excluding Goodwill": -3156000.0,
        "Net Income From Continuing Operation Net Minority Interest": 47097000.0,
        "Reconciled Depreciation": 37512000.0,
        "Reconciled Cost Of Revenue": 228774000.0,
        "EBITDA": 103556000.0,
        "EBIT": 66044000.0,
        "Net Interest Income": -18787000.0,
        "Interest Expense": 18928000.0,
        "Interest Income": 141000.0,
        "Normalized Income": 50251727.311317,
        "Net Income From Continuing And Discontinued Operation": 47097000.0,
        "Total Expenses": 237608000.0,
        "Rent Expense Supplemental": 0.0,
        "Total Operating Income As Reported": 62904000.0,
        "Diluted Average Shares": 206965000.0,
        "Basic Average Shares": 206965000.0,
        "Diluted EPS": 0.25,
        "Basic EPS": 0.25,
        "Diluted NI Availto Com Stockholders": 47097000.0,
        "Net Income Common Stockholders": 47097000.0,
        "Net Income": 47097000.0,
        "Minority Interests": NaN,
        "Net Income Including Noncontrolling Interests": 47097000.0,
        "Net Income Continuous Operations": 47097000.0,
        "Tax Provision": 19000.0,
        "Pretax Income": 47116000.0,
        "Other Income Expense": 3071000.0,
        "Other Non Operating Income Expenses": 176000.0,
        "Earnings From Equity Interest": 6051000.0,
        "Gain On Sale Of Security": -3156000.0,
        "Net Non Operating Interest Income Expense": -18787000.0,
        "Interest Expense Non Operating": 18928000.0,
        "Interest Income Non Operating": 141000.0,
        "Operating Income": 62832000.0,
        "Operating Expense": 8834000.0,
        "Other Operating Expenses": -264000.0,
        "Selling General And Administration": 9098000.0,
        "General And Administrative Expense": 9098000.0,
        "Other Gand A": 9098000.0,
        "Gross Profit": 71666000.0,
        "Cost Of Revenue": 228774000.0,
        "Total Revenue": 300440000.0,
        "Operating Revenue": 300440000.0
    },
    "2022-03-31": {
        "Diluted EPS": 0.14,
        "Total Revenue": 223,
        "Gross Profit": 68,
        "Operating Income": 21,
        "EBIT": 62,
        "Net Income": 29
    },
    "2021-12-31": {
        "Diluted EPS": 0.07,
        "Total Revenue": 218,
        "Gross Profit": 77,
        "Operating Income": 15,
        "EBIT": 66,
        "Net Income": 16
    },
    "2021-09-30": {
        "Diluted EPS": -0.17,
        "Total Revenue": 172,
        "Gross Profit": 23,
        "Operating Income": -19,
        "EBIT": 18,
        "Net Income": -33
    },
    "2021-06-30": {
        "Diluted EPS": -0.13,
        "Total Revenue": 170,
        "Gross Profit": 31,
        "Operating Income": -12,
        "EBIT": 24,
        "Net Income": -27
    },
    "2021-03-31": {
        "Diluted EPS": 0.15,
        "Total Revenue": 194,
        "Gross Profit": 65,
        "Operating Income": 25,
        "EBIT": 60,
        "Net Income": 29
    },
    "2020-12-31": {
        "Diluted EPS": -0.05,
        "Total Revenue": 175,
        "Gross Profit": 48,
        "Operating Income": 3,
        "EBIT": 39,
        "Net Income": -9
    },
    "2020-09-30": {
        "Diluted EPS": 0.29,
        "Total Revenue": 247,
        "Gross Profit": 122,
        "Operating Income": 71,
        "EBIT": 107,
        "Net Income": 57
    },
    "2020-06-30": {
        "Diluted EPS": 1.01,
        "Total Revenue": 387,
        "Gross Profit": 260,
        "Operating Income": 226,
        "EBIT": 260,
        "Net Income": 200
    },
    "2020-03-31": {
        "Diluted EPS": 0.84,
        "Total Revenue": 412,
        "Gross Profit": 246,
        "Operating Income": 208,
        "EBIT": 243,
        "Net Income": 165
    },
    "2019-12-31": {
        "Diluted EPS": 0.59,
        "Total Revenue": 336,
        "Gross Profit": 178,
        "Operating Income": 132,
        "EBIT": 166,
        "Net Income": 109
    },
    "2019-09-30": {
        "Diluted EPS": -0.06,
        "Total Revenue": 188,
        "Gross Profit": 48,
        "Operating Income": 12,
        "EBIT": 43,
        "Net Income": -10
    },
    "2019-06-30": {
        "Diluted EPS": 0.01,
        "Total Revenue": 195,
        "Gross Profit": 65,
        "Operating Income": 27,
        "EBIT": 27,
        "Net Income": 1
    },
    "2019-03-31": {
        "Diluted EPS": 0.24,
        "Total Revenue": 238,
        "Gross Profit": 106,
        "Operating Income": 69,
        "EBIT": 69,
        "Net Income": 40
    },
    "2018-12-31": {
        "Diluted EPS": 0.15,
        "Total Revenue": 217,
        "Gross Profit": 85,
        "Operating Income": 57,
        "EBIT": 86,
        "Net Income": 25
    },
    "2018-09-30": {
        "Diluted EPS": 0.01,
        "Total Revenue": 189,
        "Gross Profit": 50,
        "Operating Income": 23,
        "EBIT": 54,
        "Net Income": 2
    },
    "2018-06-30": {
        "Diluted EPS": -0.13,
        "Total Revenue": 167,
        "Gross Profit": 34,
        "Operating Income": -1,
        "EBIT": 31,
        "Net Income": -23
    },
    "2018-03-31": {
        "Diluted EPS": -0.08,
        "Total Revenue": 170,
        "Gross Profit": 44,
        "Operating Income": 4,
        "EBIT": 36,
        "Net Income": -14
    },
    "2017-12-31": {
        "Diluted EPS": -1.47,
        "Total Revenue": 179,
        "Gross Profit": 64,
        "Operating Income": -117,
        "EBIT": -81,
        "Net Income": -248
    },
    "2017-09-30": {
        "Diluted EPS": -0.14,
        "Total Revenue": 140,
        "Gross Profit": 39,
        "Operating Income": -5,
        "EBIT": 30,
        "Net Income": -24
    },
    "2017-06-30": {
        "Diluted EPS": -0.11,
        "Total Revenue": 150,
        "Gross Profit": 48,
        "Operating Income": -1,
        "EBIT": 34,
        "Net Income": -19
    },
    "2017-03-31": {
        "Diluted EPS": 0.16,
        "Total Revenue": 177,
        "Gross Profit": 82,
        "Operating Income": 41,
        "EBIT": 76,
        "Net Income": 27
    },
    "2016-12-31": {
        "Diluted EPS": 0.13,
        "Total Revenue": 178,
        "Gross Profit": 85,
        "Operating Income": 18,
        "EBIT": 53,
        "Net Income": 18
    },
    "2016-09-30": {
        "Diluted EPS": 0.03,
        "Total Revenue": 157,
        "Gross Profit": 66,
        "Operating Income": 20,
        "EBIT": 54,
        "Net Income": 5
    },
    "2016-06-30": {
        "Diluted EPS": 0.09,
        "Total Revenue": 192,
        "Gross Profit": 107,
        "Operating Income": 37,
        "EBIT": 71,
        "Net Income": 14
    },
    "2016-03-31": {
        "Diluted EPS": 0.5,
        "Total Revenue": 227,
        "Gross Profit": 148,
        "Operating Income": 103,
        "EBIT": 137,
        "Net Income": 79
    },
    "2015-12-31": {
        "Diluted EPS": 0.65,
        "Total Revenue": 154,
        "Gross Profit": 93,
        "Operating Income": 173,
        "EBIT": 196,
        "Net Income": 59
    },
    "2015-09-30": {
        "Diluted EPS": 0.53,
        "Total Revenue": 107,
        "Gross Profit": 49,
        "Operating Income": 36,
        "EBIT": 48,
        "Net Income": 62
    },
    "2015-06-30": {
        "Diluted EPS": 0.02,
        "Total Revenue": 104,
        "Gross Profit": 51,
        "Operating Income": 39,
        "EBIT": 51,
        "Net Income": 23
    },
    "2015-03-31": {
        "Diluted EPS": 0.09,
        "Total Revenue": 94,
        "Gross Profit": 49,
        "Operating Income": 39,
        "EBIT": 48,
        "Net Income": 11
    },
    "2014-12-31": {
        "Diluted EPS": 8.89,
        "Total Revenue": -183,
        "Gross Profit": -43,
        "Operating Income": 218,
        "EBIT": 227,
        "Net Income": 299
    },
    "2014-09-30": {
        "Diluted EPS": -3.0,
        "Total Revenue": 136,
        "Gross Profit": 41,
        "Operating Income": -38,
        "EBIT": -9,
        "Net Income": -60
    },
    "2014-06-30": {
        "Diluted EPS": -4.05,
        "Total Revenue": 119,
        "Gross Profit": 24,
        "Operating Income": -66,
        "EBIT": -42,
        "Net Income": -78
    },
    "2014-03-31": {
        "Diluted EPS": -0.65,
        "Total Revenue": 170,
        "Gross Profit": 66,
        "Operating Income": 6,
        "EBIT": 29,
        "Net Income": -12
    },
    "2013-12-31": {
        "Diluted EPS": 11.81,
        "Total Revenue": -240,
        "Gross Profit": -26,
        "Operating Income": 129,
        "EBIT": 154,
        "Net Income": 245
    },
    "2013-09-30": {
        "Diluted EPS": -2.3,
        "Total Revenue": 126,
        "Gross Profit": 24,
        "Operating Income": -21,
        "EBIT": 4,
        "Net Income": -36
    },
    "2013-06-30": {
        "Diluted EPS": -7.7,
        "Total Revenue": 121,
        "Gross Profit": 14,
        "Operating Income": -100,
        "EBIT": -100,
        "Net Income": -120
    },
    "2013-03-31": {
        "Diluted EPS": -1.2,
        "Total Revenue": 126,
        "Gross Profit": 25,
        "Operating Income": 0,
        "EBIT": 0,
        "Net Income": -19
    },
    "2012-12-31": {
        "Diluted EPS": -1.05,
        "Total Revenue": 153,
        "Gross Profit": 36,
        "Operating Income": 7,
        "EBIT": 35,
        "Net Income": -17
    },
    "2012-09-30": {
        "Diluted EPS": -3.15,
        "Total Revenue": 113,
        "Gross Profit": 7,
        "Operating Income": -17,
        "EBIT": 12,
        "Net Income": -49
    },
    "2012-06-30": {
        "Diluted EPS": -1.55,
        "Total Revenue": 164,
        "Gross Profit": 56,
        "Operating Income": 11,
        "EBIT": 11,
        "Net Income": -24
    },
    "2012-03-31": {
        "Diluted EPS": 0.45,
        "Total Revenue": 149,
        "Gross Profit": 54,
        "Operating Income": 18,
        "EBIT": 18,
        "Net Income": 7
    },
    "2011-12-31": {
        "Diluted EPS": -21.1,
        "Total Revenue": 95,
        "Gross Profit": 6,
        "Operating Income": -313,
        "EBIT": -313,
        "Net Income": -344
    },
    "2011-09-30": {
        "Diluted EPS": -10.65,
        "Total Revenue": 174,
        "Gross Profit": 40,
        "Operating Income": -136,
        "EBIT": -136,
        "Net Income": -166
    },
    "2011-06-30": {
        "Diluted EPS": -2.25,
        "Total Revenue": 219,
        "Gross Profit": 70,
        "Operating Income": -1,
        "EBIT": 50,
        "Net Income": -35
    },
    "2011-03-31": {
        "Diluted EPS": 0.0,
        "Total Revenue": 235,
        "Gross Profit": 91,
        "Operating Income": 43,
        "EBIT": 95,
        "Net Income": 15
    },
    "2010-12-31": {
        "Diluted EPS": -0.75,
        "Total Revenue": 226,
        "Gross Profit": -10,
        "Operating Income": 26,
        "EBIT": 79,
        "Net Income": -12
    },
    "2010-09-30": {
        "Diluted EPS": 0.0,
        "Total Revenue": 251,
        "Gross Profit": 110,
        "Operating Income": 48,
        "EBIT": 103,
        "Net Income": 12
    },
    "2010-06-30": {
        "Diluted EPS": 5.2,
        "Total Revenue": 356,
        "Gross Profit": 233,
        "Operating Income": 120,
        "EBIT": 173,
        "Net Income": 81
    },
    "2010-03-31": {
        "Diluted EPS": 5.1,
        "Total Revenue": 332,
        "Gross Profit": 220,
        "Operating Income": 114,
        "EBIT": 167,
        "Net Income": 80
    },
    "2009-12-31": {
        "Diluted EPS": 0.25,
        "Total Revenue": 262,
        "Gross Profit": -25,
        "Operating Income": 15,
        "EBIT": 74,
        "Net Income": 4
    },
    "2009-09-30": {
        "Diluted EPS": -0.35,
        "Total Revenue": 233,
        "Gross Profit": 135,
        "Operating Income": 30,
        "EBIT": 90,
        "Net Income": -6
    },
    "2009-06-30": {
        "Diluted EPS": 1.8,
        "Total Revenue": 282,
        "Gross Profit": 188,
        "Operating Income": 70,
        "EBIT": 130,
        "Net Income": 28
    },
    "2009-03-31": {
        "Diluted EPS": 4.9,
        "Total Revenue": 357,
        "Gross Profit": 240,
        "Operating Income": 125,
        "EBIT": 184,
        "Net Income": 77
    },
    "2023-06-30": {
        "Tax Effect Of Unusual Items": 25198.119869,
        "Tax Rate For Calcs": 0.000697,
        "Normalized EBITDA": 235891000.0,
        "Total Unusual Items": 36128000.0,
        "Total Unusual Items Excluding Goodwill": 36128000.0,
        "Net Income From Continuing Operation Net Minority Interest": 230674000.0,
        "Reconciled Depreciation": 57096000.0,
        "Reconciled Cost Of Revenue": 257478000.0,
        "EBITDA": 272019000.0,
        "EBIT": 272019000.0,
        "Net Interest Income": -37129000.0,
        "Interest Expense": 41184000.0,
        "Interest Income": 4457000.0,
        "Normalized Income": 194571198.119869,
        "Net Income From Continuing And Discontinued Operation": 230674000.0,
        "Total Expenses": 282144000.0,
        "Rent Expense Supplemental": NaN,
        "Total Operating Income As Reported": 252975000.0,
        "Diluted Average Shares": 222623000.0,
        "Basic Average Shares": 222623000.0,
        "Diluted EPS": 1.04,
        "Basic EPS": 1.04,
        "Diluted NI Availto Com Stockholders": 230674000.0,
        "Net Income Common Stockholders": 230674000.0,
        "Net Income": 230674000.0,
        "Minority Interests": NaN,
        "Net Income Including Noncontrolling Interests": 230674000.0,
        "Net Income Continuous Operations": 230674000.0,
        "Tax Provision": 161000.0,
        "Pretax Income": 230835000.0,
        "Other Income Expense": 37345000.0,
        "Other Non Operating Income Expenses": NaN,
        "Special Income Charges": NaN,
        "Gain On Sale Of Ppe": NaN,
        "Other Special Charges": NaN,
        "Earnings From Equity Interest": 1217000.0,
        "Gain On Sale Of Security": 13772000.0,
        "Net Non Operating Interest Income Expense": -37129000.0,
        "Total Other Finance Cost": NaN,
        "Interest Expense Non Operating": 41184000.0,
        "Interest Income Non Operating": 4457000.0,
        "Operating Income": 230619000.0,
        "Operating Expense": 24666000.0,
        "Other Operating Expenses": 12965000.0,
        "Selling General And Administration": 11701000.0,
        "General And Administrative Expense": 11701000.0,
        "Other Gand A": 11701000.0,
        "Gross Profit": 255285000.0,
        "Cost Of Revenue": 257478000.0,
        "Total Revenue": 512763000.0,
        "Operating Revenue": 512763000.0
    },
    "2023-09-30": {
        "Tax Effect Of Unusual Items": 1076.41048,
        "Tax Rate For Calcs": 3.7e-05,
        "Normalized EBITDA": 116862000.0,
        "Total Unusual Items": 28995000.0,
        "Total Unusual Items Excluding Goodwill": 28995000.0,
        "Net Income From Continuing Operation Net Minority Interest": 107743000.0,
        "Reconciled Depreciation": 41508000.0,
        "Reconciled Cost Of Revenue": 247435000.0,
        "EBITDA": 145857000.0,
        "EBIT": 145857000.0,
        "Net Interest Income": -34310000.0,
        "Interest Expense": 38110000.0,
        "Interest Income": 3800000.0,
        "Normalized Income": 78749076.41048,
        "Net Income From Continuing And Discontinued Operation": 107743000.0,
        "Total Expenses": 262333000.0,
        "Rent Expense Supplemental": NaN,
        "Total Operating Income As Reported": 114752000.0,
        "Diluted Average Shares": 222623000.0,
        "Basic Average Shares": 222623000.0,
        "Diluted EPS": 0.48,
        "Basic EPS": 0.48,
        "Diluted NI Availto Com Stockholders": 107743000.0,
        "Net Income Common Stockholders": 107743000.0,
        "Net Income": 107743000.0,
        "Minority Interests": NaN,
        "Net Income Including Noncontrolling Interests": 107743000.0,
        "Net Income Continuous Operations": 107743000.0,
        "Tax Provision": 4000.0,
        "Pretax Income": 107747000.0,
        "Other Income Expense": 27305000.0,
        "Other Non Operating Income Expenses": NaN,
        "Special Income Charges": 0.0,
        "Gain On Sale Of Ppe": NaN,
        "Other Special Charges": NaN,
        "Earnings From Equity Interest": -1690000.0,
        "Gain On Sale Of Security": 28995000.0,
        "Net Non Operating Interest Income Expense": -34310000.0,
        "Total Other Finance Cost": NaN,
        "Interest Expense Non Operating": 38110000.0,
        "Interest Income Non Operating": 3800000.0,
        "Operating Income": 114752000.0,
        "Operating Expense": 14898000.0,
        "Other Operating Expenses": -400000.0,
        "Selling General And Administration": 15298000.0,
        "General And Administrative Expense": 15298000.0,
        "Other Gand A": 15298000.0,
        "Gross Profit": 129650000.0,
        "Cost Of Revenue": 247435000.0,
        "Total Revenue": 377085000.0,
        "Operating Revenue": 373711000.0
    }
}