{
    "2023-03-31": {
        "Tax Effect Of Unusual Items": 0.0,
        "Tax Rate For Calcs": 0.21,
        "Normalized EBITDA": -44995000.0,
        "Net Income From Continuing Operation Net Minority Interest": -42664000.0,
        "Reconciled Depreciation": 3112000.0,
        "Reconciled Cost Of Revenue": 25236000.0,
        "EBITDA": -44995000.0,
        "EBIT": -48107000.0,
        "Net Interest Income": 9270000.0,
        "Interest Income": 9270000.0,
        "Normalized Income": -42664000.0,
        "Net Income From Continuing And Discontinued Operation": -42664000.0,
        "Total Expenses": 185799000.0,
        "Total Operating Income As Reported": -48107000.0,
        "Diluted Average Shares": 290133000.0,
        "Basic Average Shares": 290133000.0,
        "Diluted EPS": -0.15,
        "Basic EPS": -0.15,
        "Diluted NI Availto Com Stockholders": -42664000.0,
        "Net Income Common Stockholders": -42664000.0,
        "Otherunder Preferred Stock Dividend": NaN,
        "Net Income": -42664000.0,
        "Net Income Including Noncontrolling Interests": -42664000.0,
        "Net Income Continuous Operations": -42664000.0,
        "Tax Provision": 4036000.0,
        "Pretax Income": -38628000.0,
        "Other Income Expense": 209000.0,
        "Other Non Operating Income Expenses": 209000.0,
        "Net Non Operating Interest Income Expense": 9270000.0,
        "Interest Income Non Operating": 9270000.0,
        "Operating Income": -48107000.0,
        "Operating Expense": 160563000.0,
        "Research And Development": 32857000.0,
        "Selling General And Administration": 127706000.0,
        "Selling And Marketing Expense": 86810000.0,
        "General And Administrative Expense": 40896000.0,
        "Other Gand A": 40896000.0,
        "Gross Profit": 112456000.0,
        "Cost Of Revenue": 25236000.0,
        "Total Revenue": 137692000.0,
        "Operating Revenue": 137692000.0
    },
    "2022-12-31": {
        "Tax Effect Of Unusual Items": NaN,
        "Tax Rate For Calcs": NaN,
        "Normalized EBITDA": NaN,
        "Net Income From Continuing Operation Net Minority Interest": NaN,
        "Reconciled Depreciation": NaN,
        "Reconciled Cost Of Revenue": NaN,
        "EBITDA": NaN,
        "EBIT": NaN,
        "Net Interest Income": NaN,
        "Interest Income": NaN,
        "Normalized Income": NaN,
        "Net Income From Continuing And Discontinued Operation": NaN,
        "Total Expenses": NaN,
        "Total Operating Income As Reported": NaN,
        "Diluted Average Shares": NaN,
        "Basic Average Shares": NaN,
        "Diluted EPS": NaN,
        "Basic EPS": NaN,
        "Diluted NI Availto Com Stockholders": NaN,
        "Net Income Common Stockholders": NaN,
        "Otherunder Preferred Stock Dividend": 0.0,
        "Net Income": NaN,
        "Net Income Including Noncontrolling Interests": NaN,
        "Net Income Continuous Operations": NaN,
        "Tax Provision": NaN,
        "Pretax Income": NaN,
        "Other Income Expense": NaN,
        "Other Non Operating Income Expenses": NaN,
        "Net Non Operating Interest Income Expense": NaN,
        "Interest Income Non Operating": NaN,
        "Operating Income": NaN,
        "Operating Expense": NaN,
        "Research And Development": NaN,
        "Selling General And Administration": NaN,
        "Selling And Marketing Expense": NaN,
        "General And Administrative Expense": NaN,
        "Other Gand A": NaN,
        "Gross Profit": NaN,
        "Cost Of Revenue": NaN,
        "Total Revenue": NaN,
        "Operating Revenue": NaN
    },
    "2022-09-30": {
        "Tax Effect Of Unusual Items": NaN,
        "Tax Rate For Calcs": NaN,
        "Normalized EBITDA": NaN,
        "Net Income From Continuing Operation Net Minority Interest": NaN,
        "Reconciled Depreciation": NaN,
        "Reconciled Cost Of Revenue": NaN,
        "EBITDA": NaN,
        "EBIT": NaN,
        "Net Interest Income": NaN,
        "Interest Income": NaN,
        "Normalized Income": NaN,
        "Net Income From Continuing And Discontinued Operation": NaN,
        "Total Expenses": NaN,
        "Total Operating Income As Reported": NaN,
        "Diluted Average Shares": NaN,
        "Basic Average Shares": NaN,
        "Diluted EPS": NaN,
        "Basic EPS": NaN,
        "Diluted NI Availto Com Stockholders": NaN,
        "Net Income Common Stockholders": NaN,
        "Otherunder Preferred Stock Dividend": 0.0,
        "Net Income": NaN,
        "Net Income Including Noncontrolling Interests": NaN,
        "Net Income Continuous Operations": NaN,
        "Tax Provision": NaN,
        "Pretax Income": NaN,
        "Other Income Expense": NaN,
        "Other Non Operating Income Expenses": NaN,
        "Net Non Operating Interest Income Expense": NaN,
        "Interest Income Non Operating": NaN,
        "Operating Income": NaN,
        "Operating Expense": NaN,
        "Research And Development": NaN,
        "Selling General And Administration": NaN,
        "Selling And Marketing Expense": NaN,
        "General And Administrative Expense": NaN,
        "Other Gand A": NaN,
        "Gross Profit": NaN,
        "Cost Of Revenue": NaN,
        "Total Revenue": NaN,
        "Operating Revenue": NaN
    },
    "2022-06-30": {
        "Tax Effect Of Unusual Items": 0.0,
        "Tax Rate For Calcs": 0.4,
        "Normalized EBITDA": -64546000.0,
        "Net Income From Continuing Operation Net Minority Interest": -69753000.0,
        "Reconciled Depreciation": 2806000.0,
        "Reconciled Cost Of Revenue": 24042000.0,
        "EBITDA": -64546000.0,
        "EBIT": -67352000.0,
        "Net Interest Income": -242000.0,
        "Interest Income": 2109000.0,
        "Normalized Income": -69753000.0,
        "Net Income From Continuing And Discontinued Operation": -69753000.0,
        "Total Expenses": 188784000.0,
        "Total Operating Income As Reported": -67352000.0,
        "Diluted Average Shares": 284761000.0,
        "Basic Average Shares": 284761000.0,
        "Diluted EPS": -0.24,
        "Basic EPS": -0.24,
        "Diluted NI Availto Com Stockholders": -69753000.0,
        "Net Income Common Stockholders": -69753000.0,
        "Otherunder Preferred Stock Dividend": 0.0,
        "Net Income": -69753000.0,
        "Net Income Including Noncontrolling Interests": -69753000.0,
        "Net Income Continuous Operations": -69753000.0,
        "Tax Provision": 2159000.0,
        "Pretax Income": -67594000.0,
        "Other Income Expense": -2351000.0,
        "Other Non Operating Income Expenses": -2351000.0,
        "Net Non Operating Interest Income Expense": -242000.0,
        "Total Other Finance Cost": 242000.0,
        "Interest Income Non Operating": 2109000.0,
        "Operating Income": -67352000.0,
        "Operating Expense": 164742000.0,
        "Research And Development": 34297000.0,
        "Selling General And Administration": 130445000.0,
        "Selling And Marketing Expense": 90038000.0,
        "General And Administrative Expense": 40407000.0,
        "Other Gand A": 40407000.0,
        "Gross Profit": 97390000.0,
        "Cost Of Revenue": 24042000.0,
        "Total Revenue": 121432000.0,
        "Operating Revenue": 121432000.0
    },
    "2023-06-30": {
        "Tax Effect Of Unusual Items": 0.0,
        "Tax Rate For Calcs": 0.21,
        "Normalized EBITDA": -40287000.0,
        "Net Income From Continuing Operation Net Minority Interest": -35658000.0,
        "Reconciled Depreciation": 3002000.0,
        "Reconciled Cost Of Revenue": 24861000.0,
        "EBITDA": -40287000.0,
        "EBIT": -43289000.0,
        "Net Interest Income": 11252000.0,
        "Interest Income": 11252000.0,
        "Normalized Income": -35658000.0,
        "Net Income From Continuing And Discontinued Operation": -35658000.0,
        "Total Expenses": 188368000.0,
        "Total Operating Income As Reported": -43289000.0,
        "Diluted Average Shares": 291995000.0,
        "Basic Average Shares": 291995000.0,
        "Diluted EPS": -0.12,
        "Basic EPS": -0.12,
        "Diluted NI Availto Com Stockholders": -35658000.0,
        "Net Income Common Stockholders": -35658000.0,
        "Net Income": -35658000.0,
        "Net Income Including Noncontrolling Interests": -35658000.0,
        "Net Income Continuous Operations": -35658000.0,
        "Tax Provision": 3585000.0,
        "Pretax Income": -32073000.0,
        "Other Income Expense": -36000.0,
        "Other Non Operating Income Expenses": -36000.0,
        "Net Non Operating Interest Income Expense": 11252000.0,
        "Interest Income Non Operating": 11252000.0,
        "Operating Income": -43289000.0,
        "Operating Expense": 163507000.0,
        "Research And Development": 34180000.0,
        "Selling General And Administration": 129327000.0,
        "Selling And Marketing Expense": 87975000.0,
        "General And Administrative Expense": 41352000.0,
        "Other Gand A": 41352000.0,
        "Gross Profit": 120218000.0,
        "Cost Of Revenue": 24861000.0,
        "Total Revenue": 145079000.0,
        "Operating Revenue": 145079000.0
    },
    "2022-03-31": {
        "Diluted EPS": -0.18,
        "Total Revenue": 115,
        "Gross Profit": 92,
        "Operating Income": -47,
        "EBIT": -39,
        "Net Income": -49
    },
    "2021-12-31": {
        "Diluted EPS": 10.79,
        "Total Revenue": 105,
        "Gross Profit": 85,
        "Operating Income": -56,
        "EBIT": -49,
        "Net Income": 69
    },
    "2021-09-30": {
        "Diluted EPS": -24.72,
        "Total Revenue": 97,
        "Gross Profit": 74,
        "Operating Income": -140,
        "EBIT": -133,
        "Net Income": NaN
    },
    "2021-06-30": {
        "Diluted EPS": -7.79,
        "Total Revenue": 88,
        "Gross Profit": 70,
        "Operating Income": -6,
        "EBIT": 0,
        "Net Income": -605
    },
    "2021-03-31": {
        "Diluted EPS": -0.01,
        "Total Revenue": 81,
        "Gross Profit": 64,
        "Operating Income": -2,
        "EBIT": 5,
        "Net Income": 69
    },
    "2020-12-31": {
        "Diluted EPS": 0.0,
        "Total Revenue": NaN,
        "Gross Profit": NaN,
        "Operating Income": NaN,
        "EBIT": NaN,
        "Net Income": NaN
    },
    "2020-09-30": {
        "Diluted EPS": -3.49,
        "Total Revenue": 66,
        "Gross Profit": 53,
        "Operating Income": 0,
        "EBIT": 5,
        "Net Income": -268
    },
    "2020-06-30": {
        "Diluted EPS": 0.0,
        "Total Revenue": NaN,
        "Gross Profit": NaN,
        "Operating Income": NaN,
        "EBIT": NaN,
        "Net Income": NaN
    },
    "2019-12-31": {
        "Diluted EPS": 0.0,
        "Total Revenue": NaN,
        "Gross Profit": NaN,
        "Operating Income": NaN,
        "EBIT": NaN,
        "Net Income": NaN
    },
    "2023-09-30": {
        "Tax Effect Of Unusual Items": 0.0,
        "Tax Rate For Calcs": 0.21,
        "Normalized EBITDA": -35751000.0,
        "Net Income From Continuing Operation Net Minority Interest": -31033000.0,
        "Reconciled Depreciation": 2984000.0,
        "Reconciled Cost Of Revenue": 26263000.0,
        "EBITDA": -35751000.0,
        "EBIT": -38735000.0,
        "Net Interest Income": 12245000.0,
        "Interest Income": 12245000.0,
        "Normalized Income": -31033000.0,
        "Net Income From Continuing And Discontinued Operation": -31033000.0,
        "Total Expenses": 192285000.0,
        "Total Operating Income As Reported": -38735000.0,
        "Diluted Average Shares": 294146000.0,
        "Basic Average Shares": 294146000.0,
        "Diluted EPS": -0.11,
        "Basic EPS": -0.11,
        "Diluted NI Availto Com Stockholders": -31033000.0,
        "Net Income Common Stockholders": -31033000.0,
        "Net Income": -31033000.0,
        "Net Income Including Noncontrolling Interests": -31033000.0,
        "Net Income Continuous Operations": -31033000.0,
        "Tax Provision": 3291000.0,
        "Pretax Income": -27742000.0,
        "Other Income Expense": -1252000.0,
        "Other Non Operating Income Expenses": -1252000.0,
        "Net Non Operating Interest Income Expense": 12245000.0,
        "Interest Income Non Operating": 12245000.0,
        "Operating Income": -38735000.0,
        "Operating Expense": 166022000.0,
        "Research And Development": 34885000.0,
        "Selling General And Administration": 131137000.0,
        "Selling And Marketing Expense": 90673000.0,
        "General And Administrative Expense": 40464000.0,
        "Other Gand A": 40464000.0,
        "Gross Profit": 127287000.0,
        "Cost Of Revenue": 26263000.0,
        "Total Revenue": 153550000.0,
        "Operating Revenue": 153550000.0
    },
    "2023-12-31": {
        "Tax Effect Of Unusual Items": 0.0,
        "Tax Rate For Calcs": 0.21,
        "Normalized EBITDA": -36995000.0,
        "Net Income From Continuing Operation Net Minority Interest": -28081000.0,
        "Reconciled Depreciation": 3046000.0,
        "Reconciled Cost Of Revenue": 27009000.0,
        "EBITDA": -36995000.0,
        "EBIT": -40041000.0,
        "Net Interest Income": 13128000.0,
        "Interest Income": 13128000.0,
        "Normalized Income": -28081000.0,
        "Net Income From Continuing And Discontinued Operation": -28081000.0,
        "Total Expenses": 200152000.0,
        "Total Operating Income As Reported": -40041000.0,
        "Diluted Average Shares": 296001000.0,
        "Basic Average Shares": 296001000.0,
        "Diluted EPS": -0.09,
        "Basic EPS": -0.09,
        "Diluted NI Availto Com Stockholders": -28081000.0,
        "Net Income Common Stockholders": -28081000.0,
        "Net Income": -28081000.0,
        "Net Income Including Noncontrolling Interests": -28081000.0,
        "Net Income Continuous Operations": -28081000.0,
        "Tax Provision": 2755000.0,
        "Pretax Income": -25326000.0,
        "Other Income Expense": 1587000.0,
        "Other Non Operating Income Expenses": 1587000.0,
        "Net Non Operating Interest Income Expense": 13128000.0,
        "Interest Income Non Operating": 13128000.0,
        "Operating Income": -40041000.0,
        "Operating Expense": 173143000.0,
        "Research And Development": 35834000.0,
        "Selling General And Administration": 137309000.0,
        "Selling And Marketing Expense": 92323000.0,
        "General And Administrative Expense": 44986000.0,
        "Other Gand A": 44986000.0,
        "Gross Profit": 133102000.0,
        "Cost Of Revenue": 27009000.0,
        "Total Revenue": 160111000.0,
        "Operating Revenue": 160111000.0
    },
    "2024-03-31": {
        "Tax Effect Of Unusual Items": 0.0,
        "Tax Rate For Calcs": 0.21,
        "Normalized EBITDA": -29200000.0,
        "Net Income From Continuing Operation Net Minority Interest": -23325000.0,
        "Reconciled Depreciation": 2967000.0,
        "Reconciled Cost Of Revenue": 25890000.0,
        "EBITDA": -29200000.0,
        "EBIT": -32167000.0,
        "Net Interest Income": 13907000.0,
        "Interest Income": 13907000.0,
        "Normalized Income": -23325000.0,
        "Net Income From Continuing And Discontinued Operation": -23325000.0,
        "Total Expenses": 197310000.0,
        "Total Operating Income As Reported": -32167000.0,
        "Diluted Average Shares": 297870000.0,
        "Basic Average Shares": 297870000.0,
        "Diluted EPS": -0.08,
        "Basic EPS": -0.08,
        "Diluted NI Availto Com Stockholders": -23325000.0,
        "Net Income Common Stockholders": -23325000.0,
        "Net Income": -23325000.0,
        "Net Income Including Noncontrolling Interests": -23325000.0,
        "Net Income Continuous Operations": -23325000.0,
        "Tax Provision": 3953000.0,
        "Pretax Income": -19372000.0,
        "Other Income Expense": -1112000.0,
        "Other Non Operating Income Expenses": -1112000.0,
        "Net Non Operating Interest Income Expense": 13907000.0,
        "Interest Income Non Operating": 13907000.0,
        "Operating Income": -32167000.0,
        "Operating Expense": 171420000.0,
        "Research And Development": 34684000.0,
        "Selling General And Administration": 136736000.0,
        "Selling And Marketing Expense": 94642000.0,
        "General And Administrative Expense": 42094000.0,
        "Other Gand A": 42094000.0,
        "Gross Profit": 139253000.0,
        "Cost Of Revenue": 25890000.0,
        "Total Revenue": 165143000.0,
        "Operating Revenue": 165143000.0
    },
    "2024-06-30": {
        "Tax Effect Of Unusual Items": 0.0,
        "Tax Rate For Calcs": 0.339096,
        "Normalized EBITDA": -40041000.0,
        "Net Income From Continuing Operation Net Minority Interest": -20184000.0,
        "Reconciled Depreciation": 3746000.0,
        "Reconciled Cost Of Revenue": 28175000.0,
        "EBITDA": -40041000.0,
        "EBIT": -43787000.0,
        "Net Interest Income": 13775000.0,
        "Interest Income": 13775000.0,
        "Normalized Income": -20184000.0,
        "Net Income From Continuing And Discontinued Operation": -20184000.0,
        "Total Expenses": 217918000.0,
        "Total Operating Income As Reported": -43787000.0,
        "Diluted Average Shares": 299805000.0,
        "Basic Average Shares": 299805000.0,
        "Diluted EPS": -0.07,
        "Basic EPS": -0.07,
        "Diluted NI Availto Com Stockholders": -20184000.0,
        "Net Income Common Stockholders": -20184000.0,
        "Net Income": -20184000.0,
        "Net Income Including Noncontrolling Interests": -20184000.0,
        "Net Income Continuous Operations": -20184000.0,
        "Tax Provision": -10356000.0,
        "Pretax Income": -30540000.0,
        "Other Income Expense": -528000.0,
        "Other Non Operating Income Expenses": -528000.0,
        "Net Non Operating Interest Income Expense": 13775000.0,
        "Interest Income Non Operating": 13775000.0,
        "Operating Income": -43787000.0,
        "Operating Expense": 189743000.0,
        "Research And Development": 40993000.0,
        "Selling General And Administration": 148750000.0,
        "Selling And Marketing Expense": 104248000.0,
        "General And Administrative Expense": 44502000.0,
        "Other Gand A": 44502000.0,
        "Gross Profit": 145956000.0,
        "Cost Of Revenue": 28175000.0,
        "Total Revenue": 174131000.0,
        "Operating Revenue": 174131000.0
    }
}