{
    "2023-06-30": {
        "Tax Effect Of Unusual Items": 0.0,
        "Tax Rate For Calcs": 0.2586,
        "Net Income From Continuing Operation Net Minority Interest": 12729000.0,
        "Reconciled Depreciation": 405000.0,
        "Net Interest Income": 27578000.0,
        "Interest Expense": 15215000.0,
        "Interest Income": 42793000.0,
        "Normalized Income": 12729000.0,
        "Net Income From Continuing And Discontinued Operation": 12729000.0,
        "Diluted Average Shares": 17168995.0,
        "Basic Average Shares": 17165344.0,
        "Diluted EPS": 0.74,
        "Basic EPS": 0.74,
        "Diluted NI Availto Com Stockholders": 12729000.0,
        "Net Income Common Stockholders": 12729000.0,
        "Net Income": 12729000.0,
        "Net Income Including Noncontrolling Interests": 12729000.0,
        "Net Income Continuous Operations": 12729000.0,
        "Tax Provision": 4440000.0,
        "Pretax Income": 17169000.0,
        "Gain On Sale Of Security": 0.0,
        "Selling General And Administration": 7564000.0,
        "Selling And Marketing Expense": 733000.0,
        "General And Administrative Expense": 6831000.0,
        "Other Gand A": NaN,
        "Insurance And Claims": 410000.0,
        "Salaries And Wages": 6421000.0,
        "Total Revenue": 30074000.0,
        "Operating Revenue": 30074000.0
    },
    "2023-03-31": {
        "Tax Effect Of Unusual Items": 0.0,
        "Tax Rate For Calcs": 0.288633,
        "Net Income From Continuing Operation Net Minority Interest": 13161000.0,
        "Reconciled Depreciation": 419000.0,
        "Net Interest Income": 29148000.0,
        "Interest Expense": 11163000.0,
        "Interest Income": 40311000.0,
        "Normalized Income": 13161000.0,
        "Net Income From Continuing And Discontinued Operation": 13161000.0,
        "Diluted Average Shares": 17194884.0,
        "Basic Average Shares": 17150174.0,
        "Diluted EPS": 0.77,
        "Basic EPS": 0.77,
        "Diluted NI Availto Com Stockholders": 13161000.0,
        "Net Income Common Stockholders": 13161000.0,
        "Net Income": 13161000.0,
        "Net Income Including Noncontrolling Interests": 13161000.0,
        "Net Income Continuous Operations": 13161000.0,
        "Tax Provision": 5340000.0,
        "Pretax Income": 18501000.0,
        "Gain On Sale Of Security": 0.0,
        "Selling General And Administration": 7438000.0,
        "Selling And Marketing Expense": 418000.0,
        "General And Administrative Expense": 7020000.0,
        "Other Gand A": NaN,
        "Insurance And Claims": 402000.0,
        "Salaries And Wages": 6618000.0,
        "Total Revenue": 30264000.0,
        "Operating Revenue": 30264000.0
    },
    "2022-12-31": {
        "Tax Effect Of Unusual Items": 0.0,
        "Tax Rate For Calcs": 0.2923,
        "Net Income From Continuing Operation Net Minority Interest": 13282000.0,
        "Reconciled Depreciation": 164000.0,
        "Net Interest Income": 29135000.0,
        "Interest Expense": 8267000.0,
        "Interest Income": 37402000.0,
        "Normalized Income": 13282000.0,
        "Net Income From Continuing And Discontinued Operation": 13282000.0,
        "Diluted Average Shares": 17179863.0,
        "Basic Average Shares": 17143920.0,
        "Diluted EPS": 0.77,
        "Basic EPS": 0.77,
        "Diluted NI Availto Com Stockholders": 13282000.0,
        "Net Income Common Stockholders": 13282000.0,
        "Net Income": 13282000.0,
        "Net Income Including Noncontrolling Interests": 13282000.0,
        "Net Income Continuous Operations": 13282000.0,
        "Tax Provision": 5487000.0,
        "Pretax Income": 18769000.0,
        "Gain On Sale Of Security": 0.0,
        "Selling General And Administration": 6511000.0,
        "Selling And Marketing Expense": 568000.0,
        "General And Administrative Expense": 5943000.0,
        "Other Gand A": NaN,
        "Insurance And Claims": 245000.0,
        "Salaries And Wages": 5698000.0,
        "Total Revenue": 30378000.0,
        "Operating Revenue": 30378000.0
    },
    "2022-09-30": {
        "Tax Effect Of Unusual Items": 0.0,
        "Tax Rate For Calcs": 0.2921,
        "Net Income From Continuing Operation Net Minority Interest": 11704000.0,
        "Reconciled Depreciation": 414000.0,
        "Net Interest Income": 27424000.0,
        "Interest Expense": 4123000.0,
        "Interest Income": 31547000.0,
        "Normalized Income": 11704000.0,
        "Net Income From Continuing And Discontinued Operation": 11704000.0,
        "Diluted Average Shares": 17168447.0,
        "Basic Average Shares": 17140435.0,
        "Diluted EPS": 0.68,
        "Basic EPS": 0.68,
        "Diluted NI Availto Com Stockholders": 11704000.0,
        "Net Income Common Stockholders": 11704000.0,
        "Net Income": 11704000.0,
        "Net Income Including Noncontrolling Interests": 11704000.0,
        "Net Income Continuous Operations": 11704000.0,
        "Tax Provision": 4830000.0,
        "Pretax Income": 16534000.0,
        "Gain On Sale Of Security": 0.0,
        "Selling General And Administration": 6352000.0,
        "Selling And Marketing Expense": 512000.0,
        "General And Administrative Expense": 5840000.0,
        "Other Gand A": 797000.0,
        "Insurance And Claims": 195000.0,
        "Salaries And Wages": 5645000.0,
        "Total Revenue": 28694000.0,
        "Operating Revenue": 28694000.0
    },
    "2022-06-30": {
        "Tax Effect Of Unusual Items": 0.0,
        "Tax Rate For Calcs": 0.2907,
        "Net Income From Continuing Operation Net Minority Interest": 9953000.0,
        "Reconciled Depreciation": 401000.0,
        "Net Interest Income": 24491000.0,
        "Interest Expense": 1470000.0,
        "Interest Income": 25961000.0,
        "Normalized Income": 9953000.0,
        "Net Income From Continuing And Discontinued Operation": 9953000.0,
        "Diluted Average Shares": 17149449.0,
        "Basic Average Shares": 17125715.0,
        "Diluted EPS": 0.58,
        "Basic EPS": 0.58,
        "Diluted NI Availto Com Stockholders": 9953000.0,
        "Net Income Common Stockholders": 9953000.0,
        "Net Income": 9953000.0,
        "Net Income Including Noncontrolling Interests": 9953000.0,
        "Net Income Continuous Operations": 9953000.0,
        "Tax Provision": 4080000.0,
        "Pretax Income": 14033000.0,
        "Gain On Sale Of Security": 0.0,
        "Selling General And Administration": 6282000.0,
        "Selling And Marketing Expense": 484000.0,
        "General And Administrative Expense": 5798000.0,
        "Other Gand A": 739000.0,
        "Insurance And Claims": 245000.0,
        "Salaries And Wages": 5553000.0,
        "Total Revenue": 26099000.0,
        "Operating Revenue": 26099000.0
    },
    "2022-03-31": {
        "Diluted EPS": 0.58,
        "Total Revenue": 25,
        "Gross Profit": 24,
        "Operating Income": 14,
        "EBIT": NaN,
        "Net Income": 10
    },
    "2021-12-31": {
        "Diluted EPS": 0.59,
        "Total Revenue": 24,
        "Gross Profit": 23,
        "Operating Income": 13,
        "EBIT": NaN,
        "Net Income": 11
    },
    "2021-09-30": {
        "Diluted EPS": 0.64,
        "Total Revenue": 23,
        "Gross Profit": 22,
        "Operating Income": 13,
        "EBIT": NaN,
        "Net Income": 11
    },
    "2021-06-30": {
        "Diluted EPS": 0.67,
        "Total Revenue": 21,
        "Gross Profit": 20,
        "Operating Income": 11,
        "EBIT": NaN,
        "Net Income": 10
    },
    "2021-03-31": {
        "Diluted EPS": 0.93,
        "Total Revenue": 21,
        "Gross Profit": 20,
        "Operating Income": 11,
        "EBIT": NaN,
        "Net Income": 10
    },
    "2020-12-31": {
        "Diluted EPS": 0.86,
        "Total Revenue": 23,
        "Gross Profit": 22,
        "Operating Income": 6,
        "EBIT": NaN,
        "Net Income": 9
    },
    "2020-09-30": {
        "Diluted EPS": 0.94,
        "Total Revenue": 21,
        "Gross Profit": 19,
        "Operating Income": 10,
        "EBIT": NaN,
        "Net Income": 9
    },
    "2020-06-30": {
        "Diluted EPS": 1.05,
        "Total Revenue": 21,
        "Gross Profit": 18,
        "Operating Income": 10,
        "EBIT": NaN,
        "Net Income": 10
    },
    "2020-03-31": {
        "Diluted EPS": 0.72,
        "Total Revenue": 19,
        "Gross Profit": 16,
        "Operating Income": 7,
        "EBIT": NaN,
        "Net Income": 7
    },
    "2019-12-31": {
        "Diluted EPS": 0.0,
        "Total Revenue": NaN,
        "Gross Profit": NaN,
        "Operating Income": NaN,
        "EBIT": NaN,
        "Net Income": NaN
    },
    "2023-09-30": {
        "Tax Effect Of Unusual Items": 0.0,
        "Tax Rate For Calcs": 0.3007,
        "Net Income From Continuing Operation Net Minority Interest": 11045000.0,
        "Reconciled Depreciation": NaN,
        "Net Interest Income": 27476000.0,
        "Interest Expense": 17622000.0,
        "Interest Income": 45098000.0,
        "Normalized Income": 11045000.0,
        "Net Income From Continuing And Discontinued Operation": 11045000.0,
        "Diluted Average Shares": 17194825.0,
        "Basic Average Shares": 17175034.0,
        "Diluted EPS": 0.64,
        "Basic EPS": 0.64,
        "Diluted NI Availto Com Stockholders": 11045000.0,
        "Net Income Common Stockholders": 11045000.0,
        "Net Income": 11045000.0,
        "Net Income Including Noncontrolling Interests": 11045000.0,
        "Net Income Continuous Operations": 11045000.0,
        "Tax Provision": 4750000.0,
        "Pretax Income": 15795000.0,
        "Gain On Sale Of Security": 0.0,
        "Selling General And Administration": 7786000.0,
        "Selling And Marketing Expense": 535000.0,
        "General And Administrative Expense": 7251000.0,
        "Other Gand A": NaN,
        "Insurance And Claims": 375000.0,
        "Salaries And Wages": 6876000.0,
        "Total Revenue": 28515000.0,
        "Operating Revenue": 28515000.0
    }
}