{
    "2023-06-30": {
        "Tax Effect Of Unusual Items": NaN,
        "Tax Rate For Calcs": NaN,
        "Total Unusual Items": NaN,
        "Total Unusual Items Excluding Goodwill": NaN,
        "Net Income From Continuing Operation Net Minority Interest": NaN,
        "Reconciled Depreciation": NaN,
        "Net Interest Income": NaN,
        "Interest Expense": NaN,
        "Interest Income": NaN,
        "Normalized Income": NaN,
        "Net Income From Continuing And Discontinued Operation": NaN,
        "Diluted Average Shares": NaN,
        "Basic Average Shares": NaN,
        "Diluted EPS": NaN,
        "Basic EPS": NaN,
        "Diluted NI Availto Com Stockholders": NaN,
        "Net Income Common Stockholders": NaN,
        "Otherunder Preferred Stock Dividend": NaN,
        "Net Income": NaN,
        "Net Income Including Noncontrolling Interests": NaN,
        "Net Income Continuous Operations": NaN,
        "Tax Provision": NaN,
        "Pretax Income": NaN,
        "Special Income Charges": NaN,
        "Other Special Charges": NaN,
        "Impairment Of Capital Assets": -2000.0,
        "Restructuring And Mergern Acquisition": NaN,
        "Gain On Sale Of Security": 0.0,
        "Depreciation Amortization Depletion Income Statement": NaN,
        "Depreciation And Amortization In Income Statement": NaN,
        "Amortization": NaN,
        "Amortization Of Intangibles Income Statement": NaN,
        "Selling General And Administration": NaN,
        "Selling And Marketing Expense": NaN,
        "General And Administrative Expense": NaN,
        "Insurance And Claims": NaN,
        "Salaries And Wages": NaN,
        "Total Revenue": NaN,
        "Operating Revenue": NaN,
        "Occupancy And Equipment": NaN,
        "Professional Expense And Contract Services Expense": NaN,
        "Other Non Interest Expense": NaN
    },
    "2023-03-31": {
        "Tax Effect Of Unusual Items": NaN,
        "Tax Rate For Calcs": NaN,
        "Total Unusual Items": NaN,
        "Total Unusual Items Excluding Goodwill": NaN,
        "Net Income From Continuing Operation Net Minority Interest": NaN,
        "Reconciled Depreciation": NaN,
        "Net Interest Income": NaN,
        "Interest Expense": NaN,
        "Interest Income": NaN,
        "Normalized Income": NaN,
        "Net Income From Continuing And Discontinued Operation": NaN,
        "Diluted Average Shares": NaN,
        "Basic Average Shares": NaN,
        "Diluted EPS": NaN,
        "Basic EPS": NaN,
        "Diluted NI Availto Com Stockholders": NaN,
        "Net Income Common Stockholders": NaN,
        "Otherunder Preferred Stock Dividend": 147000.0,
        "Net Income": NaN,
        "Net Income Including Noncontrolling Interests": NaN,
        "Net Income Continuous Operations": NaN,
        "Tax Provision": NaN,
        "Pretax Income": NaN,
        "Special Income Charges": NaN,
        "Other Special Charges": NaN,
        "Impairment Of Capital Assets": NaN,
        "Restructuring And Mergern Acquisition": NaN,
        "Gain On Sale Of Security": NaN,
        "Depreciation Amortization Depletion Income Statement": NaN,
        "Depreciation And Amortization In Income Statement": NaN,
        "Amortization": NaN,
        "Amortization Of Intangibles Income Statement": NaN,
        "Selling General And Administration": NaN,
        "Selling And Marketing Expense": NaN,
        "General And Administrative Expense": NaN,
        "Insurance And Claims": NaN,
        "Salaries And Wages": NaN,
        "Total Revenue": NaN,
        "Operating Revenue": NaN,
        "Occupancy And Equipment": NaN,
        "Professional Expense And Contract Services Expense": NaN,
        "Other Non Interest Expense": NaN
    },
    "2022-12-31": {
        "Tax Effect Of Unusual Items": NaN,
        "Tax Rate For Calcs": NaN,
        "Total Unusual Items": NaN,
        "Total Unusual Items Excluding Goodwill": NaN,
        "Net Income From Continuing Operation Net Minority Interest": NaN,
        "Reconciled Depreciation": NaN,
        "Net Interest Income": NaN,
        "Interest Expense": NaN,
        "Interest Income": NaN,
        "Normalized Income": NaN,
        "Net Income From Continuing And Discontinued Operation": NaN,
        "Diluted Average Shares": NaN,
        "Basic Average Shares": NaN,
        "Diluted EPS": NaN,
        "Basic EPS": NaN,
        "Diluted NI Availto Com Stockholders": NaN,
        "Net Income Common Stockholders": NaN,
        "Otherunder Preferred Stock Dividend": 140000.0,
        "Net Income": NaN,
        "Net Income Including Noncontrolling Interests": NaN,
        "Net Income Continuous Operations": NaN,
        "Tax Provision": NaN,
        "Pretax Income": NaN,
        "Special Income Charges": NaN,
        "Other Special Charges": NaN,
        "Impairment Of Capital Assets": 0.0,
        "Restructuring And Mergern Acquisition": NaN,
        "Gain On Sale Of Security": NaN,
        "Depreciation Amortization Depletion Income Statement": NaN,
        "Depreciation And Amortization In Income Statement": NaN,
        "Amortization": NaN,
        "Amortization Of Intangibles Income Statement": NaN,
        "Selling General And Administration": NaN,
        "Selling And Marketing Expense": NaN,
        "General And Administrative Expense": NaN,
        "Insurance And Claims": NaN,
        "Salaries And Wages": NaN,
        "Total Revenue": NaN,
        "Operating Revenue": NaN,
        "Occupancy And Equipment": NaN,
        "Professional Expense And Contract Services Expense": NaN,
        "Other Non Interest Expense": NaN
    },
    "2022-09-30": {
        "Tax Effect Of Unusual Items": NaN,
        "Tax Rate For Calcs": NaN,
        "Total Unusual Items": NaN,
        "Total Unusual Items Excluding Goodwill": NaN,
        "Net Income From Continuing Operation Net Minority Interest": NaN,
        "Reconciled Depreciation": NaN,
        "Net Interest Income": NaN,
        "Interest Expense": NaN,
        "Interest Income": NaN,
        "Normalized Income": NaN,
        "Net Income From Continuing And Discontinued Operation": NaN,
        "Diluted Average Shares": NaN,
        "Basic Average Shares": NaN,
        "Diluted EPS": NaN,
        "Basic EPS": NaN,
        "Diluted NI Availto Com Stockholders": NaN,
        "Net Income Common Stockholders": NaN,
        "Otherunder Preferred Stock Dividend": NaN,
        "Net Income": NaN,
        "Net Income Including Noncontrolling Interests": NaN,
        "Net Income Continuous Operations": NaN,
        "Tax Provision": NaN,
        "Pretax Income": NaN,
        "Special Income Charges": NaN,
        "Other Special Charges": NaN,
        "Impairment Of Capital Assets": 0.0,
        "Restructuring And Mergern Acquisition": NaN,
        "Gain On Sale Of Security": NaN,
        "Depreciation Amortization Depletion Income Statement": NaN,
        "Depreciation And Amortization In Income Statement": NaN,
        "Amortization": NaN,
        "Amortization Of Intangibles Income Statement": NaN,
        "Selling General And Administration": NaN,
        "Selling And Marketing Expense": NaN,
        "General And Administrative Expense": NaN,
        "Insurance And Claims": NaN,
        "Salaries And Wages": NaN,
        "Total Revenue": NaN,
        "Operating Revenue": NaN
    },
    "2022-06-30": {
        "Tax Effect Of Unusual Items": 0.0,
        "Tax Rate For Calcs": 0.191333,
        "Total Unusual Items": 0.0,
        "Total Unusual Items Excluding Goodwill": 0.0,
        "Net Income From Continuing Operation Net Minority Interest": 6699000.0,
        "Reconciled Depreciation": 172000.0,
        "Net Interest Income": 24729000.0,
        "Interest Expense": 2216000.0,
        "Interest Income": 26945000.0,
        "Normalized Income": 6699000.0,
        "Net Income From Continuing And Discontinued Operation": 6699000.0,
        "Diluted Average Shares": 7896210.0,
        "Basic Average Shares": 7776939.0,
        "Diluted EPS": 0.83,
        "Basic EPS": 0.84,
        "Diluted NI Availto Com Stockholders": 6699000.0,
        "Net Income Common Stockholders": 6699000.0,
        "Otherunder Preferred Stock Dividend": 138000.0,
        "Net Income": 6699000.0,
        "Net Income Including Noncontrolling Interests": 6699000.0,
        "Net Income Continuous Operations": 6699000.0,
        "Tax Provision": 1585000.0,
        "Pretax Income": 8284000.0,
        "Special Income Charges": 0.0,
        "Impairment Of Capital Assets": 0.0,
        "Restructuring And Mergern Acquisition": NaN,
        "Depreciation Amortization Depletion Income Statement": 172000.0,
        "Depreciation And Amortization In Income Statement": 172000.0,
        "Amortization": 172000.0,
        "Amortization Of Intangibles Income Statement": 172000.0,
        "Selling General And Administration": 12165000.0,
        "Selling And Marketing Expense": 244000.0,
        "General And Administrative Expense": 11921000.0,
        "Other Gand A": 3820000.0,
        "Insurance And Claims": 185000.0,
        "Salaries And Wages": 11736000.0,
        "Total Revenue": 28333000.0,
        "Operating Revenue": 28333000.0
    },
    "2022-03-31": {
        "Diluted EPS": 0.83,
        "Total Revenue": 31,
        "Gross Profit": 29,
        "Operating Income": 8,
        "EBIT": NaN,
        "Net Income": 7
    },
    "2021-12-31": {
        "Diluted EPS": 1.06,
        "Total Revenue": 33,
        "Gross Profit": 31,
        "Operating Income": 11,
        "EBIT": NaN,
        "Net Income": 8
    },
    "2021-09-30": {
        "Diluted EPS": 0.98,
        "Total Revenue": 33,
        "Gross Profit": 31,
        "Operating Income": 11,
        "EBIT": NaN,
        "Net Income": 8
    },
    "2021-06-30": {
        "Diluted EPS": 0.98,
        "Total Revenue": 32,
        "Gross Profit": 29,
        "Operating Income": 10,
        "EBIT": NaN,
        "Net Income": 8
    },
    "2021-03-31": {
        "Diluted EPS": 1.35,
        "Total Revenue": 36,
        "Gross Profit": 33,
        "Operating Income": 15,
        "EBIT": NaN,
        "Net Income": 12
    },
    "2020-12-31": {
        "Diluted EPS": 1.3,
        "Total Revenue": 38,
        "Gross Profit": 35,
        "Operating Income": 14,
        "EBIT": NaN,
        "Net Income": 11
    },
    "2020-09-30": {
        "Diluted EPS": 1.47,
        "Total Revenue": 40,
        "Gross Profit": 36,
        "Operating Income": 16,
        "EBIT": NaN,
        "Net Income": 13
    },
    "2020-06-30": {
        "Diluted EPS": 1.15,
        "Total Revenue": 36,
        "Gross Profit": 32,
        "Operating Income": 13,
        "EBIT": NaN,
        "Net Income": 10
    },
    "2020-03-31": {
        "Diluted EPS": 0.57,
        "Total Revenue": 31,
        "Gross Profit": 26,
        "Operating Income": 6,
        "EBIT": NaN,
        "Net Income": 5
    },
    "2019-12-31": {
        "Diluted EPS": 0.65,
        "Total Revenue": 28,
        "Gross Profit": 23,
        "Operating Income": 6,
        "EBIT": NaN,
        "Net Income": 6
    },
    "2019-09-30": {
        "Diluted EPS": 0.79,
        "Total Revenue": 29,
        "Gross Profit": 24,
        "Operating Income": 9,
        "EBIT": NaN,
        "Net Income": 7
    },
    "2019-06-30": {
        "Diluted EPS": 0.49,
        "Total Revenue": 28,
        "Gross Profit": 24,
        "Operating Income": 7,
        "EBIT": NaN,
        "Net Income": 4
    },
    "2019-03-31": {
        "Diluted EPS": 0.58,
        "Total Revenue": 27,
        "Gross Profit": 22,
        "Operating Income": 7,
        "EBIT": NaN,
        "Net Income": 5
    },
    "2018-12-31": {
        "Diluted EPS": 1.47,
        "Total Revenue": 31,
        "Gross Profit": 27,
        "Operating Income": 14,
        "EBIT": NaN,
        "Net Income": 12
    },
    "2018-09-30": {
        "Diluted EPS": 0.54,
        "Total Revenue": 20,
        "Gross Profit": 18,
        "Operating Income": 6,
        "EBIT": NaN,
        "Net Income": 4
    },
    "2018-06-30": {
        "Diluted EPS": 0.57,
        "Total Revenue": 20,
        "Gross Profit": 18,
        "Operating Income": 5,
        "EBIT": NaN,
        "Net Income": 4
    },
    "2018-03-31": {
        "Diluted EPS": 0.58,
        "Total Revenue": 18,
        "Gross Profit": 17,
        "Operating Income": 5,
        "EBIT": NaN,
        "Net Income": 4
    },
    "2017-12-31": {
        "Diluted EPS": 0.48,
        "Total Revenue": 18,
        "Gross Profit": 17,
        "Operating Income": 5,
        "EBIT": NaN,
        "Net Income": 4
    },
    "2017-09-30": {
        "Diluted EPS": 0.54,
        "Total Revenue": 19,
        "Gross Profit": 17,
        "Operating Income": 5,
        "EBIT": NaN,
        "Net Income": 3
    },
    "2017-06-30": {
        "Diluted EPS": 0.71,
        "Total Revenue": 18,
        "Gross Profit": 17,
        "Operating Income": 6,
        "EBIT": NaN,
        "Net Income": 4
    },
    "2017-03-31": {
        "Diluted EPS": 0.43,
        "Total Revenue": 15,
        "Gross Profit": 14,
        "Operating Income": 4,
        "EBIT": NaN,
        "Net Income": 3
    },
    "2016-12-31": {
        "Diluted EPS": 0.41,
        "Total Revenue": 16,
        "Gross Profit": 15,
        "Operating Income": 4,
        "EBIT": NaN,
        "Net Income": 3
    },
    "2016-09-30": {
        "Diluted EPS": 0.59,
        "Total Revenue": 17,
        "Gross Profit": 16,
        "Operating Income": 5,
        "EBIT": NaN,
        "Net Income": 3
    },
    "2016-06-30": {
        "Diluted EPS": 0.48,
        "Total Revenue": 16,
        "Gross Profit": 15,
        "Operating Income": 4,
        "EBIT": NaN,
        "Net Income": 3
    },
    "2016-03-31": {
        "Diluted EPS": 0.28,
        "Total Revenue": 13,
        "Gross Profit": 12,
        "Operating Income": 3,
        "EBIT": NaN,
        "Net Income": 2
    },
    "2015-12-31": {
        "Diluted EPS": 0.32,
        "Total Revenue": 13,
        "Gross Profit": 12,
        "Operating Income": 4,
        "EBIT": NaN,
        "Net Income": 2
    },
    "2015-09-30": {
        "Diluted EPS": 0.33,
        "Total Revenue": 12,
        "Gross Profit": 12,
        "Operating Income": 4,
        "EBIT": NaN,
        "Net Income": 2
    },
    "2015-06-30": {
        "Diluted EPS": 0.47,
        "Total Revenue": 13,
        "Gross Profit": 12,
        "Operating Income": 4,
        "EBIT": NaN,
        "Net Income": 3
    },
    "2015-03-31": {
        "Diluted EPS": 0.35,
        "Total Revenue": 11,
        "Gross Profit": 10,
        "Operating Income": 3,
        "EBIT": NaN,
        "Net Income": 2
    },
    "2014-12-31": {
        "Diluted EPS": 0.26,
        "Total Revenue": 10,
        "Gross Profit": 9,
        "Operating Income": 2,
        "EBIT": NaN,
        "Net Income": 2
    },
    "2014-09-30": {
        "Diluted EPS": 0.2,
        "Total Revenue": 9,
        "Gross Profit": 8,
        "Operating Income": 2,
        "EBIT": NaN,
        "Net Income": 1
    },
    "2014-06-30": {
        "Diluted EPS": 0.17,
        "Total Revenue": 8,
        "Gross Profit": 8,
        "Operating Income": 1,
        "EBIT": NaN,
        "Net Income": 1
    },
    "2014-03-31": {
        "Diluted EPS": 0.15,
        "Total Revenue": 8,
        "Gross Profit": 7,
        "Operating Income": 1,
        "EBIT": NaN,
        "Net Income": 1
    },
    "2013-12-31": {
        "Diluted EPS": 0.09,
        "Total Revenue": 7,
        "Gross Profit": 6,
        "Operating Income": 1,
        "EBIT": NaN,
        "Net Income": 1
    },
    "2013-09-30": {
        "Diluted EPS": 0.18,
        "Total Revenue": 8,
        "Gross Profit": 7,
        "Operating Income": 2,
        "EBIT": NaN,
        "Net Income": 1
    },
    "2013-06-30": {
        "Diluted EPS": 0.18,
        "Total Revenue": 8,
        "Gross Profit": 8,
        "Operating Income": 2,
        "EBIT": NaN,
        "Net Income": 1
    },
    "2013-03-31": {
        "Diluted EPS": 0.21,
        "Total Revenue": 7,
        "Gross Profit": 7,
        "Operating Income": 2,
        "EBIT": NaN,
        "Net Income": 1
    },
    "2012-12-31": {
        "Diluted EPS": 0.37,
        "Total Revenue": 8,
        "Gross Profit": 7,
        "Operating Income": 1,
        "EBIT": NaN,
        "Net Income": 1
    },
    "2012-09-30": {
        "Diluted EPS": 0.52,
        "Total Revenue": 6,
        "Gross Profit": 6,
        "Operating Income": 1,
        "EBIT": NaN,
        "Net Income": 3
    },
    "2012-06-30": {
        "Diluted EPS": 0.0,
        "Total Revenue": 6,
        "Gross Profit": 5,
        "Operating Income": 1,
        "EBIT": NaN,
        "Net Income": 1
    },
    "2012-03-31": {
        "Diluted EPS": 0.0,
        "Total Revenue": 5,
        "Gross Profit": 4,
        "Operating Income": 0,
        "EBIT": NaN,
        "Net Income": 0
    },
    "2011-12-31": {
        "Diluted EPS": 0.0,
        "Total Revenue": 5,
        "Gross Profit": 4,
        "Operating Income": -1,
        "EBIT": NaN,
        "Net Income": 0
    },
    "2011-09-30": {
        "Diluted EPS": 0.0,
        "Total Revenue": 5,
        "Gross Profit": 4,
        "Operating Income": 0,
        "EBIT": NaN,
        "Net Income": 0
    },
    "2011-06-30": {
        "Diluted EPS": 0.0,
        "Total Revenue": 5,
        "Gross Profit": 4,
        "Operating Income": 0,
        "EBIT": NaN,
        "Net Income": 0
    },
    "2011-03-31": {
        "Diluted EPS": 0.0,
        "Total Revenue": 5,
        "Gross Profit": 4,
        "Operating Income": 1,
        "EBIT": NaN,
        "Net Income": 1
    },
    "2023-09-30": {
        "Tax Effect Of Unusual Items": 0.0,
        "Tax Rate For Calcs": 0.220258,
        "Total Unusual Items": 0.0,
        "Total Unusual Items Excluding Goodwill": 0.0,
        "Net Income From Continuing Operation Net Minority Interest": 8953000.0,
        "Reconciled Depreciation": 3286000.0,
        "Net Interest Income": 30634000.0,
        "Interest Expense": 12636000.0,
        "Interest Income": 43270000.0,
        "Normalized Income": 8953000.0,
        "Net Income From Continuing And Discontinued Operation": 8953000.0,
        "Diluted Average Shares": 7780430.0,
        "Basic Average Shares": 7667981.0,
        "Diluted EPS": 1.13,
        "Basic EPS": 1.15,
        "Diluted NI Availto Com Stockholders": 8810000.0,
        "Net Income Common Stockholders": 8810000.0,
        "Otherunder Preferred Stock Dividend": 143000.0,
        "Net Income": 8953000.0,
        "Net Income Including Noncontrolling Interests": 8953000.0,
        "Net Income Continuous Operations": 8953000.0,
        "Tax Provision": 2529000.0,
        "Pretax Income": 11482000.0,
        "Special Income Charges": 0.0,
        "Other Special Charges": NaN,
        "Impairment Of Capital Assets": 0.0,
        "Restructuring And Mergern Acquisition": 0.0,
        "Gain On Sale Of Security": 0.0,
        "Depreciation Amortization Depletion Income Statement": 1002000.0,
        "Depreciation And Amortization In Income Statement": 1002000.0,
        "Amortization": 1002000.0,
        "Amortization Of Intangibles Income Statement": 1002000.0,
        "Selling General And Administration": 14516000.0,
        "Selling And Marketing Expense": 452000.0,
        "General And Administrative Expense": 14064000.0,
        "Insurance And Claims": 561000.0,
        "Salaries And Wages": 13503000.0,
        "Total Revenue": 35052000.0,
        "Operating Revenue": 35052000.0,
        "Occupancy And Equipment": 1588000.0,
        "Professional Expense And Contract Services Expense": 666000.0,
        "Other Non Interest Expense": 5250000.0
    },
    "2023-12-31": {
        "Tax Effect Of Unusual Items": 19079.165287,
        "Tax Rate For Calcs": 0.190792,
        "Total Unusual Items": 100000.0,
        "Total Unusual Items Excluding Goodwill": 100000.0,
        "Net Income From Continuing Operation Net Minority Interest": 9772000.0,
        "Reconciled Depreciation": 3144000.0,
        "Net Interest Income": 30455000.0,
        "Interest Expense": 13988000.0,
        "Interest Income": 44443000.0,
        "Normalized Income": 9691079.165287,
        "Net Income From Continuing And Discontinued Operation": 9772000.0,
        "Diluted Average Shares": 7795383.0,
        "Basic Average Shares": 7696429.0,
        "Diluted EPS": 1.23,
        "Basic EPS": 1.25,
        "Diluted NI Availto Com Stockholders": 9617000.0,
        "Net Income Common Stockholders": 9617000.0,
        "Otherunder Preferred Stock Dividend": 155000.0,
        "Net Income": 9772000.0,
        "Net Income Including Noncontrolling Interests": 9772000.0,
        "Net Income Continuous Operations": 9772000.0,
        "Tax Provision": 2304000.0,
        "Pretax Income": 12076000.0,
        "Special Income Charges": -48000.0,
        "Other Special Charges": NaN,
        "Impairment Of Capital Assets": NaN,
        "Restructuring And Mergern Acquisition": 0.0,
        "Gain On Sale Of Security": NaN,
        "Depreciation Amortization Depletion Income Statement": 980000.0,
        "Depreciation And Amortization In Income Statement": 980000.0,
        "Amortization": 980000.0,
        "Amortization Of Intangibles Income Statement": 980000.0,
        "Selling General And Administration": 13679000.0,
        "Selling And Marketing Expense": 277000.0,
        "General And Administrative Expense": 13402000.0,
        "Insurance And Claims": 660000.0,
        "Salaries And Wages": 12742000.0,
        "Total Revenue": 35562000.0,
        "Operating Revenue": 35562000.0,
        "Occupancy And Equipment": 1708000.0,
        "Professional Expense And Contract Services Expense": 583000.0,
        "Other Non Interest Expense": 5086000.0
    },
    "2024-03-31": {
        "Tax Effect Of Unusual Items": 1640644.0,
        "Tax Rate For Calcs": 0.202,
        "Total Unusual Items": 8122000.0,
        "Total Unusual Items Excluding Goodwill": 8122000.0,
        "Net Income From Continuing Operation Net Minority Interest": 8397000.0,
        "Reconciled Depreciation": 2835000.0,
        "Net Interest Income": 30346000.0,
        "Interest Expense": 14534000.0,
        "Interest Income": 44880000.0,
        "Normalized Income": 1915644.0,
        "Net Income From Continuing And Discontinued Operation": 8397000.0,
        "Diluted Average Shares": 7824460.0,
        "Basic Average Shares": 7703789.0,
        "Diluted EPS": 1.06,
        "Basic EPS": 1.07,
        "Diluted NI Availto Com Stockholders": 8266000.0,
        "Net Income Common Stockholders": 8266000.0,
        "Otherunder Preferred Stock Dividend": 131000.0,
        "Net Income": 8397000.0,
        "Net Income Including Noncontrolling Interests": 8397000.0,
        "Net Income Continuous Operations": 8397000.0,
        "Tax Provision": 2132000.0,
        "Pretax Income": 10529000.0,
        "Special Income Charges": 8122000.0,
        "Other Special Charges": -8215000.0,
        "Impairment Of Capital Assets": 93000.0,
        "Restructuring And Mergern Acquisition": 0.0,
        "Gain On Sale Of Security": -7998000.0,
        "Depreciation Amortization Depletion Income Statement": 941000.0,
        "Depreciation And Amortization In Income Statement": 941000.0,
        "Amortization": 941000.0,
        "Amortization Of Intangibles Income Statement": 941000.0,
        "Selling General And Administration": 14316000.0,
        "Selling And Marketing Expense": 227000.0,
        "General And Administrative Expense": 14089000.0,
        "Insurance And Claims": 532000.0,
        "Salaries And Wages": 13557000.0,
        "Total Revenue": 26657000.0,
        "Operating Revenue": 26657000.0,
        "Occupancy And Equipment": 1705000.0,
        "Professional Expense And Contract Services Expense": 923000.0,
        "Other Non Interest Expense": 4966000.0
    },
    "2024-06-30": {
        "Tax Effect Of Unusual Items": 11340.0,
        "Tax Rate For Calcs": 0.21,
        "Total Unusual Items": 54000.0,
        "Total Unusual Items Excluding Goodwill": 54000.0,
        "Net Income From Continuing Operation Net Minority Interest": 8959000.0,
        "Reconciled Depreciation": 2939000.0,
        "Net Interest Income": 30401000.0,
        "Interest Expense": 15539000.0,
        "Interest Income": 45940000.0,
        "Normalized Income": 8916340.0,
        "Net Income From Continuing And Discontinued Operation": 8959000.0,
        "Diluted Average Shares": 7796253.0,
        "Basic Average Shares": 7688246.0,
        "Diluted EPS": 1.13,
        "Basic EPS": 1.15,
        "Diluted NI Availto Com Stockholders": 8959000.0,
        "Net Income Common Stockholders": 8959000.0,
        "Otherunder Preferred Stock Dividend": NaN,
        "Net Income": 8959000.0,
        "Net Income Including Noncontrolling Interests": 8959000.0,
        "Net Income Continuous Operations": 8959000.0,
        "Tax Provision": 2376000.0,
        "Pretax Income": 11335000.0,
        "Special Income Charges": 54000.0,
        "Other Special Charges": NaN,
        "Impairment Of Capital Assets": -54000.0,
        "Restructuring And Mergern Acquisition": 0.0,
        "Gain On Sale Of Security": 151000.0,
        "Depreciation Amortization Depletion Income Statement": 919000.0,
        "Depreciation And Amortization In Income Statement": 919000.0,
        "Amortization": 919000.0,
        "Amortization Of Intangibles Income Statement": 919000.0,
        "Selling General And Administration": 14205000.0,
        "Selling And Marketing Expense": 377000.0,
        "General And Administrative Expense": 13828000.0,
        "Insurance And Claims": 450000.0,
        "Salaries And Wages": 13378000.0,
        "Total Revenue": 35616000.0,
        "Operating Revenue": 35616000.0,
        "Occupancy And Equipment": 1669000.0,
        "Professional Expense And Contract Services Expense": 888000.0,
        "Other Non Interest Expense": 5577000.0
    },
    "2024-09-30": {
        "Tax Effect Of Unusual Items": -76650.0,
        "Tax Rate For Calcs": 0.21,
        "Total Unusual Items": -365000.0,
        "Total Unusual Items Excluding Goodwill": -365000.0,
        "Net Income From Continuing Operation Net Minority Interest": 10286000.0,
        "Reconciled Depreciation": 2174000.0,
        "Net Interest Income": 31244000.0,
        "Interest Expense": 15799000.0,
        "Interest Income": 47043000.0,
        "Normalized Income": 10574350.0,
        "Net Income From Continuing And Discontinued Operation": 10286000.0,
        "Diluted Average Shares": 7854389.0,
        "Basic Average Shares": 7676102.0,
        "Diluted EPS": 1.29,
        "Basic EPS": 1.32,
        "Diluted NI Availto Com Stockholders": 10121000.0,
        "Net Income Common Stockholders": 10121000.0,
        "Otherunder Preferred Stock Dividend": 165000.0,
        "Net Income": 10286000.0,
        "Net Income Including Noncontrolling Interests": 10286000.0,
        "Net Income Continuous Operations": 10286000.0,
        "Tax Provision": -420000.0,
        "Pretax Income": 9866000.0,
        "Special Income Charges": -365000.0,
        "Other Special Charges": -141000.0,
        "Impairment Of Capital Assets": 506000.0,
        "Restructuring And Mergern Acquisition": 0.0,
        "Gain On Sale Of Security": 11000.0,
        "Depreciation Amortization Depletion Income Statement": 897000.0,
        "Depreciation And Amortization In Income Statement": 897000.0,
        "Amortization": 897000.0,
        "Amortization Of Intangibles Income Statement": 897000.0,
        "Selling General And Administration": 14895000.0,
        "Selling And Marketing Expense": 377000.0,
        "General And Administrative Expense": 14518000.0,
        "Insurance And Claims": 533000.0,
        "Salaries And Wages": 13985000.0,
        "Total Revenue": 36404000.0,
        "Operating Revenue": 36404000.0,
        "Occupancy And Equipment": 1662000.0,
        "Professional Expense And Contract Services Expense": 1223000.0,
        "Other Non Interest Expense": 5983000.0
    }
}