{
    "2023-06-30": {
        "Tax Effect Of Unusual Items": NaN,
        "Tax Rate For Calcs": NaN,
        "Total Unusual Items": 0.0,
        "Total Unusual Items Excluding Goodwill": 0.0,
        "Net Income From Continuing Operation Net Minority Interest": NaN,
        "Reconciled Depreciation": NaN,
        "Net Interest Income": NaN,
        "Interest Expense": NaN,
        "Interest Income": NaN,
        "Normalized Income": NaN,
        "Net Income From Continuing And Discontinued Operation": NaN,
        "Diluted Average Shares": 6819748.0,
        "Basic Average Shares": 6816608.0,
        "Diluted EPS": 0.34,
        "Basic EPS": 0.34,
        "Diluted NI Availto Com Stockholders": NaN,
        "Net Income Common Stockholders": NaN,
        "Net Income": NaN,
        "Net Income Including Noncontrolling Interests": NaN,
        "Net Income Continuous Operations": NaN,
        "Tax Provision": NaN,
        "Pretax Income": NaN,
        "Special Income Charges": 0.0,
        "Other Special Charges": NaN,
        "Gain On Sale Of Security": NaN,
        "Selling General And Administration": NaN,
        "Selling And Marketing Expense": NaN,
        "General And Administrative Expense": NaN,
        "Insurance And Claims": NaN,
        "Salaries And Wages": NaN,
        "Total Revenue": NaN,
        "Operating Revenue": NaN,
        "Occupancy And Equipment": NaN,
        "Professional Expense And Contract Services Expense": NaN,
        "Other Non Interest Expense": NaN
    },
    "2023-03-31": {
        "Tax Effect Of Unusual Items": NaN,
        "Tax Rate For Calcs": NaN,
        "Total Unusual Items": NaN,
        "Total Unusual Items Excluding Goodwill": NaN,
        "Net Income From Continuing Operation Net Minority Interest": NaN,
        "Reconciled Depreciation": NaN,
        "Net Interest Income": NaN,
        "Interest Expense": NaN,
        "Interest Income": NaN,
        "Normalized Income": NaN,
        "Net Income From Continuing And Discontinued Operation": NaN,
        "Diluted Average Shares": NaN,
        "Basic Average Shares": NaN,
        "Diluted EPS": NaN,
        "Basic EPS": NaN,
        "Diluted NI Availto Com Stockholders": NaN,
        "Net Income Common Stockholders": NaN,
        "Net Income": NaN,
        "Net Income Including Noncontrolling Interests": NaN,
        "Net Income Continuous Operations": NaN,
        "Tax Provision": NaN,
        "Pretax Income": NaN,
        "Special Income Charges": NaN,
        "Other Special Charges": -29000.0,
        "Gain On Sale Of Security": NaN,
        "Selling General And Administration": NaN,
        "Selling And Marketing Expense": NaN,
        "General And Administrative Expense": NaN,
        "Insurance And Claims": NaN,
        "Salaries And Wages": NaN,
        "Total Revenue": NaN,
        "Operating Revenue": NaN,
        "Occupancy And Equipment": NaN,
        "Professional Expense And Contract Services Expense": NaN,
        "Other Non Interest Expense": NaN
    },
    "2022-12-31": {
        "Tax Effect Of Unusual Items": NaN,
        "Tax Rate For Calcs": NaN,
        "Total Unusual Items": NaN,
        "Total Unusual Items Excluding Goodwill": NaN,
        "Net Income From Continuing Operation Net Minority Interest": NaN,
        "Reconciled Depreciation": 633000.0,
        "Net Interest Income": NaN,
        "Interest Expense": NaN,
        "Interest Income": NaN,
        "Normalized Income": NaN,
        "Net Income From Continuing And Discontinued Operation": NaN,
        "Diluted Average Shares": NaN,
        "Basic Average Shares": NaN,
        "Diluted EPS": NaN,
        "Basic EPS": NaN,
        "Diluted NI Availto Com Stockholders": NaN,
        "Net Income Common Stockholders": NaN,
        "Net Income": NaN,
        "Net Income Including Noncontrolling Interests": NaN,
        "Net Income Continuous Operations": NaN,
        "Tax Provision": NaN,
        "Pretax Income": NaN,
        "Special Income Charges": NaN,
        "Other Special Charges": NaN,
        "Gain On Sale Of Security": NaN,
        "Selling General And Administration": NaN,
        "Selling And Marketing Expense": NaN,
        "General And Administrative Expense": NaN,
        "Insurance And Claims": NaN,
        "Salaries And Wages": NaN,
        "Total Revenue": NaN,
        "Operating Revenue": NaN,
        "Occupancy And Equipment": NaN,
        "Professional Expense And Contract Services Expense": NaN,
        "Other Non Interest Expense": NaN
    },
    "2022-09-30": {
        "Tax Effect Of Unusual Items": NaN,
        "Tax Rate For Calcs": NaN,
        "Total Unusual Items": 0.0,
        "Total Unusual Items Excluding Goodwill": 0.0,
        "Net Income From Continuing Operation Net Minority Interest": NaN,
        "Reconciled Depreciation": NaN,
        "Net Interest Income": NaN,
        "Interest Expense": NaN,
        "Interest Income": NaN,
        "Normalized Income": NaN,
        "Net Income From Continuing And Discontinued Operation": NaN,
        "Diluted Average Shares": NaN,
        "Basic Average Shares": NaN,
        "Diluted EPS": NaN,
        "Basic EPS": NaN,
        "Diluted NI Availto Com Stockholders": NaN,
        "Net Income Common Stockholders": NaN,
        "Net Income": NaN,
        "Minority Interests": 0.0,
        "Net Income Including Noncontrolling Interests": NaN,
        "Net Income Continuous Operations": NaN,
        "Tax Provision": NaN,
        "Pretax Income": NaN,
        "Special Income Charges": 0.0,
        "Other Special Charges": NaN,
        "Gain On Sale Of Security": NaN,
        "Selling General And Administration": NaN,
        "Selling And Marketing Expense": NaN,
        "General And Administrative Expense": NaN,
        "Insurance And Claims": NaN,
        "Salaries And Wages": NaN,
        "Total Revenue": NaN,
        "Operating Revenue": NaN
    },
    "2022-06-30": {
        "Tax Effect Of Unusual Items": 0.0,
        "Tax Rate For Calcs": 0.4,
        "Total Unusual Items": 0.0,
        "Total Unusual Items Excluding Goodwill": 0.0,
        "Net Income From Continuing Operation Net Minority Interest": 2638000.0,
        "Reconciled Depreciation": 614000.0,
        "Net Interest Income": 15742000.0,
        "Interest Expense": 2568000.0,
        "Interest Income": 18310000.0,
        "Normalized Income": 2638000.0,
        "Net Income From Continuing And Discontinued Operation": 2638000.0,
        "Diluted Average Shares": 7145288.0,
        "Basic Average Shares": 7073204.0,
        "Diluted EPS": 0.37,
        "Basic EPS": 0.37,
        "Diluted NI Availto Com Stockholders": 2638000.0,
        "Net Income Common Stockholders": 2638000.0,
        "Net Income": 2638000.0,
        "Minority Interests": 0.0,
        "Net Income Including Noncontrolling Interests": 2638000.0,
        "Net Income Continuous Operations": 2638000.0,
        "Tax Provision": -61000.0,
        "Pretax Income": 2577000.0,
        "Special Income Charges": 0.0,
        "Other Special Charges": NaN,
        "Gain On Sale Of Security": 465000.0,
        "Selling General And Administration": 16142000.0,
        "Selling And Marketing Expense": 806000.0,
        "General And Administrative Expense": 15336000.0,
        "Other Gand A": 679000.0,
        "Insurance And Claims": 121000.0,
        "Salaries And Wages": 15215000.0,
        "Total Revenue": 25944000.0,
        "Operating Revenue": 25944000.0
    },
    "2022-03-31": {
        "Diluted EPS": 0.98,
        "Total Revenue": 36,
        "Gross Profit": 34,
        "Operating Income": 9,
        "EBIT": NaN,
        "Net Income": 7
    },
    "2021-12-31": {
        "Diluted EPS": 0.6,
        "Total Revenue": 32,
        "Gross Profit": 30,
        "Operating Income": 5,
        "EBIT": NaN,
        "Net Income": 4
    },
    "2021-09-30": {
        "Diluted EPS": 0.67,
        "Total Revenue": 33,
        "Gross Profit": 31,
        "Operating Income": 6,
        "EBIT": NaN,
        "Net Income": 5
    },
    "2021-06-30": {
        "Diluted EPS": 0.6,
        "Total Revenue": 35,
        "Gross Profit": 33,
        "Operating Income": 5,
        "EBIT": NaN,
        "Net Income": 4
    },
    "2021-03-31": {
        "Diluted EPS": 1.46,
        "Total Revenue": 56,
        "Gross Profit": 54,
        "Operating Income": 14,
        "EBIT": NaN,
        "Net Income": 10
    },
    "2020-12-31": {
        "Diluted EPS": 1.39,
        "Total Revenue": 62,
        "Gross Profit": 60,
        "Operating Income": 15,
        "EBIT": NaN,
        "Net Income": 10
    },
    "2020-09-30": {
        "Diluted EPS": 2.12,
        "Total Revenue": 73,
        "Gross Profit": 70,
        "Operating Income": 23,
        "EBIT": NaN,
        "Net Income": 15
    },
    "2020-06-30": {
        "Diluted EPS": 2.17,
        "Total Revenue": 62,
        "Gross Profit": 59,
        "Operating Income": 21,
        "EBIT": NaN,
        "Net Income": 15
    },
    "2020-03-31": {
        "Diluted EPS": -0.09,
        "Total Revenue": 25,
        "Gross Profit": 22,
        "Operating Income": -2,
        "EBIT": NaN,
        "Net Income": -1
    },
    "2019-12-31": {
        "Diluted EPS": 0.48,
        "Total Revenue": 32,
        "Gross Profit": 29,
        "Operating Income": 4,
        "EBIT": NaN,
        "Net Income": 3
    },
    "2019-09-30": {
        "Diluted EPS": 0.74,
        "Total Revenue": 32,
        "Gross Profit": 29,
        "Operating Income": 7,
        "EBIT": NaN,
        "Net Income": 5
    },
    "2019-06-30": {
        "Diluted EPS": 0.62,
        "Total Revenue": 26,
        "Gross Profit": 23,
        "Operating Income": 6,
        "EBIT": NaN,
        "Net Income": 4
    },
    "2019-03-31": {
        "Diluted EPS": 0.5,
        "Total Revenue": 19,
        "Gross Profit": 17,
        "Operating Income": 4,
        "EBIT": NaN,
        "Net Income": 4
    },
    "2018-12-31": {
        "Diluted EPS": 0.41,
        "Total Revenue": 18,
        "Gross Profit": 15,
        "Operating Income": 4,
        "EBIT": NaN,
        "Net Income": 3
    },
    "2018-09-30": {
        "Diluted EPS": 0.39,
        "Total Revenue": 16,
        "Gross Profit": 14,
        "Operating Income": 4,
        "EBIT": NaN,
        "Net Income": 3
    },
    "2018-06-30": {
        "Diluted EPS": 0.44,
        "Total Revenue": 14,
        "Gross Profit": 13,
        "Operating Income": 4,
        "EBIT": NaN,
        "Net Income": 3
    },
    "2018-03-31": {
        "Diluted EPS": 0.23,
        "Total Revenue": 13,
        "Gross Profit": 11,
        "Operating Income": 3,
        "EBIT": NaN,
        "Net Income": 2
    },
    "2017-12-31": {
        "Diluted EPS": 0.48,
        "Total Revenue": 12,
        "Gross Profit": 11,
        "Operating Income": 4,
        "EBIT": NaN,
        "Net Income": 3
    },
    "2017-09-30": {
        "Diluted EPS": 0.33,
        "Total Revenue": 12,
        "Gross Profit": 11,
        "Operating Income": 3,
        "EBIT": NaN,
        "Net Income": 2
    },
    "2017-06-30": {
        "Diluted EPS": 0.35,
        "Total Revenue": 11,
        "Gross Profit": 10,
        "Operating Income": 3,
        "EBIT": NaN,
        "Net Income": 2
    },
    "2017-03-31": {
        "Diluted EPS": 0.31,
        "Total Revenue": 10,
        "Gross Profit": 9,
        "Operating Income": 3,
        "EBIT": NaN,
        "Net Income": 2
    },
    "2016-12-31": {
        "Diluted EPS": 0.33,
        "Total Revenue": 10,
        "Gross Profit": 9,
        "Operating Income": 3,
        "EBIT": NaN,
        "Net Income": 2
    },
    "2016-09-30": {
        "Diluted EPS": 0.41,
        "Total Revenue": 11,
        "Gross Profit": 10,
        "Operating Income": 4,
        "EBIT": NaN,
        "Net Income": 3
    },
    "2016-06-30": {
        "Diluted EPS": 0.32,
        "Total Revenue": 5,
        "Gross Profit": 4,
        "Operating Income": -2,
        "EBIT": NaN,
        "Net Income": 2
    },
    "2016-03-31": {
        "Diluted EPS": 0.23,
        "Total Revenue": 8,
        "Gross Profit": 7,
        "Operating Income": 2,
        "EBIT": NaN,
        "Net Income": 2
    },
    "2015-12-31": {
        "Diluted EPS": 0.17,
        "Total Revenue": 9,
        "Gross Profit": 8,
        "Operating Income": 2,
        "EBIT": NaN,
        "Net Income": 1
    },
    "2015-09-30": {
        "Diluted EPS": 0.27,
        "Total Revenue": 9,
        "Gross Profit": 8,
        "Operating Income": 2,
        "EBIT": NaN,
        "Net Income": 2
    },
    "2015-06-30": {
        "Diluted EPS": 0.32,
        "Total Revenue": 9,
        "Gross Profit": 8,
        "Operating Income": 3,
        "EBIT": NaN,
        "Net Income": 2
    },
    "2015-03-31": {
        "Diluted EPS": 0.22,
        "Total Revenue": 8,
        "Gross Profit": 7,
        "Operating Income": 2,
        "EBIT": NaN,
        "Net Income": 1
    },
    "2014-12-31": {
        "Diluted EPS": 0.17,
        "Total Revenue": 8,
        "Gross Profit": 7,
        "Operating Income": 2,
        "EBIT": NaN,
        "Net Income": 1
    },
    "2014-09-30": {
        "Diluted EPS": 0.2,
        "Total Revenue": 8,
        "Gross Profit": 7,
        "Operating Income": 2,
        "EBIT": NaN,
        "Net Income": 1
    },
    "2014-06-30": {
        "Diluted EPS": 0.21,
        "Total Revenue": 8,
        "Gross Profit": 7,
        "Operating Income": 2,
        "EBIT": NaN,
        "Net Income": 1
    },
    "2014-03-31": {
        "Diluted EPS": 0.22,
        "Total Revenue": 8,
        "Gross Profit": 7,
        "Operating Income": 2,
        "EBIT": NaN,
        "Net Income": 1
    },
    "2013-12-31": {
        "Diluted EPS": 0.15,
        "Total Revenue": 8,
        "Gross Profit": 7,
        "Operating Income": 1,
        "EBIT": NaN,
        "Net Income": 1
    },
    "2013-09-30": {
        "Diluted EPS": 0.19,
        "Total Revenue": 8,
        "Gross Profit": 7,
        "Operating Income": 2,
        "EBIT": NaN,
        "Net Income": 1
    },
    "2013-06-30": {
        "Diluted EPS": 0.16,
        "Total Revenue": 8,
        "Gross Profit": 7,
        "Operating Income": 2,
        "EBIT": NaN,
        "Net Income": 1
    },
    "2013-03-31": {
        "Diluted EPS": 0.17,
        "Total Revenue": 8,
        "Gross Profit": 7,
        "Operating Income": 2,
        "EBIT": NaN,
        "Net Income": 1
    },
    "2012-12-31": {
        "Diluted EPS": 0.14,
        "Total Revenue": 8,
        "Gross Profit": 7,
        "Operating Income": 1,
        "EBIT": NaN,
        "Net Income": 1
    },
    "2012-09-30": {
        "Diluted EPS": 0.17,
        "Total Revenue": 8,
        "Gross Profit": 7,
        "Operating Income": 2,
        "EBIT": NaN,
        "Net Income": 1
    },
    "2012-06-30": {
        "Diluted EPS": 0.18,
        "Total Revenue": 8,
        "Gross Profit": 6,
        "Operating Income": 2,
        "EBIT": NaN,
        "Net Income": 1
    },
    "2012-03-31": {
        "Diluted EPS": 0.14,
        "Total Revenue": 7,
        "Gross Profit": 6,
        "Operating Income": 1,
        "EBIT": NaN,
        "Net Income": 1
    },
    "2011-12-31": {
        "Diluted EPS": 0.13,
        "Total Revenue": 7,
        "Gross Profit": 6,
        "Operating Income": 1,
        "EBIT": NaN,
        "Net Income": 1
    },
    "2011-09-30": {
        "Diluted EPS": 0.11,
        "Total Revenue": 8,
        "Gross Profit": 6,
        "Operating Income": 1,
        "EBIT": NaN,
        "Net Income": 1
    },
    "2011-06-30": {
        "Diluted EPS": 0.17,
        "Total Revenue": 7,
        "Gross Profit": 6,
        "Operating Income": 2,
        "EBIT": NaN,
        "Net Income": 1
    },
    "2011-03-31": {
        "Diluted EPS": 0.15,
        "Total Revenue": 7,
        "Gross Profit": 6,
        "Operating Income": 1,
        "EBIT": NaN,
        "Net Income": 1
    },
    "2010-12-31": {
        "Diluted EPS": 0.17,
        "Total Revenue": 7,
        "Gross Profit": 6,
        "Operating Income": 2,
        "EBIT": NaN,
        "Net Income": 1
    },
    "2010-09-30": {
        "Diluted EPS": 0.08,
        "Total Revenue": 8,
        "Gross Profit": 6,
        "Operating Income": 1,
        "EBIT": NaN,
        "Net Income": 1
    },
    "2010-06-30": {
        "Diluted EPS": 0.08,
        "Total Revenue": 7,
        "Gross Profit": 6,
        "Operating Income": 1,
        "EBIT": NaN,
        "Net Income": 1
    },
    "2010-03-31": {
        "Diluted EPS": 0.1,
        "Total Revenue": 7,
        "Gross Profit": 6,
        "Operating Income": 1,
        "EBIT": NaN,
        "Net Income": 1
    },
    "2009-12-31": {
        "Diluted EPS": 0.13,
        "Total Revenue": 7,
        "Gross Profit": 6,
        "Operating Income": 1,
        "EBIT": NaN,
        "Net Income": 1
    },
    "2009-09-30": {
        "Diluted EPS": 0.03,
        "Total Revenue": 4,
        "Gross Profit": 3,
        "Operating Income": 0,
        "EBIT": NaN,
        "Net Income": 0
    },
    "2009-06-30": {
        "Diluted EPS": 0.02,
        "Total Revenue": 4,
        "Gross Profit": 3,
        "Operating Income": 0,
        "EBIT": NaN,
        "Net Income": 0
    },
    "2009-03-31": {
        "Diluted EPS": 0.04,
        "Total Revenue": 3,
        "Gross Profit": 2,
        "Operating Income": 0,
        "EBIT": NaN,
        "Net Income": 0
    },
    "2023-09-30": {
        "Tax Effect Of Unusual Items": 4200.0,
        "Tax Rate For Calcs": 0.21,
        "Total Unusual Items": 20000.0,
        "Total Unusual Items Excluding Goodwill": 20000.0,
        "Net Income From Continuing Operation Net Minority Interest": -747000.0,
        "Reconciled Depreciation": 642000.0,
        "Net Interest Income": 15108000.0,
        "Interest Expense": 12601000.0,
        "Interest Income": 27709000.0,
        "Normalized Income": -762800.0,
        "Net Income From Continuing And Discontinued Operation": -747000.0,
        "Diluted Average Shares": 6837919.0,
        "Basic Average Shares": 6817365.0,
        "Diluted EPS": -0.11,
        "Basic EPS": -0.11,
        "Diluted NI Availto Com Stockholders": -747000.0,
        "Net Income Common Stockholders": -747000.0,
        "Net Income": -747000.0,
        "Net Income Including Noncontrolling Interests": -747000.0,
        "Net Income Continuous Operations": -747000.0,
        "Tax Provision": -737000.0,
        "Pretax Income": -1484000.0,
        "Special Income Charges": 20000.0,
        "Other Special Charges": -20000.0,
        "Gain On Sale Of Security": 0.0,
        "Selling General And Administration": 12761000.0,
        "Selling And Marketing Expense": 543000.0,
        "General And Administrative Expense": 12218000.0,
        "Insurance And Claims": 510000.0,
        "Salaries And Wages": 11708000.0,
        "Total Revenue": 20958000.0,
        "Operating Revenue": 20958000.0,
        "Occupancy And Equipment": 1881000.0,
        "Professional Expense And Contract Services Expense": 48000.0,
        "Other Non Interest Expense": 6957000.0
    },
    "2023-12-31": {
        "Tax Effect Of Unusual Items": 0.0,
        "Tax Rate For Calcs": 0.21,
        "Total Unusual Items": NaN,
        "Total Unusual Items Excluding Goodwill": NaN,
        "Net Income From Continuing Operation Net Minority Interest": 920000.0,
        "Reconciled Depreciation": 608000.0,
        "Net Interest Income": 14039000.0,
        "Interest Expense": 14542000.0,
        "Interest Income": 28581000.0,
        "Normalized Income": 920000.0,
        "Net Income From Continuing And Discontinued Operation": 920000.0,
        "Diluted Average Shares": 6839704.0,
        "Basic Average Shares": 6823948.0,
        "Diluted EPS": 0.13,
        "Basic EPS": 0.13,
        "Diluted NI Availto Com Stockholders": 920000.0,
        "Net Income Common Stockholders": 920000.0,
        "Net Income": 920000.0,
        "Net Income Including Noncontrolling Interests": 920000.0,
        "Net Income Continuous Operations": 920000.0,
        "Tax Provision": -476000.0,
        "Pretax Income": 444000.0,
        "Special Income Charges": NaN,
        "Other Special Charges": NaN,
        "Gain On Sale Of Security": 38000.0,
        "Selling General And Administration": 10467000.0,
        "Selling And Marketing Expense": 318000.0,
        "General And Administrative Expense": 10149000.0,
        "Insurance And Claims": 486000.0,
        "Salaries And Wages": 9663000.0,
        "Total Revenue": 16895000.0,
        "Operating Revenue": 16895000.0,
        "Occupancy And Equipment": 2041000.0,
        "Professional Expense And Contract Services Expense": 1079000.0,
        "Other Non Interest Expense": 2452000.0
    },
    "2024-03-31": {
        "Tax Effect Of Unusual Items": 17880.0,
        "Tax Rate For Calcs": 0.149,
        "Total Unusual Items": 120000.0,
        "Total Unusual Items Excluding Goodwill": 120000.0,
        "Net Income From Continuing Operation Net Minority Interest": 4927000.0,
        "Reconciled Depreciation": 593000.0,
        "Net Interest Income": 13839000.0,
        "Interest Expense": 15678000.0,
        "Interest Income": 29517000.0,
        "Normalized Income": 4824880.0,
        "Net Income From Continuing And Discontinued Operation": 4927000.0,
        "Diluted Average Shares": 6859611.0,
        "Basic Average Shares": 6832130.0,
        "Diluted EPS": 0.72,
        "Basic EPS": 0.72,
        "Diluted NI Availto Com Stockholders": 4927000.0,
        "Net Income Common Stockholders": 4927000.0,
        "Net Income": 4927000.0,
        "Net Income Including Noncontrolling Interests": 4927000.0,
        "Net Income Continuous Operations": 4927000.0,
        "Tax Provision": 866000.0,
        "Pretax Income": 5793000.0,
        "Special Income Charges": 120000.0,
        "Other Special Charges": -120000.0,
        "Gain On Sale Of Security": -17000.0,
        "Selling General And Administration": 8429000.0,
        "Selling And Marketing Expense": 212000.0,
        "General And Administrative Expense": 8217000.0,
        "Insurance And Claims": 628000.0,
        "Salaries And Wages": 7589000.0,
        "Total Revenue": 17905000.0,
        "Operating Revenue": 17905000.0,
        "Occupancy And Equipment": 1673000.0,
        "Professional Expense And Contract Services Expense": 501000.0,
        "Other Non Interest Expense": 1175000.0
    },
    "2024-06-30": {
        "Tax Effect Of Unusual Items": -212.0,
        "Tax Rate For Calcs": 0.106,
        "Total Unusual Items": -2000.0,
        "Total Unusual Items Excluding Goodwill": -2000.0,
        "Net Income From Continuing Operation Net Minority Interest": 4073000.0,
        "Reconciled Depreciation": 590000.0,
        "Net Interest Income": 14015000.0,
        "Interest Expense": 16560000.0,
        "Interest Income": 30575000.0,
        "Normalized Income": 4074788.0,
        "Net Income From Continuing And Discontinued Operation": 4073000.0,
        "Diluted Average Shares": 6834784.0,
        "Basic Average Shares": 6832452.0,
        "Diluted EPS": 0.6,
        "Basic EPS": 0.6,
        "Diluted NI Availto Com Stockholders": 4073000.0,
        "Net Income Common Stockholders": 4073000.0,
        "Net Income": 4073000.0,
        "Net Income Including Noncontrolling Interests": 4073000.0,
        "Net Income Continuous Operations": 4073000.0,
        "Tax Provision": 483000.0,
        "Pretax Income": 4556000.0,
        "Special Income Charges": 0.0,
        "Other Special Charges": NaN,
        "Gain On Sale Of Security": 335000.0,
        "Selling General And Administration": 8346000.0,
        "Selling And Marketing Expense": 265000.0,
        "General And Administrative Expense": 8081000.0,
        "Insurance And Claims": 601000.0,
        "Salaries And Wages": 7480000.0,
        "Total Revenue": 17644000.0,
        "Operating Revenue": 17644000.0,
        "Occupancy And Equipment": 1624000.0,
        "Professional Expense And Contract Services Expense": 575000.0,
        "Other Non Interest Expense": 1884000.0
    },
    "2024-09-30": {
        "Tax Effect Of Unusual Items": 227.927692,
        "Tax Rate For Calcs": 0.037988,
        "Total Unusual Items": 6000.0,
        "Total Unusual Items Excluding Goodwill": 6000.0,
        "Net Income From Continuing Operation Net Minority Interest": 3672000.0,
        "Reconciled Depreciation": 580000.0,
        "Net Interest Income": 14606000.0,
        "Interest Expense": 17146000.0,
        "Interest Income": 31752000.0,
        "Normalized Income": 3666227.927692,
        "Net Income From Continuing And Discontinued Operation": 3672000.0,
        "Diluted Average Shares": NaN,
        "Basic Average Shares": NaN,
        "Diluted EPS": NaN,
        "Basic EPS": NaN,
        "Diluted NI Availto Com Stockholders": 3672000.0,
        "Net Income Common Stockholders": 3672000.0,
        "Net Income": 3672000.0,
        "Net Income Including Noncontrolling Interests": 3672000.0,
        "Net Income Continuous Operations": 3672000.0,
        "Tax Provision": 145000.0,
        "Pretax Income": 3817000.0,
        "Special Income Charges": -4000.0,
        "Other Special Charges": 4000.0,
        "Gain On Sale Of Security": 135000.0,
        "Selling General And Administration": 8109000.0,
        "Selling And Marketing Expense": 416000.0,
        "General And Administrative Expense": 7693000.0,
        "Insurance And Claims": 439000.0,
        "Salaries And Wages": 7254000.0,
        "Total Revenue": 18040000.0,
        "Operating Revenue": 18040000.0,
        "Occupancy And Equipment": 1609000.0,
        "Professional Expense And Contract Services Expense": 932000.0,
        "Other Non Interest Expense": 2002000.0
    }
}