{
    "2023-06-30": {
        "Tax Effect Of Unusual Items": -3807452.838898,
        "Tax Rate For Calcs": 0.094932,
        "Normalized EBITDA": 301698000.0,
        "Total Unusual Items": -40107000.0,
        "Total Unusual Items Excluding Goodwill": -40107000.0,
        "Net Income From Continuing Operation Net Minority Interest": 170579000.0,
        "Reconciled Depreciation": 71705000.0,
        "Reconciled Cost Of Revenue": 500253000.0,
        "EBIT": 189886000.0,
        "Net Interest Income": 23611000.0,
        "Interest Expense": 1415000.0,
        "Interest Income": 25026000.0,
        "Normalized Income": 206878547.161102,
        "Net Income From Continuing And Discontinued Operation": 170579000.0,
        "Total Expenses": 606703000.0,
        "Total Operating Income As Reported": 168515000.0,
        "Diluted Average Shares": 107278000.0,
        "Basic Average Shares": 106827000.0,
        "Diluted EPS": 1.59,
        "Basic EPS": 1.6,
        "Diluted NI Availto Com Stockholders": 170579000.0,
        "Net Income Common Stockholders": 170579000.0,
        "Net Income": 170579000.0,
        "Net Income Including Noncontrolling Interests": 170579000.0,
        "Net Income Continuous Operations": 170579000.0,
        "Tax Provision": 17892000.0,
        "Pretax Income": 188471000.0,
        "Other Income Expense": -39110000.0,
        "Other Non Operating Income Expenses": 997000.0,
        "Special Income Charges": -35455000.0,
        "Gain On Sale Of Business": 135000.0,
        "Other Special Charges": 35590000.0,
        "Gain On Sale Of Security": -4652000.0,
        "Net Non Operating Interest Income Expense": 23611000.0,
        "Interest Expense Non Operating": 1415000.0,
        "Interest Income Non Operating": 25026000.0,
        "Operating Income": 203970000.0,
        "Operating Expense": 106450000.0,
        "Other Operating Expenses": 23377000.0,
        "Research And Development": 36745000.0,
        "Selling General And Administration": 46328000.0,
        "Gross Profit": 310420000.0,
        "Cost Of Revenue": 500253000.0,
        "Total Revenue": 810673000.0,
        "Operating Revenue": 810673000.0
    },
    "2023-03-31": {
        "Tax Effect Of Unusual Items": -2385600.0,
        "Tax Rate For Calcs": 0.4,
        "Normalized EBITDA": 111240000.0,
        "Total Unusual Items": -5964000.0,
        "Total Unusual Items Excluding Goodwill": -5964000.0,
        "Net Income From Continuing Operation Net Minority Interest": 42561000.0,
        "Reconciled Depreciation": 68855000.0,
        "Reconciled Cost Of Revenue": 436235000.0,
        "EBIT": 36421000.0,
        "Net Interest Income": 25074000.0,
        "Interest Expense": 748000.0,
        "Interest Income": 25822000.0,
        "Normalized Income": 46139400.0,
        "Net Income From Continuing And Discontinued Operation": 42561000.0,
        "Total Expenses": 530267000.0,
        "Total Operating Income As Reported": 18002000.0,
        "Diluted Average Shares": 107154000.0,
        "Basic Average Shares": 106675000.0,
        "Diluted EPS": 0.4,
        "Basic EPS": 0.4,
        "Diluted NI Availto Com Stockholders": 42561000.0,
        "Net Income Common Stockholders": 42561000.0,
        "Net Income": 42561000.0,
        "Net Income Including Noncontrolling Interests": 42561000.0,
        "Net Income Continuous Operations": 42561000.0,
        "Tax Provision": -6888000.0,
        "Pretax Income": 35673000.0,
        "Other Income Expense": -7420000.0,
        "Other Non Operating Income Expenses": -1456000.0,
        "Special Income Charges": -17000.0,
        "Gain On Sale Of Business": -17000.0,
        "Other Special Charges": NaN,
        "Gain On Sale Of Security": -5947000.0,
        "Net Non Operating Interest Income Expense": 25074000.0,
        "Interest Expense Non Operating": 748000.0,
        "Interest Income Non Operating": 25822000.0,
        "Operating Income": 18019000.0,
        "Operating Expense": 94032000.0,
        "Other Operating Expenses": 19494000.0,
        "Research And Development": 30510000.0,
        "Selling General And Administration": 44028000.0,
        "Gross Profit": 112051000.0,
        "Cost Of Revenue": 436235000.0,
        "Total Revenue": 548286000.0,
        "Operating Revenue": 548286000.0
    },
    "2022-12-31": {
        "Tax Effect Of Unusual Items": -1653600.0,
        "Tax Rate For Calcs": 0.4,
        "Normalized EBITDA": 695000.0,
        "Total Unusual Items": -4134000.0,
        "Total Unusual Items Excluding Goodwill": -4134000.0,
        "Net Income From Continuing Operation Net Minority Interest": -7548000.0,
        "Reconciled Depreciation": 70541000.0,
        "Reconciled Cost Of Revenue": 941778000.0,
        "EBIT": -3439000.0,
        "Net Interest Income": 15197000.0,
        "Interest Expense": 3133000.0,
        "Interest Income": 18330000.0,
        "Normalized Income": -5067600.0,
        "Net Income From Continuing And Discontinued Operation": -7548000.0,
        "Total Expenses": 1048536000.0,
        "Total Operating Income As Reported": -45906000.0,
        "Diluted Average Shares": 106606000.0,
        "Basic Average Shares": 106606000.0,
        "Diluted EPS": -0.07,
        "Basic EPS": -0.07,
        "Diluted NI Availto Com Stockholders": -7548000.0,
        "Net Income Common Stockholders": -7548000.0,
        "Net Income": -7548000.0,
        "Net Income Including Noncontrolling Interests": -7548000.0,
        "Net Income Continuous Operations": -7548000.0,
        "Tax Provision": 976000.0,
        "Pretax Income": -6572000.0,
        "Other Income Expense": 24376000.0,
        "Other Non Operating Income Expenses": 28510000.0,
        "Special Income Charges": 239000.0,
        "Gain On Sale Of Business": 239000.0,
        "Other Special Charges": NaN,
        "Gain On Sale Of Security": -4373000.0,
        "Net Non Operating Interest Income Expense": 15197000.0,
        "Interest Expense Non Operating": 3133000.0,
        "Interest Income Non Operating": 18330000.0,
        "Operating Income": -46145000.0,
        "Operating Expense": 106758000.0,
        "Other Operating Expenses": 32740000.0,
        "Research And Development": 31284000.0,
        "Selling General And Administration": 42734000.0,
        "Gross Profit": 60613000.0,
        "Cost Of Revenue": 941778000.0,
        "Total Revenue": 1002391000.0,
        "Operating Revenue": 1002391000.0
    },
    "2022-09-30": {
        "Tax Effect Of Unusual Items": 228210.116732,
        "Tax Rate For Calcs": 0.202853,
        "Normalized EBITDA": -59814000.0,
        "Total Unusual Items": 1125000.0,
        "Total Unusual Items Excluding Goodwill": 1125000.0,
        "Net Income From Continuing Operation Net Minority Interest": -49168000.0,
        "Reconciled Depreciation": 67423000.0,
        "Reconciled Cost Of Revenue": 607951000.0,
        "EBIT": -58689000.0,
        "Net Interest Income": 6758000.0,
        "Interest Expense": 2991000.0,
        "Interest Income": 9749000.0,
        "Normalized Income": -50064789.883268,
        "Net Income From Continuing And Discontinued Operation": -49168000.0,
        "Total Expenses": 703270000.0,
        "Total Operating Income As Reported": -68353000.0,
        "Diluted Average Shares": 106596000.0,
        "Basic Average Shares": 106596000.0,
        "Diluted EPS": -0.46,
        "Basic EPS": -0.46,
        "Diluted NI Availto Com Stockholders": -49168000.0,
        "Net Income Common Stockholders": -49168000.0,
        "Net Income": -49168000.0,
        "Net Income Including Noncontrolling Interests": -49168000.0,
        "Net Income Continuous Operations": -49168000.0,
        "Tax Provision": -12512000.0,
        "Pretax Income": -61680000.0,
        "Other Income Expense": 5899000.0,
        "Other Non Operating Income Expenses": 4774000.0,
        "Special Income Charges": 5984000.0,
        "Gain On Sale Of Business": 5984000.0,
        "Other Special Charges": NaN,
        "Gain On Sale Of Security": -4859000.0,
        "Net Non Operating Interest Income Expense": 6758000.0,
        "Interest Expense Non Operating": 2991000.0,
        "Interest Income Non Operating": 9749000.0,
        "Operating Income": -74337000.0,
        "Operating Expense": 95319000.0,
        "Other Operating Expenses": 19768000.0,
        "Research And Development": 29183000.0,
        "Selling General And Administration": 46368000.0,
        "Gross Profit": 20982000.0,
        "Cost Of Revenue": 607951000.0,
        "Total Revenue": 628933000.0,
        "Operating Revenue": 628933000.0
    },
    "2022-06-30": {
        "Tax Effect Of Unusual Items": 96958800.0,
        "Tax Rate For Calcs": 0.4,
        "Normalized EBITDA": -99557000.0,
        "Total Unusual Items": 242397000.0,
        "Total Unusual Items Excluding Goodwill": 242397000.0,
        "Net Income From Continuing Operation Net Minority Interest": 55805000.0,
        "Reconciled Depreciation": 66553000.0,
        "Reconciled Cost Of Revenue": 644155000.0,
        "EBIT": 142840000.0,
        "Net Interest Income": -356000.0,
        "Interest Expense": 3236000.0,
        "Interest Income": 2880000.0,
        "Normalized Income": -89633200.0,
        "Net Income From Continuing And Discontinued Operation": 55805000.0,
        "Total Expenses": 721509000.0,
        "Total Operating Income As Reported": 144827000.0,
        "Diluted Average Shares": 107056000.0,
        "Basic Average Shares": 106586000.0,
        "Diluted EPS": 0.52,
        "Basic EPS": 0.52,
        "Diluted NI Availto Com Stockholders": 55805000.0,
        "Net Income Common Stockholders": 55805000.0,
        "Net Income": 55805000.0,
        "Net Income Including Noncontrolling Interests": 55805000.0,
        "Net Income Continuous Operations": 55805000.0,
        "Tax Provision": 83799000.0,
        "Pretax Income": 139604000.0,
        "Other Income Expense": 240514000.0,
        "Other Non Operating Income Expenses": -1883000.0,
        "Special Income Charges": 245381000.0,
        "Gain On Sale Of Business": 245381000.0,
        "Other Special Charges": NaN,
        "Gain On Sale Of Security": -2984000.0,
        "Net Non Operating Interest Income Expense": -356000.0,
        "Interest Expense Non Operating": 3236000.0,
        "Interest Income Non Operating": 2880000.0,
        "Operating Income": -100554000.0,
        "Operating Expense": 77354000.0,
        "Other Operating Expenses": 13231000.0,
        "Research And Development": 25229000.0,
        "Selling General And Administration": 38894000.0,
        "Gross Profit": -23200000.0,
        "Cost Of Revenue": 644155000.0,
        "Total Revenue": 620955000.0,
        "Operating Revenue": 620955000.0
    },
    "2022-03-31": {
        "Diluted EPS": -0.41,
        "Total Revenue": 367,
        "Gross Profit": 11,
        "Operating Income": -58,
        "EBIT": 7,
        "Net Income": -43
    },
    "2021-12-31": {
        "Diluted EPS": 1.23,
        "Total Revenue": 907,
        "Gross Profit": 246,
        "Operating Income": 173,
        "EBIT": 238,
        "Net Income": 131
    },
    "2021-09-30": {
        "Diluted EPS": 0.42,
        "Total Revenue": 584,
        "Gross Profit": 125,
        "Operating Income": 51,
        "EBIT": 117,
        "Net Income": 45
    },
    "2021-06-30": {
        "Diluted EPS": 0.77,
        "Total Revenue": 629,
        "Gross Profit": 174,
        "Operating Income": 110,
        "EBIT": 176,
        "Net Income": 82
    },
    "2021-03-31": {
        "Diluted EPS": 1.96,
        "Total Revenue": 803,
        "Gross Profit": 185,
        "Operating Income": 252,
        "EBIT": 316,
        "Net Income": 210
    },
    "2020-12-31": {
        "Diluted EPS": 1.08,
        "Total Revenue": 609,
        "Gross Profit": 160,
        "Operating Income": 58,
        "EBIT": 117,
        "Net Income": 116
    },
    "2020-09-30": {
        "Diluted EPS": 1.45,
        "Total Revenue": 928,
        "Gross Profit": 293,
        "Operating Income": 207,
        "EBIT": 267,
        "Net Income": 155
    },
    "2020-06-30": {
        "Diluted EPS": 0.35,
        "Total Revenue": 642,
        "Gross Profit": 137,
        "Operating Income": 51,
        "EBIT": 108,
        "Net Income": 37
    },
    "2020-03-31": {
        "Diluted EPS": 0.85,
        "Total Revenue": 532,
        "Gross Profit": 90,
        "Operating Income": 2,
        "EBIT": 58,
        "Net Income": 91
    },
    "2019-12-31": {
        "Diluted EPS": -0.56,
        "Total Revenue": NaN,
        "Gross Profit": 334,
        "Operating Income": -118,
        "EBIT": -62,
        "Net Income": -59
    },
    "2019-09-30": {
        "Diluted EPS": 0.29,
        "Total Revenue": 547,
        "Gross Profit": 138,
        "Operating Income": 41,
        "EBIT": 92,
        "Net Income": 31
    },
    "2019-06-30": {
        "Diluted EPS": -0.18,
        "Total Revenue": 585,
        "Gross Profit": 77,
        "Operating Income": -9,
        "EBIT": 41,
        "Net Income": -19
    },
    "2019-03-31": {
        "Diluted EPS": -0.64,
        "Total Revenue": 532,
        "Gross Profit": 0,
        "Operating Income": -77,
        "EBIT": -28,
        "Net Income": -68
    },
    "2018-12-31": {
        "Diluted EPS": 0.5,
        "Total Revenue": 691,
        "Gross Profit": 98,
        "Operating Income": 11,
        "EBIT": 53,
        "Net Income": 52
    },
    "2018-09-30": {
        "Diluted EPS": 0.54,
        "Total Revenue": 676,
        "Gross Profit": 129,
        "Operating Income": 58,
        "EBIT": 93,
        "Net Income": 58
    },
    "2018-06-30": {
        "Diluted EPS": -0.46,
        "Total Revenue": 309,
        "Gross Profit": -8,
        "Operating Income": -104,
        "EBIT": -73,
        "Net Income": -48
    },
    "2018-03-31": {
        "Diluted EPS": 0.78,
        "Total Revenue": 567,
        "Gross Profit": 173,
        "Operating Income": 74,
        "EBIT": 99,
        "Net Income": 83
    },
    "2017-12-31": {
        "Diluted EPS": -4.13,
        "Total Revenue": 339,
        "Gross Profit": 62,
        "Operating Income": -35,
        "EBIT": -9,
        "Net Income": -432
    },
    "2017-09-30": {
        "Diluted EPS": 1.95,
        "Total Revenue": NaN,
        "Gross Profit": 292,
        "Operating Income": 207,
        "EBIT": 236,
        "Net Income": 206
    },
    "2017-06-30": {
        "Diluted EPS": 0.5,
        "Total Revenue": 623,
        "Gross Profit": 111,
        "Operating Income": 14,
        "EBIT": 42,
        "Net Income": 52
    },
    "2017-03-31": {
        "Diluted EPS": 0.09,
        "Total Revenue": 892,
        "Gross Profit": 84,
        "Operating Income": -8,
        "EBIT": 25,
        "Net Income": 9
    },
    "2016-12-31": {
        "Diluted EPS": -7.29,
        "Total Revenue": 331,
        "Gross Profit": 8,
        "Operating Income": -821,
        "EBIT": -762,
        "Net Income": -751
    },
    "2016-09-30": {
        "Diluted EPS": 1.45,
        "Total Revenue": 681,
        "Gross Profit": 171,
        "Operating Income": 73,
        "EBIT": 130,
        "Net Income": 150
    },
    "2016-06-30": {
        "Diluted EPS": -0.11,
        "Total Revenue": NaN,
        "Gross Profit": 182,
        "Operating Income": 0,
        "EBIT": 56,
        "Net Income": -11
    },
    "2016-03-31": {
        "Diluted EPS": 1.9,
        "Total Revenue": 876,
        "Gross Profit": 278,
        "Operating Income": 180,
        "EBIT": 238,
        "Net Income": 196
    },
    "2015-12-31": {
        "Diluted EPS": 2.11,
        "Total Revenue": NaN,
        "Gross Profit": 445,
        "Operating Income": 345,
        "EBIT": 409,
        "Net Income": 211
    },
    "2015-09-30": {
        "Diluted EPS": 3.41,
        "Total Revenue": NaN,
        "Gross Profit": 484,
        "Operating Income": 398,
        "EBIT": 463,
        "Net Income": 349
    },
    "2015-06-30": {
        "Diluted EPS": 0.92,
        "Total Revenue": 896,
        "Gross Profit": 164,
        "Operating Income": 57,
        "EBIT": 123,
        "Net Income": 94
    },
    "2015-03-31": {
        "Diluted EPS": -0.61,
        "Total Revenue": 469,
        "Gross Profit": 39,
        "Operating Income": -70,
        "EBIT": -7,
        "Net Income": -61
    },
    "2014-12-31": {
        "Diluted EPS": 1.87,
        "Total Revenue": NaN,
        "Gross Profit": 306,
        "Operating Income": 197,
        "EBIT": 260,
        "Net Income": 190
    },
    "2014-09-30": {
        "Diluted EPS": 0.89,
        "Total Revenue": 890,
        "Gross Profit": 189,
        "Operating Income": 84,
        "EBIT": 144,
        "Net Income": 90
    },
    "2014-06-30": {
        "Diluted EPS": 0.04,
        "Total Revenue": 544,
        "Gross Profit": 93,
        "Operating Income": 2,
        "EBIT": 65,
        "Net Income": 5
    },
    "2014-03-31": {
        "Diluted EPS": 1.1,
        "Total Revenue": 950,
        "Gross Profit": 237,
        "Operating Income": 139,
        "EBIT": 200,
        "Net Income": 112
    },
    "2013-12-31": {
        "Diluted EPS": 0.7,
        "Total Revenue": 769,
        "Gross Profit": 191,
        "Operating Income": 62,
        "EBIT": 124,
        "Net Income": 63
    },
    "2013-09-30": {
        "Diluted EPS": 1.94,
        "Total Revenue": NaN,
        "Gross Profit": 364,
        "Operating Income": 208,
        "EBIT": 268,
        "Net Income": 195
    },
    "2013-06-30": {
        "Diluted EPS": 0.37,
        "Total Revenue": 520,
        "Gross Profit": 140,
        "Operating Income": 39,
        "EBIT": 96,
        "Net Income": 34
    },
    "2013-03-31": {
        "Diluted EPS": 0.66,
        "Total Revenue": 755,
        "Gross Profit": 169,
        "Operating Income": 61,
        "EBIT": 118,
        "Net Income": 59
    },
    "2012-12-31": {
        "Diluted EPS": 1.82,
        "Total Revenue": NaN,
        "Gross Profit": 294,
        "Operating Income": 172,
        "EBIT": 233,
        "Net Income": 154
    },
    "2012-09-30": {
        "Diluted EPS": 1.0,
        "Total Revenue": 839,
        "Gross Profit": 239,
        "Operating Income": 107,
        "EBIT": 171,
        "Net Income": 88
    },
    "2012-06-30": {
        "Diluted EPS": 1.27,
        "Total Revenue": 957,
        "Gross Profit": 244,
        "Operating Income": 140,
        "EBIT": 205,
        "Net Income": 111
    },
    "2012-03-31": {
        "Diluted EPS": -5.2,
        "Total Revenue": 497,
        "Gross Profit": 77,
        "Operating Income": -456,
        "EBIT": -383,
        "Net Income": -449
    },
    "2011-12-31": {
        "Diluted EPS": -4.74,
        "Total Revenue": 660,
        "Gross Profit": 138,
        "Operating Income": -485,
        "EBIT": -23,
        "Net Income": -413
    },
    "2011-09-30": {
        "Diluted EPS": 2.25,
        "Total Revenue": NaN,
        "Gross Profit": 379,
        "Operating Income": 223,
        "EBIT": 285,
        "Net Income": 197
    },
    "2011-06-30": {
        "Diluted EPS": 0.7,
        "Total Revenue": 533,
        "Gross Profit": 195,
        "Operating Income": 65,
        "EBIT": 121,
        "Net Income": 61
    },
    "2011-03-31": {
        "Diluted EPS": 1.33,
        "Total Revenue": 567,
        "Gross Profit": 260,
        "Operating Income": 129,
        "EBIT": 178,
        "Net Income": 116
    },
    "2010-12-31": {
        "Diluted EPS": 1.8,
        "Total Revenue": 610,
        "Gross Profit": 297,
        "Operating Income": 166,
        "EBIT": 209,
        "Net Income": 156
    },
    "2010-09-30": {
        "Diluted EPS": 2.04,
        "Total Revenue": 798,
        "Gross Profit": 322,
        "Operating Income": 212,
        "EBIT": 247,
        "Net Income": 177
    },
    "2010-06-30": {
        "Diluted EPS": 1.84,
        "Total Revenue": 588,
        "Gross Profit": 284,
        "Operating Income": 180,
        "EBIT": 219,
        "Net Income": 159
    },
    "2010-03-31": {
        "Diluted EPS": 2.0,
        "Total Revenue": 568,
        "Gross Profit": 282,
        "Operating Income": 191,
        "EBIT": 230,
        "Net Income": 172
    },
    "2009-12-31": {
        "Diluted EPS": 1.64,
        "Total Revenue": 641,
        "Gross Profit": 266,
        "Operating Income": 145,
        "EBIT": 184,
        "Net Income": 142
    },
    "2009-09-30": {
        "Diluted EPS": 1.79,
        "Total Revenue": 481,
        "Gross Profit": 245,
        "Operating Income": 163,
        "EBIT": 197,
        "Net Income": 153
    },
    "2009-06-30": {
        "Diluted EPS": 2.11,
        "Total Revenue": 526,
        "Gross Profit": 298,
        "Operating Income": 204,
        "EBIT": 234,
        "Net Income": 181
    },
    "2009-03-31": {
        "Diluted EPS": 1.99,
        "Total Revenue": 418,
        "Gross Profit": 235,
        "Operating Income": 168,
        "EBIT": 194,
        "Net Income": 165
    }
}