{
    "2023-03-31": {
        "Tax Effect Of Unusual Items": 0.0,
        "Tax Rate For Calcs": 0.21,
        "Normalized EBITDA": -26124000.0,
        "Total Unusual Items": NaN,
        "Total Unusual Items Excluding Goodwill": NaN,
        "Net Income From Continuing Operation Net Minority Interest": -44687000.0,
        "Reconciled Depreciation": 17215000.0,
        "Reconciled Cost Of Revenue": 57310000.0,
        "EBITDA": -26124000.0,
        "EBIT": -43339000.0,
        "Net Interest Income": 2973000.0,
        "Interest Expense": 1213000.0,
        "Interest Income": 4186000.0,
        "Normalized Income": -44687000.0,
        "Net Income From Continuing And Discontinued Operation": -44687000.0,
        "Total Expenses": 164839000.0,
        "Total Operating Income As Reported": -47275000.0,
        "Diluted Average Shares": 125418000.0,
        "Basic Average Shares": 125418000.0,
        "Diluted EPS": -0.36,
        "Basic EPS": -0.36,
        "Diluted NI Availto Com Stockholders": -44687000.0,
        "Net Income Common Stockholders": -44687000.0,
        "Net Income": -44687000.0,
        "Net Income Including Noncontrolling Interests": -44687000.0,
        "Net Income Continuous Operations": -44687000.0,
        "Tax Provision": 135000.0,
        "Pretax Income": -44552000.0,
        "Other Income Expense": -250000.0,
        "Other Non Operating Income Expenses": -250000.0,
        "Special Income Charges": NaN,
        "Other Special Charges": NaN,
        "Net Non Operating Interest Income Expense": 2973000.0,
        "Interest Expense Non Operating": 1213000.0,
        "Interest Income Non Operating": 4186000.0,
        "Operating Income": -47275000.0,
        "Operating Expense": 107529000.0,
        "Research And Development": 37431000.0,
        "Selling General And Administration": 70098000.0,
        "Selling And Marketing Expense": 44271000.0,
        "General And Administrative Expense": 25827000.0,
        "Other Gand A": 25827000.0,
        "Salaries And Wages": NaN,
        "Gross Profit": 60254000.0,
        "Cost Of Revenue": 57310000.0,
        "Total Revenue": 117564000.0,
        "Operating Revenue": 117564000.0
    },
    "2022-12-31": {
        "Tax Effect Of Unusual Items": 0.0,
        "Tax Rate For Calcs": 0.004757,
        "Normalized EBITDA": -28569000.0,
        "Total Unusual Items": 0.0,
        "Total Unusual Items Excluding Goodwill": 0.0,
        "Net Income From Continuing Operation Net Minority Interest": -46653000.0,
        "Reconciled Depreciation": 16953000.0,
        "Reconciled Cost Of Revenue": 56738000.0,
        "EBITDA": -28569000.0,
        "EBIT": -45522000.0,
        "Net Interest Income": 1540000.0,
        "Interest Expense": 1354000.0,
        "Interest Income": 2894000.0,
        "Normalized Income": -46653000.0,
        "Net Income From Continuing And Discontinued Operation": -46653000.0,
        "Total Expenses": 167783000.0,
        "Total Operating Income As Reported": -48462000.0,
        "Diluted Average Shares": 123587000.0,
        "Basic Average Shares": 123587000.0,
        "Diluted EPS": -0.38,
        "Basic EPS": -0.38,
        "Diluted NI Availto Com Stockholders": -46653000.0,
        "Net Income Common Stockholders": -46653000.0,
        "Net Income": -46653000.0,
        "Net Income Including Noncontrolling Interests": -46653000.0,
        "Net Income Continuous Operations": -46653000.0,
        "Tax Provision": -223000.0,
        "Pretax Income": -46876000.0,
        "Other Income Expense": 46000.0,
        "Other Non Operating Income Expenses": 46000.0,
        "Special Income Charges": 0.0,
        "Other Special Charges": 0.0,
        "Net Non Operating Interest Income Expense": 1540000.0,
        "Interest Expense Non Operating": 1354000.0,
        "Interest Income Non Operating": 2894000.0,
        "Operating Income": -48462000.0,
        "Operating Expense": 111045000.0,
        "Research And Development": 37197000.0,
        "Selling General And Administration": 73848000.0,
        "Selling And Marketing Expense": 44623000.0,
        "General And Administrative Expense": 29225000.0,
        "Other Gand A": 29225000.0,
        "Salaries And Wages": NaN,
        "Gross Profit": 62583000.0,
        "Cost Of Revenue": 56738000.0,
        "Total Revenue": 119321000.0,
        "Operating Revenue": 119321000.0
    },
    "2022-09-30": {
        "Tax Effect Of Unusual Items": 0.0,
        "Tax Rate For Calcs": 0.21,
        "Normalized EBITDA": -37262000.0,
        "Total Unusual Items": 0.0,
        "Total Unusual Items Excluding Goodwill": 0.0,
        "Net Income From Continuing Operation Net Minority Interest": -63420000.0,
        "Reconciled Depreciation": 24659000.0,
        "Reconciled Cost Of Revenue": 55825000.0,
        "EBITDA": -37262000.0,
        "EBIT": -61921000.0,
        "Net Interest Income": 586000.0,
        "Interest Expense": 1381000.0,
        "Interest Income": 1967000.0,
        "Normalized Income": -63420000.0,
        "Net Income From Continuing And Discontinued Operation": -63420000.0,
        "Total Expenses": 174269000.0,
        "Total Operating Income As Reported": -65765000.0,
        "Diluted Average Shares": 122339000.0,
        "Basic Average Shares": 122339000.0,
        "Diluted EPS": -0.52,
        "Basic EPS": -0.52,
        "Diluted NI Availto Com Stockholders": -63420000.0,
        "Net Income Common Stockholders": -63420000.0,
        "Net Income": -63420000.0,
        "Net Income Including Noncontrolling Interests": -63420000.0,
        "Net Income Continuous Operations": -63420000.0,
        "Tax Provision": 118000.0,
        "Pretax Income": -63302000.0,
        "Other Income Expense": 1877000.0,
        "Other Non Operating Income Expenses": 1877000.0,
        "Special Income Charges": 0.0,
        "Other Special Charges": NaN,
        "Net Non Operating Interest Income Expense": 586000.0,
        "Interest Expense Non Operating": 1381000.0,
        "Interest Income Non Operating": 1967000.0,
        "Operating Income": -65765000.0,
        "Operating Expense": 118444000.0,
        "Research And Development": 38957000.0,
        "Selling General And Administration": 79487000.0,
        "Selling And Marketing Expense": 47006000.0,
        "General And Administrative Expense": 32481000.0,
        "Other Gand A": 32481000.0,
        "Salaries And Wages": NaN,
        "Gross Profit": 52679000.0,
        "Cost Of Revenue": 55825000.0,
        "Total Revenue": 108504000.0,
        "Operating Revenue": 108504000.0
    },
    "2022-06-30": {
        "Tax Effect Of Unusual Items": 21756400.0,
        "Tax Rate For Calcs": 0.4,
        "Normalized EBITDA": -46555000.0,
        "Total Unusual Items": 54391000.0,
        "Total Unusual Items Excluding Goodwill": 54391000.0,
        "Net Income From Continuing Operation Net Minority Interest": -16437000.0,
        "Reconciled Depreciation": 22584000.0,
        "Reconciled Cost Of Revenue": 56466000.0,
        "EBITDA": 7836000.0,
        "EBIT": -14748000.0,
        "Net Interest Income": -28000.0,
        "Interest Expense": 1530000.0,
        "Interest Income": 1502000.0,
        "Normalized Income": -49071600.0,
        "Net Income From Continuing And Discontinued Operation": -16437000.0,
        "Total Expenses": 171486000.0,
        "Total Operating Income As Reported": -68968000.0,
        "Diluted Average Shares": 121242000.0,
        "Basic Average Shares": 121242000.0,
        "Diluted EPS": -0.14,
        "Basic EPS": -0.14,
        "Diluted NI Availto Com Stockholders": -16437000.0,
        "Net Income Common Stockholders": -16437000.0,
        "Net Income": -16437000.0,
        "Net Income Including Noncontrolling Interests": -16437000.0,
        "Net Income Continuous Operations": -16437000.0,
        "Tax Provision": 159000.0,
        "Pretax Income": -16278000.0,
        "Other Income Expense": 52718000.0,
        "Other Non Operating Income Expenses": -1673000.0,
        "Special Income Charges": 54391000.0,
        "Other Special Charges": -54391000.0,
        "Net Non Operating Interest Income Expense": -28000.0,
        "Interest Expense Non Operating": 1530000.0,
        "Interest Income Non Operating": 1502000.0,
        "Operating Income": -68968000.0,
        "Operating Expense": 115020000.0,
        "Research And Development": 38717000.0,
        "Selling General And Administration": 76303000.0,
        "Selling And Marketing Expense": 46760000.0,
        "General And Administrative Expense": 29543000.0,
        "Other Gand A": 29543000.0,
        "Salaries And Wages": NaN,
        "Gross Profit": 46052000.0,
        "Cost Of Revenue": 56466000.0,
        "Total Revenue": 102518000.0,
        "Operating Revenue": 102518000.0
    },
    "2023-06-30": {
        "Tax Effect Of Unusual Items": 7719600.0,
        "Tax Rate For Calcs": 0.21,
        "Normalized EBITDA": -28027000.0,
        "Total Unusual Items": 36760000.0,
        "Total Unusual Items Excluding Goodwill": 36760000.0,
        "Net Income From Continuing Operation Net Minority Interest": -10704000.0,
        "Reconciled Depreciation": 18095000.0,
        "Reconciled Cost Of Revenue": 58617000.0,
        "EBITDA": 8733000.0,
        "EBIT": -9362000.0,
        "Net Interest Income": 3276000.0,
        "Interest Expense": 1232000.0,
        "Interest Income": 4508000.0,
        "Normalized Income": -39744400.0,
        "Net Income From Continuing And Discontinued Operation": -10704000.0,
        "Total Expenses": 172658000.0,
        "Total Operating Income As Reported": -49827000.0,
        "Diluted Average Shares": 127863000.0,
        "Basic Average Shares": 127863000.0,
        "Diluted EPS": -0.08,
        "Basic EPS": -0.08,
        "Diluted NI Availto Com Stockholders": -10704000.0,
        "Net Income Common Stockholders": -10704000.0,
        "Net Income": -10704000.0,
        "Net Income Including Noncontrolling Interests": -10704000.0,
        "Net Income Continuous Operations": -10704000.0,
        "Tax Provision": 110000.0,
        "Pretax Income": -10594000.0,
        "Other Income Expense": 35957000.0,
        "Other Non Operating Income Expenses": -803000.0,
        "Special Income Charges": 36760000.0,
        "Other Special Charges": -36760000.0,
        "Net Non Operating Interest Income Expense": 3276000.0,
        "Interest Expense Non Operating": 1232000.0,
        "Interest Income Non Operating": 4508000.0,
        "Operating Income": -49827000.0,
        "Operating Expense": 114041000.0,
        "Research And Development": 37421000.0,
        "Selling General And Administration": 76620000.0,
        "Selling And Marketing Expense": 47797000.0,
        "General And Administrative Expense": 28823000.0,
        "Other Gand A": 28823000.0,
        "Salaries And Wages": 21950000.0,
        "Gross Profit": 64214000.0,
        "Cost Of Revenue": 58617000.0,
        "Total Revenue": 122831000.0,
        "Operating Revenue": 122831000.0
    },
    "2022-03-31": {
        "Diluted EPS": -0.54,
        "Total Revenue": 102,
        "Gross Profit": 48,
        "Operating Income": -63,
        "EBIT": -38,
        "Net Income": -64
    },
    "2021-12-31": {
        "Diluted EPS": -0.49,
        "Total Revenue": 98,
        "Gross Profit": 50,
        "Operating Income": -57,
        "EBIT": -31,
        "Net Income": -58
    },
    "2021-09-30": {
        "Diluted EPS": -0.48,
        "Total Revenue": 87,
        "Gross Profit": 45,
        "Operating Income": -55,
        "EBIT": -33,
        "Net Income": -56
    },
    "2021-06-30": {
        "Diluted EPS": -0.51,
        "Total Revenue": 85,
        "Gross Profit": 45,
        "Operating Income": -57,
        "EBIT": -37,
        "Net Income": -58
    },
    "2021-03-31": {
        "Diluted EPS": -0.44,
        "Total Revenue": 85,
        "Gross Profit": 47,
        "Operating Income": -50,
        "EBIT": -30,
        "Net Income": -51
    },
    "2020-12-31": {
        "Diluted EPS": -0.44,
        "Total Revenue": 83,
        "Gross Profit": 49,
        "Operating Income": -57,
        "EBIT": -39,
        "Net Income": -46
    },
    "2020-09-30": {
        "Diluted EPS": -0.22,
        "Total Revenue": 71,
        "Gross Profit": 41,
        "Operating Income": -23,
        "EBIT": -12,
        "Net Income": -24
    },
    "2020-06-30": {
        "Diluted EPS": -0.14,
        "Total Revenue": 75,
        "Gross Profit": 45,
        "Operating Income": -14,
        "EBIT": -4,
        "Net Income": -14
    },
    "2020-03-31": {
        "Diluted EPS": -0.13,
        "Total Revenue": 63,
        "Gross Profit": 36,
        "Operating Income": -12,
        "EBIT": -2,
        "Net Income": -12
    },
    "2019-12-31": {
        "Diluted EPS": 0.02,
        "Total Revenue": 59,
        "Gross Profit": 33,
        "Operating Income": -14,
        "EBIT": -14,
        "Net Income": -14
    },
    "2019-09-30": {
        "Diluted EPS": -0.13,
        "Total Revenue": 50,
        "Gross Profit": 28,
        "Operating Income": -13,
        "EBIT": -6,
        "Net Income": -12
    },
    "2019-06-30": {
        "Diluted EPS": -0.26,
        "Total Revenue": 46,
        "Gross Profit": 25,
        "Operating Income": -12,
        "EBIT": -2,
        "Net Income": -16
    },
    "2019-03-31": {
        "Diluted EPS": -0.38,
        "Total Revenue": 46,
        "Gross Profit": 26,
        "Operating Income": -8,
        "EBIT": -4,
        "Net Income": -10
    },
    "2018-12-31": {
        "Diluted EPS": 0.0,
        "Total Revenue": NaN,
        "Gross Profit": NaN,
        "Operating Income": NaN,
        "EBIT": NaN,
        "Net Income": NaN
    },
    "2018-09-30": {
        "Diluted EPS": -0.35,
        "Total Revenue": 37,
        "Gross Profit": 20,
        "Operating Income": -8,
        "EBIT": -4,
        "Net Income": -8
    },
    "2018-06-30": {
        "Diluted EPS": -0.24,
        "Total Revenue": 34,
        "Gross Profit": 19,
        "Operating Income": -5,
        "EBIT": -5,
        "Net Income": -6
    },
    "2017-12-31": {
        "Diluted EPS": 0.0,
        "Total Revenue": NaN,
        "Gross Profit": NaN,
        "Operating Income": NaN,
        "EBIT": NaN,
        "Net Income": NaN
    }
}