{
    "2023-03-31": {
        "Tax Effect Of Unusual Items": -1199200.0,
        "Tax Rate For Calcs": 0.4,
        "Normalized EBITDA": 69673000.0,
        "Total Unusual Items": -2998000.0,
        "Total Unusual Items Excluding Goodwill": -2998000.0,
        "Net Income From Continuing Operation Net Minority Interest": 10879000.0,
        "Reconciled Depreciation": 44235000.0,
        "Reconciled Cost Of Revenue": 135225000.0,
        "EBITDA": 66675000.0,
        "EBIT": 22440000.0,
        "Net Interest Income": -2639000.0,
        "Interest Expense": 2639000.0,
        "Normalized Income": 12677800.0,
        "Net Income From Continuing And Discontinued Operation": 10879000.0,
        "Total Expenses": 150215000.0,
        "Total Operating Income As Reported": 23866000.0,
        "Diluted Average Shares": 292351000.0,
        "Basic Average Shares": 290242000.0,
        "Diluted EPS": 0.04,
        "Basic EPS": 0.04,
        "Diluted NI Availto Com Stockholders": 10879000.0,
        "Net Income Common Stockholders": 10879000.0,
        "Net Income": 10879000.0,
        "Minority Interests": -978000.0,
        "Net Income Including Noncontrolling Interests": 11857000.0,
        "Net Income Continuous Operations": 11857000.0,
        "Tax Provision": 7944000.0,
        "Pretax Income": 19801000.0,
        "Other Income Expense": -2998000.0,
        "Other Non Operating Income Expenses": NaN,
        "Special Income Charges": NaN,
        "Gain On Sale Of Ppe": NaN,
        "Impairment Of Capital Assets": NaN,
        "Gain On Sale Of Security": -2998000.0,
        "Net Non Operating Interest Income Expense": -2639000.0,
        "Interest Expense Non Operating": 2639000.0,
        "Operating Income": 25438000.0,
        "Operating Expense": 14990000.0,
        "Other Operating Expenses": 44000.0,
        "Selling General And Administration": 14946000.0,
        "General And Administrative Expense": 14946000.0,
        "Other Gand A": 12737000.0,
        "Salaries And Wages": 2209000.0,
        "Gross Profit": 40428000.0,
        "Cost Of Revenue": 135225000.0,
        "Total Revenue": 175653000.0,
        "Operating Revenue": 175653000.0
    },
    "2022-12-31": {
        "Tax Effect Of Unusual Items": -15978736.601352,
        "Tax Rate For Calcs": 0.087219,
        "Normalized EBITDA": 54342000.0,
        "Total Unusual Items": -183202000.0,
        "Total Unusual Items Excluding Goodwill": -183202000.0,
        "Net Income From Continuing Operation Net Minority Interest": -152772000.0,
        "Reconciled Depreciation": 44499000.0,
        "Reconciled Cost Of Revenue": 138683000.0,
        "EBITDA": -128860000.0,
        "EBIT": -173359000.0,
        "Net Interest Income": -747000.0,
        "Interest Expense": 2405000.0,
        "Normalized Income": 14451263.398648,
        "Net Income From Continuing And Discontinued Operation": -152772000.0,
        "Total Expenses": 158050000.0,
        "Total Operating Income As Reported": -173106000.0,
        "Diluted Average Shares": NaN,
        "Basic Average Shares": NaN,
        "Diluted EPS": NaN,
        "Basic EPS": NaN,
        "Diluted NI Availto Com Stockholders": -152772000.0,
        "Net Income Common Stockholders": -152772000.0,
        "Net Income": -152772000.0,
        "Minority Interests": 7662000.0,
        "Net Income Including Noncontrolling Interests": -160434000.0,
        "Net Income Continuous Operations": -160434000.0,
        "Tax Provision": -15330000.0,
        "Pretax Income": -175764000.0,
        "Other Income Expense": -181690000.0,
        "Other Non Operating Income Expenses": NaN,
        "Special Income Charges": -183213000.0,
        "Gain On Sale Of Ppe": NaN,
        "Impairment Of Capital Assets": 183213000.0,
        "Restructuring And Mergern Acquisition": 0.0,
        "Gain On Sale Of Security": 11000.0,
        "Net Non Operating Interest Income Expense": -747000.0,
        "Interest Expense Non Operating": 2405000.0,
        "Operating Income": 6673000.0,
        "Operating Expense": 19367000.0,
        "Other Operating Expenses": 2691000.0,
        "Selling General And Administration": 16676000.0,
        "General And Administrative Expense": 16676000.0,
        "Other Gand A": 12019000.0,
        "Salaries And Wages": 4657000.0,
        "Gross Profit": 26040000.0,
        "Cost Of Revenue": 138683000.0,
        "Total Revenue": 164723000.0,
        "Operating Revenue": 164723000.0
    },
    "2022-09-30": {
        "Tax Effect Of Unusual Items": -2953200.0,
        "Tax Rate For Calcs": 0.4,
        "Normalized EBITDA": 58311000.0,
        "Total Unusual Items": -7383000.0,
        "Total Unusual Items Excluding Goodwill": -7383000.0,
        "Net Income From Continuing Operation Net Minority Interest": -3754000.0,
        "Reconciled Depreciation": 46862000.0,
        "Reconciled Cost Of Revenue": 141857000.0,
        "EBITDA": 50928000.0,
        "EBIT": 4066000.0,
        "Net Interest Income": -2438000.0,
        "Interest Expense": 2438000.0,
        "Normalized Income": 675800.0,
        "Net Income From Continuing And Discontinued Operation": -3754000.0,
        "Total Expenses": 154895000.0,
        "Total Operating Income As Reported": 5696000.0,
        "Diluted Average Shares": 291429000.0,
        "Basic Average Shares": 291429000.0,
        "Diluted EPS": -0.012881,
        "Basic EPS": -0.012881,
        "Diluted NI Availto Com Stockholders": -3754000.0,
        "Net Income Common Stockholders": -3754000.0,
        "Net Income": -3754000.0,
        "Minority Interests": 372000.0,
        "Net Income Including Noncontrolling Interests": -4126000.0,
        "Net Income Continuous Operations": -4126000.0,
        "Tax Provision": 5754000.0,
        "Pretax Income": 1628000.0,
        "Other Income Expense": -7607000.0,
        "Other Non Operating Income Expenses": -224000.0,
        "Special Income Charges": -3379000.0,
        "Gain On Sale Of Ppe": NaN,
        "Impairment Of Capital Assets": 3379000.0,
        "Restructuring And Mergern Acquisition": 0.0,
        "Gain On Sale Of Security": -4004000.0,
        "Net Non Operating Interest Income Expense": -2438000.0,
        "Interest Expense Non Operating": 2438000.0,
        "Operating Income": 11673000.0,
        "Operating Expense": 13038000.0,
        "Other Operating Expenses": NaN,
        "Selling General And Administration": 13038000.0,
        "General And Administrative Expense": 13038000.0,
        "Other Gand A": 10788000.0,
        "Salaries And Wages": 2250000.0,
        "Gross Profit": 24711000.0,
        "Cost Of Revenue": 141857000.0,
        "Total Revenue": 166568000.0,
        "Operating Revenue": 166568000.0
    },
    "2022-06-30": {
        "Tax Effect Of Unusual Items": 1109200.0,
        "Tax Rate For Calcs": 0.4,
        "Normalized EBITDA": 59170000.0,
        "Total Unusual Items": 2773000.0,
        "Total Unusual Items Excluding Goodwill": 2773000.0,
        "Net Income From Continuing Operation Net Minority Interest": 2329000.0,
        "Reconciled Depreciation": 42943000.0,
        "Reconciled Cost Of Revenue": 135327000.0,
        "EBITDA": 61943000.0,
        "EBIT": 19000000.0,
        "Net Interest Income": -3727000.0,
        "Interest Expense": 3727000.0,
        "Normalized Income": 665200.0,
        "Net Income From Continuing And Discontinued Operation": 2329000.0,
        "Total Expenses": 150628000.0,
        "Total Operating Income As Reported": 13147000.0,
        "Diluted Average Shares": 295208000.0,
        "Basic Average Shares": 291937000.0,
        "Diluted EPS": 0.01,
        "Basic EPS": 0.01,
        "Diluted NI Availto Com Stockholders": 2329000.0,
        "Average Dilution Earnings": 0.0,
        "Net Income Common Stockholders": 2329000.0,
        "Net Income": 2329000.0,
        "Minority Interests": 650000.0,
        "Net Income Including Noncontrolling Interests": 1679000.0,
        "Net Income Continuous Operations": 1679000.0,
        "Tax Provision": 13594000.0,
        "Pretax Income": 15273000.0,
        "Other Income Expense": 1757000.0,
        "Other Non Operating Income Expenses": -1016000.0,
        "Special Income Charges": 0.0,
        "Gain On Sale Of Ppe": NaN,
        "Impairment Of Capital Assets": 0.0,
        "Restructuring And Mergern Acquisition": 0.0,
        "Gain On Sale Of Security": 2773000.0,
        "Net Non Operating Interest Income Expense": -3727000.0,
        "Interest Expense Non Operating": 3727000.0,
        "Operating Income": 17243000.0,
        "Operating Expense": 15301000.0,
        "Other Operating Expenses": 481000.0,
        "Selling General And Administration": 14820000.0,
        "General And Administrative Expense": 14820000.0,
        "Other Gand A": 14340000.0,
        "Salaries And Wages": 480000.0,
        "Gross Profit": 32544000.0,
        "Cost Of Revenue": 135327000.0,
        "Total Revenue": 167871000.0,
        "Operating Revenue": 167871000.0
    },
    "2022-03-31": {
        "Diluted EPS": 0.09,
        "Total Revenue": 182,
        "Gross Profit": 64,
        "Operating Income": 41,
        "EBIT": 79,
        "Net Income": 26
    },
    "2021-12-31": {
        "Diluted EPS": 0.01,
        "Total Revenue": 199,
        "Gross Profit": 58,
        "Operating Income": 39,
        "EBIT": 84,
        "Net Income": 16
    },
    "2021-09-30": {
        "Diluted EPS": -0.0,
        "Total Revenue": 163,
        "Gross Profit": 47,
        "Operating Income": 22,
        "EBIT": 60,
        "Net Income": 0
    },
    "2021-06-30": {
        "Diluted EPS": 0.08,
        "Total Revenue": 121,
        "Gross Profit": 48,
        "Operating Income": 36,
        "EBIT": 56,
        "Net Income": 16
    },
    "2021-03-31": {
        "Diluted EPS": 0.14,
        "Total Revenue": 118,
        "Gross Profit": 51,
        "Operating Income": 40,
        "EBIT": 60,
        "Net Income": 26
    },
    "2020-12-31": {
        "Diluted EPS": 0.11,
        "Total Revenue": 104,
        "Gross Profit": 47,
        "Operating Income": 28,
        "EBIT": 42,
        "Net Income": 19
    },
    "2020-09-30": {
        "Diluted EPS": 0.07,
        "Total Revenue": 83,
        "Gross Profit": 42,
        "Operating Income": 28,
        "EBIT": 40,
        "Net Income": 13
    },
    "2020-06-30": {
        "Diluted EPS": -0.03,
        "Total Revenue": 44,
        "Gross Profit": 14,
        "Operating Income": -1,
        "EBIT": 7,
        "Net Income": -6
    },
    "2020-03-31": {
        "Diluted EPS": -0.03,
        "Total Revenue": 48,
        "Gross Profit": 7,
        "Operating Income": 2,
        "EBIT": 14,
        "Net Income": -4
    },
    "2019-12-31": {
        "Diluted EPS": 0.11,
        "Total Revenue": 69,
        "Gross Profit": 23,
        "Operating Income": 9,
        "EBIT": 21,
        "Net Income": 19
    },
    "2019-09-30": {
        "Diluted EPS": -0.05,
        "Total Revenue": 61,
        "Gross Profit": 17,
        "Operating Income": -1,
        "EBIT": 11,
        "Net Income": -8
    },
    "2019-06-30": {
        "Diluted EPS": 0.07,
        "Total Revenue": 68,
        "Gross Profit": 23,
        "Operating Income": 16,
        "EBIT": 28,
        "Net Income": 10
    },
    "2019-03-31": {
        "Diluted EPS": 0.01,
        "Total Revenue": 59,
        "Gross Profit": 21,
        "Operating Income": 11,
        "EBIT": 21,
        "Net Income": 2
    },
    "2018-12-31": {
        "Diluted EPS": 0.01,
        "Total Revenue": 60,
        "Gross Profit": 17,
        "Operating Income": 6,
        "EBIT": 17,
        "Net Income": 2
    },
    "2018-09-30": {
        "Diluted EPS": 0.04,
        "Total Revenue": 60,
        "Gross Profit": 16,
        "Operating Income": 11,
        "EBIT": 22,
        "Net Income": 7
    },
    "2018-06-30": {
        "Diluted EPS": 0.07,
        "Total Revenue": 74,
        "Gross Profit": 31,
        "Operating Income": 22,
        "EBIT": 34,
        "Net Income": 11
    },
    "2018-03-31": {
        "Diluted EPS": 0.09,
        "Total Revenue": 70,
        "Gross Profit": 31,
        "Operating Income": 22,
        "EBIT": 33,
        "Net Income": 14
    },
    "2017-12-31": {
        "Diluted EPS": 0.22,
        "Total Revenue": 75,
        "Gross Profit": 35,
        "Operating Income": 58,
        "EBIT": 67,
        "Net Income": 34
    },
    "2017-09-30": {
        "Diluted EPS": 0.06,
        "Total Revenue": 64,
        "Gross Profit": 25,
        "Operating Income": 19,
        "EBIT": 30,
        "Net Income": 10
    },
    "2017-06-30": {
        "Diluted EPS": 0.06,
        "Total Revenue": 64,
        "Gross Profit": 22,
        "Operating Income": 14,
        "EBIT": 26,
        "Net Income": 9
    },
    "2017-03-31": {
        "Diluted EPS": 0.08,
        "Total Revenue": 65,
        "Gross Profit": 27,
        "Operating Income": 20,
        "EBIT": 30,
        "Net Income": 13
    },
    "2016-12-31": {
        "Diluted EPS": 0.05,
        "Total Revenue": 58,
        "Gross Profit": 21,
        "Operating Income": 18,
        "EBIT": 28,
        "Net Income": 7
    },
    "2016-09-30": {
        "Diluted EPS": 0.07,
        "Total Revenue": 65,
        "Gross Profit": 28,
        "Operating Income": 21,
        "EBIT": 31,
        "Net Income": 10
    },
    "2016-06-30": {
        "Diluted EPS": -0.01,
        "Total Revenue": 44,
        "Gross Profit": 16,
        "Operating Income": 4,
        "EBIT": 11,
        "Net Income": -1
    },
    "2016-03-31": {
        "Diluted EPS": 0.02,
        "Total Revenue": 43,
        "Gross Profit": 16,
        "Operating Income": 6,
        "EBIT": 12,
        "Net Income": 3
    },
    "2015-12-31": {
        "Diluted EPS": -0.13,
        "Total Revenue": 37,
        "Gross Profit": 10,
        "Operating Income": -21,
        "EBIT": -14,
        "Net Income": -17
    },
    "2015-09-30": {
        "Diluted EPS": 0.02,
        "Total Revenue": 39,
        "Gross Profit": 10,
        "Operating Income": 6,
        "EBIT": 13,
        "Net Income": 3
    },
    "2015-06-30": {
        "Diluted EPS": 0.0,
        "Total Revenue": 39,
        "Gross Profit": 10,
        "Operating Income": 5,
        "EBIT": 11,
        "Net Income": 0
    },
    "2015-03-31": {
        "Diluted EPS": 0.03,
        "Total Revenue": 40,
        "Gross Profit": 13,
        "Operating Income": 8,
        "EBIT": 14,
        "Net Income": 4
    },
    "2014-12-31": {
        "Diluted EPS": 0.0,
        "Total Revenue": 38,
        "Gross Profit": 10,
        "Operating Income": 4,
        "EBIT": 9,
        "Net Income": 0
    },
    "2014-09-30": {
        "Diluted EPS": 0.06,
        "Total Revenue": 46,
        "Gross Profit": 17,
        "Operating Income": 13,
        "EBIT": 19,
        "Net Income": 8
    },
    "2014-06-30": {
        "Diluted EPS": 0.02,
        "Total Revenue": 44,
        "Gross Profit": 16,
        "Operating Income": 8,
        "EBIT": 13,
        "Net Income": 3
    },
    "2014-03-31": {
        "Diluted EPS": 0.04,
        "Total Revenue": 46,
        "Gross Profit": 17,
        "Operating Income": 9,
        "EBIT": 15,
        "Net Income": 5
    },
    "2013-12-31": {
        "Diluted EPS": -0.12,
        "Total Revenue": 36,
        "Gross Profit": 10,
        "Operating Income": -24,
        "EBIT": -19,
        "Net Income": -15
    },
    "2013-09-30": {
        "Diluted EPS": 0.0,
        "Total Revenue": 30,
        "Gross Profit": 8,
        "Operating Income": 3,
        "EBIT": 8,
        "Net Income": 0
    },
    "2013-06-30": {
        "Diluted EPS": -0.08,
        "Total Revenue": 30,
        "Gross Profit": 6,
        "Operating Income": 1,
        "EBIT": 6,
        "Net Income": -11
    },
    "2013-03-31": {
        "Diluted EPS": 0.05,
        "Total Revenue": 41,
        "Gross Profit": 17,
        "Operating Income": 11,
        "EBIT": 16,
        "Net Income": 7
    },
    "2012-12-31": {
        "Diluted EPS": 0.07,
        "Total Revenue": 38,
        "Gross Profit": 13,
        "Operating Income": 8,
        "EBIT": 13,
        "Net Income": 8
    },
    "2012-09-30": {
        "Diluted EPS": 0.06,
        "Total Revenue": 44,
        "Gross Profit": 19,
        "Operating Income": 12,
        "EBIT": 18,
        "Net Income": 8
    },
    "2012-06-30": {
        "Diluted EPS": 0.03,
        "Total Revenue": 39,
        "Gross Profit": 17,
        "Operating Income": 12,
        "EBIT": 18,
        "Net Income": 4
    },
    "2012-03-31": {
        "Diluted EPS": 0.09,
        "Total Revenue": 41,
        "Gross Profit": 21,
        "Operating Income": 17,
        "EBIT": 21,
        "Net Income": 11
    },
    "2011-12-31": {
        "Diluted EPS": -0.01,
        "Total Revenue": 32,
        "Gross Profit": 24,
        "Operating Income": 8,
        "EBIT": 12,
        "Net Income": -2
    },
    "2011-09-30": {
        "Diluted EPS": 0.08,
        "Total Revenue": 32,
        "Gross Profit": 20,
        "Operating Income": 14,
        "EBIT": 17,
        "Net Income": 10
    },
    "2011-06-30": {
        "Diluted EPS": 0.05,
        "Total Revenue": 24,
        "Gross Profit": 15,
        "Operating Income": 9,
        "EBIT": 11,
        "Net Income": 6
    },
    "2011-03-31": {
        "Diluted EPS": 0.04,
        "Total Revenue": 22,
        "Gross Profit": 13,
        "Operating Income": 9,
        "EBIT": 11,
        "Net Income": 5
    },
    "2010-12-31": {
        "Diluted EPS": 0.04,
        "Total Revenue": 24,
        "Gross Profit": 18,
        "Operating Income": 11,
        "EBIT": 13,
        "Net Income": 4
    },
    "2010-09-30": {
        "Diluted EPS": -0.02,
        "Total Revenue": 18,
        "Gross Profit": 12,
        "Operating Income": 5,
        "EBIT": 6,
        "Net Income": -3
    },
    "2010-06-30": {
        "Diluted EPS": 0.05,
        "Total Revenue": 15,
        "Gross Profit": 10,
        "Operating Income": 7,
        "EBIT": 9,
        "Net Income": 6
    },
    "2010-03-31": {
        "Diluted EPS": 0.05,
        "Total Revenue": 18,
        "Gross Profit": 12,
        "Operating Income": 8,
        "EBIT": 10,
        "Net Income": 5
    },
    "2009-12-31": {
        "Diluted EPS": 0.01,
        "Total Revenue": 16,
        "Gross Profit": 16,
        "Operating Income": 7,
        "EBIT": 8,
        "Net Income": 1
    },
    "2009-09-30": {
        "Diluted EPS": -0.01,
        "Total Revenue": 13,
        "Gross Profit": 7,
        "Operating Income": 4,
        "EBIT": 6,
        "Net Income": -1
    },
    "2009-06-30": {
        "Diluted EPS": 0.01,
        "Total Revenue": 13,
        "Gross Profit": 7,
        "Operating Income": 4,
        "EBIT": 6,
        "Net Income": 1
    },
    "2009-03-31": {
        "Diluted EPS": -0.01,
        "Total Revenue": 9,
        "Gross Profit": 3,
        "Operating Income": 0,
        "EBIT": 1,
        "Net Income": -1
    },
    "2023-06-30": {
        "Tax Effect Of Unusual Items": -392981.36646,
        "Tax Rate For Calcs": 0.229814,
        "Normalized EBITDA": 49594000.0,
        "Total Unusual Items": -1710000.0,
        "Total Unusual Items Excluding Goodwill": -1710000.0,
        "Net Income From Continuing Operation Net Minority Interest": 3137000.0,
        "Reconciled Depreciation": 39917000.0,
        "Reconciled Cost Of Revenue": 126539000.0,
        "EBITDA": 47884000.0,
        "EBIT": 7967000.0,
        "Net Interest Income": -3459000.0,
        "Interest Expense": 3459000.0,
        "Normalized Income": 4454018.63354,
        "Net Income From Continuing And Discontinued Operation": 3137000.0,
        "Total Expenses": 141673000.0,
        "Total Operating Income As Reported": 7723000.0,
        "Diluted Average Shares": 293106000.0,
        "Basic Average Shares": 290761000.0,
        "Diluted EPS": 0.01,
        "Basic EPS": 0.01,
        "Diluted NI Availto Com Stockholders": 3137000.0,
        "Net Income Common Stockholders": 3137000.0,
        "Net Income": 3137000.0,
        "Minority Interests": -335000.0,
        "Net Income Including Noncontrolling Interests": 3472000.0,
        "Net Income Continuous Operations": 3472000.0,
        "Tax Provision": 1036000.0,
        "Pretax Income": 4508000.0,
        "Other Income Expense": -8766000.0,
        "Other Non Operating Income Expenses": -7056000.0,
        "Special Income Charges": 6000.0,
        "Gain On Sale Of Ppe": 6000.0,
        "Impairment Of Capital Assets": 0.0,
        "Gain On Sale Of Security": -1716000.0,
        "Net Non Operating Interest Income Expense": -3459000.0,
        "Interest Expense Non Operating": 3459000.0,
        "Operating Income": 16733000.0,
        "Operating Expense": 15134000.0,
        "Other Operating Expenses": 547000.0,
        "Selling General And Administration": 14587000.0,
        "General And Administrative Expense": 14587000.0,
        "Other Gand A": 13437000.0,
        "Salaries And Wages": 1150000.0,
        "Gross Profit": 31867000.0,
        "Cost Of Revenue": 126539000.0,
        "Total Revenue": 158406000.0,
        "Operating Revenue": 158406000.0
    },
    "2023-09-30": {
        "Tax Effect Of Unusual Items": -966116.71739,
        "Tax Rate For Calcs": 0.17553,
        "Normalized EBITDA": 115054000.0,
        "Total Unusual Items": -5504000.0,
        "Total Unusual Items Excluding Goodwill": -5504000.0,
        "Net Income From Continuing Operation Net Minority Interest": 27466000.0,
        "Reconciled Depreciation": 63935000.0,
        "Reconciled Cost Of Revenue": 177177000.0,
        "EBITDA": 109550000.0,
        "EBIT": 45615000.0,
        "Net Interest Income": -8157000.0,
        "Interest Expense": 8157000.0,
        "Normalized Income": 32003883.28261,
        "Net Income From Continuing And Discontinued Operation": 27466000.0,
        "Total Expenses": 191808000.0,
        "Total Operating Income As Reported": 45381000.0,
        "Diluted Average Shares": 294877000.0,
        "Basic Average Shares": 292601000.0,
        "Diluted EPS": 0.093144,
        "Basic EPS": 0.093868,
        "Diluted NI Availto Com Stockholders": 27466000.0,
        "Net Income Common Stockholders": 27466000.0,
        "Net Income": 27466000.0,
        "Minority Interests": -3417000.0,
        "Net Income Including Noncontrolling Interests": 30883000.0,
        "Net Income Continuous Operations": 30883000.0,
        "Tax Provision": 6575000.0,
        "Pretax Income": 37458000.0,
        "Other Income Expense": -5632000.0,
        "Other Non Operating Income Expenses": -128000.0,
        "Special Income Charges": -815000.0,
        "Gain On Sale Of Ppe": -93000.0,
        "Impairment Of Capital Assets": 722000.0,
        "Gain On Sale Of Security": -4689000.0,
        "Net Non Operating Interest Income Expense": -8157000.0,
        "Interest Expense Non Operating": 8157000.0,
        "Operating Income": 51247000.0,
        "Operating Expense": 14631000.0,
        "Other Operating Expenses": NaN,
        "Selling General And Administration": 14631000.0,
        "General And Administrative Expense": 14631000.0,
        "Other Gand A": 13947000.0,
        "Salaries And Wages": 684000.0,
        "Gross Profit": 65878000.0,
        "Cost Of Revenue": 177177000.0,
        "Total Revenue": 243055000.0,
        "Operating Revenue": 243055000.0
    },
    "2023-12-31": {
        "Tax Effect Of Unusual Items": -37069600.0,
        "Tax Rate For Calcs": 0.4,
        "Normalized EBITDA": 99357000.0,
        "Total Unusual Items": -92674000.0,
        "Total Unusual Items Excluding Goodwill": -92674000.0,
        "Net Income From Continuing Operation Net Minority Interest": -92316000.0,
        "Reconciled Depreciation": 71601000.0,
        "Reconciled Cost Of Revenue": 213462000.0,
        "EBITDA": 6683000.0,
        "EBIT": -64918000.0,
        "Net Interest Income": -4547000.0,
        "Interest Expense": 7897000.0,
        "Normalized Income": -36711600.0,
        "Net Income From Continuing And Discontinued Operation": -92316000.0,
        "Total Expenses": 248624000.0,
        "Total Operating Income As Reported": -77374000.0,
        "Diluted Average Shares": NaN,
        "Basic Average Shares": NaN,
        "Diluted EPS": NaN,
        "Basic EPS": NaN,
        "Diluted NI Availto Com Stockholders": -92316000.0,
        "Net Income Common Stockholders": -92316000.0,
        "Net Income": -92316000.0,
        "Minority Interests": -2477000.0,
        "Net Income Including Noncontrolling Interests": -89839000.0,
        "Net Income Continuous Operations": -89839000.0,
        "Tax Provision": 17024000.0,
        "Pretax Income": -72815000.0,
        "Other Income Expense": -84958000.0,
        "Other Non Operating Income Expenses": NaN,
        "Special Income Charges": -102338000.0,
        "Gain On Sale Of Ppe": -60000.0,
        "Impairment Of Capital Assets": 95878000.0,
        "Gain On Sale Of Security": 9664000.0,
        "Net Non Operating Interest Income Expense": -4547000.0,
        "Interest Expense Non Operating": 7897000.0,
        "Operating Income": 16690000.0,
        "Operating Expense": 35162000.0,
        "Other Operating Expenses": NaN,
        "Selling General And Administration": 19909000.0,
        "General And Administrative Expense": 19909000.0,
        "Other Gand A": 15647000.0,
        "Salaries And Wages": 4262000.0,
        "Gross Profit": 51852000.0,
        "Cost Of Revenue": 213462000.0,
        "Total Revenue": 265314000.0,
        "Operating Revenue": 265314000.0
    }
}