{
    "2023-06-30": {
        "Tax Effect Of Unusual Items": -141176.470588,
        "Tax Rate For Calcs": 0.235294,
        "Normalized EBITDA": 74400000.0,
        "Total Unusual Items": -600000.0,
        "Total Unusual Items Excluding Goodwill": -600000.0,
        "Net Income From Continuing Operation Net Minority Interest": 40300000.0,
        "Reconciled Depreciation": 15500000.0,
        "Reconciled Cost Of Revenue": 313500000.0,
        "EBITDA": 73800000.0,
        "EBIT": 58300000.0,
        "Net Interest Income": -5600000.0,
        "Interest Expense": 5600000.0,
        "Normalized Income": 40758823.529412,
        "Net Income From Continuing And Discontinued Operation": 40300000.0,
        "Total Expenses": 382400000.0,
        "Total Operating Income As Reported": 59400000.0,
        "Diluted Average Shares": 61400000.0,
        "Basic Average Shares": 60700000.0,
        "Diluted EPS": 0.66,
        "Basic EPS": 0.66,
        "Diluted NI Availto Com Stockholders": 40300000.0,
        "Net Income Common Stockholders": 40300000.0,
        "Net Income": 40300000.0,
        "Net Income Including Noncontrolling Interests": 40300000.0,
        "Net Income Continuous Operations": 40300000.0,
        "Tax Provision": 12400000.0,
        "Pretax Income": 52700000.0,
        "Other Income Expense": -1700000.0,
        "Other Non Operating Income Expenses": -1100000.0,
        "Special Income Charges": -600000.0,
        "Restructuring And Mergern Acquisition": 600000.0,
        "Net Non Operating Interest Income Expense": -5600000.0,
        "Interest Expense Non Operating": 5600000.0,
        "Operating Income": 60000000.0,
        "Operating Expense": 57300000.0,
        "Depreciation Amortization Depletion Income Statement": 3900000.0,
        "Depreciation And Amortization In Income Statement": 3900000.0,
        "Amortization": 3900000.0,
        "Amortization Of Intangibles Income Statement": 3900000.0,
        "Selling General And Administration": 53400000.0,
        "Gross Profit": 117300000.0,
        "Cost Of Revenue": 325100000.0,
        "Total Revenue": 442400000.0,
        "Operating Revenue": 442400000.0
    },
    "2023-03-31": {
        "Tax Effect Of Unusual Items": NaN,
        "Tax Rate For Calcs": NaN,
        "Normalized EBITDA": NaN,
        "Total Unusual Items": NaN,
        "Total Unusual Items Excluding Goodwill": NaN,
        "Net Income From Continuing Operation Net Minority Interest": NaN,
        "Reconciled Depreciation": NaN,
        "Reconciled Cost Of Revenue": NaN,
        "EBITDA": NaN,
        "EBIT": NaN,
        "Net Interest Income": NaN,
        "Interest Expense": NaN,
        "Normalized Income": NaN,
        "Net Income From Continuing And Discontinued Operation": NaN,
        "Total Expenses": NaN,
        "Total Operating Income As Reported": NaN,
        "Diluted Average Shares": 61300000.0,
        "Basic Average Shares": 60700000.0,
        "Diluted EPS": 0.45,
        "Basic EPS": 0.45,
        "Diluted NI Availto Com Stockholders": NaN,
        "Net Income Common Stockholders": NaN,
        "Net Income": NaN,
        "Net Income Including Noncontrolling Interests": NaN,
        "Net Income Continuous Operations": NaN,
        "Tax Provision": NaN,
        "Pretax Income": NaN,
        "Other Income Expense": NaN,
        "Other Non Operating Income Expenses": NaN,
        "Special Income Charges": NaN,
        "Restructuring And Mergern Acquisition": NaN,
        "Net Non Operating Interest Income Expense": NaN,
        "Interest Expense Non Operating": NaN,
        "Operating Income": NaN,
        "Operating Expense": NaN,
        "Depreciation Amortization Depletion Income Statement": NaN,
        "Depreciation And Amortization In Income Statement": NaN,
        "Amortization": NaN,
        "Amortization Of Intangibles Income Statement": NaN,
        "Selling General And Administration": NaN,
        "Gross Profit": NaN,
        "Cost Of Revenue": NaN,
        "Total Revenue": NaN,
        "Operating Revenue": NaN
    },
    "2022-12-31": {
        "Tax Effect Of Unusual Items": -88095.238095,
        "Tax Rate For Calcs": 0.17619,
        "Normalized EBITDA": 60900000.0,
        "Total Unusual Items": -500000.0,
        "Total Unusual Items Excluding Goodwill": -500000.0,
        "Net Income From Continuing Operation Net Minority Interest": 34600000.0,
        "Reconciled Depreciation": 14000000.0,
        "Reconciled Cost Of Revenue": 284200000.0,
        "EBITDA": 60400000.0,
        "EBIT": 46400000.0,
        "Net Interest Income": -4500000.0,
        "Interest Expense": 4400000.0,
        "Normalized Income": 35011904.761905,
        "Net Income From Continuing And Discontinued Operation": 34600000.0,
        "Total Expenses": 344400000.0,
        "Total Operating Income As Reported": 46600000.0,
        "Diluted Average Shares": NaN,
        "Basic Average Shares": NaN,
        "Diluted EPS": NaN,
        "Basic EPS": NaN,
        "Diluted NI Availto Com Stockholders": 34600000.0,
        "Net Income Common Stockholders": 34600000.0,
        "Net Income": 34600000.0,
        "Net Income Including Noncontrolling Interests": 34600000.0,
        "Net Income Continuous Operations": 34600000.0,
        "Tax Provision": 7400000.0,
        "Pretax Income": 42000000.0,
        "Other Income Expense": -600000.0,
        "Other Non Operating Income Expenses": -100000.0,
        "Special Income Charges": -500000.0,
        "Restructuring And Mergern Acquisition": 500000.0,
        "Net Non Operating Interest Income Expense": -4500000.0,
        "Interest Expense Non Operating": 4400000.0,
        "Operating Income": 47100000.0,
        "Operating Expense": 49500000.0,
        "Depreciation Amortization Depletion Income Statement": 3300000.0,
        "Depreciation And Amortization In Income Statement": 3300000.0,
        "Amortization": 3300000.0,
        "Amortization Of Intangibles Income Statement": 3300000.0,
        "Selling General And Administration": 46200000.0,
        "Gross Profit": 96600000.0,
        "Cost Of Revenue": 294900000.0,
        "Total Revenue": 391500000.0,
        "Operating Revenue": 391500000.0
    },
    "2022-09-30": {
        "Tax Effect Of Unusual Items": NaN,
        "Tax Rate For Calcs": NaN,
        "Normalized EBITDA": NaN,
        "Total Unusual Items": NaN,
        "Total Unusual Items Excluding Goodwill": NaN,
        "Net Income From Continuing Operation Net Minority Interest": NaN,
        "Reconciled Depreciation": NaN,
        "Reconciled Cost Of Revenue": NaN,
        "EBITDA": NaN,
        "EBIT": NaN,
        "Net Interest Income": NaN,
        "Interest Expense": NaN,
        "Normalized Income": NaN,
        "Net Income From Continuing And Discontinued Operation": NaN,
        "Total Expenses": NaN,
        "Total Operating Income As Reported": NaN,
        "Diluted Average Shares": 61000000.0,
        "Basic Average Shares": 60400000.0,
        "Diluted EPS": 0.52,
        "Basic EPS": 0.53,
        "Diluted NI Availto Com Stockholders": NaN,
        "Net Income Common Stockholders": NaN,
        "Net Income": NaN,
        "Net Income Including Noncontrolling Interests": NaN,
        "Net Income Continuous Operations": NaN,
        "Tax Provision": NaN,
        "Pretax Income": NaN,
        "Other Income Expense": NaN,
        "Other Non Operating Income Expenses": NaN,
        "Special Income Charges": NaN,
        "Restructuring And Mergern Acquisition": NaN,
        "Net Non Operating Interest Income Expense": NaN,
        "Interest Expense Non Operating": NaN,
        "Operating Income": NaN,
        "Operating Expense": NaN,
        "Depreciation Amortization Depletion Income Statement": NaN,
        "Depreciation And Amortization In Income Statement": NaN,
        "Amortization": NaN,
        "Amortization Of Intangibles Income Statement": NaN,
        "Selling General And Administration": NaN,
        "Gross Profit": NaN,
        "Cost Of Revenue": NaN,
        "Total Revenue": NaN,
        "Operating Revenue": NaN
    },
    "2022-06-30": {
        "Tax Effect Of Unusual Items": 423300.0,
        "Tax Rate For Calcs": 0.249,
        "Normalized EBITDA": 58500000.0,
        "Total Unusual Items": 1700000.0,
        "Total Unusual Items Excluding Goodwill": 1700000.0,
        "Net Income From Continuing Operation Net Minority Interest": 33500000.0,
        "Reconciled Depreciation": 13700000.0,
        "Reconciled Cost Of Revenue": 266400000.0,
        "EBITDA": 60200000.0,
        "EBIT": 46500000.0,
        "Net Interest Income": -1900000.0,
        "Interest Expense": 1900000.0,
        "Normalized Income": 32223300.0,
        "Net Income From Continuing And Discontinued Operation": 33500000.0,
        "Total Expenses": 322200000.0,
        "Total Operating Income As Reported": 46200000.0,
        "Diluted Average Shares": 60900000.0,
        "Basic Average Shares": 60400000.0,
        "Diluted EPS": 0.55,
        "Basic EPS": 0.55,
        "Diluted NI Availto Com Stockholders": 33500000.0,
        "Net Income Common Stockholders": 33500000.0,
        "Net Income": 33500000.0,
        "Net Income Including Noncontrolling Interests": 33500000.0,
        "Net Income Continuous Operations": 33500000.0,
        "Tax Provision": 11100000.0,
        "Pretax Income": 44600000.0,
        "Other Income Expense": 2000000.0,
        "Other Non Operating Income Expenses": 300000.0,
        "Special Income Charges": 1700000.0,
        "Restructuring And Mergern Acquisition": -1700000.0,
        "Net Non Operating Interest Income Expense": -1900000.0,
        "Interest Expense Non Operating": 1900000.0,
        "Operating Income": 44500000.0,
        "Operating Expense": 45300000.0,
        "Depreciation Amortization Depletion Income Statement": 3200000.0,
        "Depreciation And Amortization In Income Statement": 3200000.0,
        "Amortization": 3200000.0,
        "Amortization Of Intangibles Income Statement": 3200000.0,
        "Selling General And Administration": 42100000.0,
        "Gross Profit": 89800000.0,
        "Cost Of Revenue": 276900000.0,
        "Total Revenue": 366700000.0,
        "Operating Revenue": 366700000.0
    },
    "2022-03-31": {
        "Diluted EPS": 0.33,
        "Total Revenue": 330,
        "Gross Profit": 76,
        "Operating Income": 29,
        "EBIT": 42,
        "Net Income": 21
    },
    "2021-12-31": {
        "Diluted EPS": 0.32,
        "Total Revenue": 301,
        "Gross Profit": 67,
        "Operating Income": 30,
        "EBIT": 43,
        "Net Income": 20
    },
    "2021-09-30": {
        "Diluted EPS": 0.47,
        "Total Revenue": 298,
        "Gross Profit": 71,
        "Operating Income": 34,
        "EBIT": 47,
        "Net Income": 29
    },
    "2021-06-30": {
        "Diluted EPS": 0.48,
        "Total Revenue": 335,
        "Gross Profit": 82,
        "Operating Income": 39,
        "EBIT": 51,
        "Net Income": 30
    },
    "2021-03-31": {
        "Diluted EPS": 0.36,
        "Total Revenue": 279,
        "Gross Profit": 69,
        "Operating Income": 28,
        "EBIT": 40,
        "Net Income": 22
    },
    "2020-12-31": {
        "Diluted EPS": 0.42,
        "Total Revenue": 295,
        "Gross Profit": 76,
        "Operating Income": 34,
        "EBIT": 46,
        "Net Income": 26
    },
    "2020-09-30": {
        "Diluted EPS": 0.41,
        "Total Revenue": 280,
        "Gross Profit": 73,
        "Operating Income": 34,
        "EBIT": 45,
        "Net Income": 25
    },
    "2020-06-30": {
        "Diluted EPS": 0.35,
        "Total Revenue": 270,
        "Gross Profit": 70,
        "Operating Income": 31,
        "EBIT": 42,
        "Net Income": 21
    },
    "2020-03-31": {
        "Diluted EPS": 0.38,
        "Total Revenue": 286,
        "Gross Profit": 75,
        "Operating Income": 32,
        "EBIT": 43,
        "Net Income": 23
    },
    "2019-12-31": {
        "Diluted EPS": 0.47,
        "Total Revenue": 314,
        "Gross Profit": 82,
        "Operating Income": 36,
        "EBIT": 48,
        "Net Income": 30
    },
    "2019-09-30": {
        "Diluted EPS": 0.46,
        "Total Revenue": 309,
        "Gross Profit": 82,
        "Operating Income": 39,
        "EBIT": 49,
        "Net Income": 28
    },
    "2019-06-30": {
        "Diluted EPS": 0.54,
        "Total Revenue": 324,
        "Gross Profit": 89,
        "Operating Income": 46,
        "EBIT": 56,
        "Net Income": 33
    },
    "2019-03-31": {
        "Diluted EPS": 0.29,
        "Total Revenue": 274,
        "Gross Profit": 70,
        "Operating Income": 26,
        "EBIT": 35,
        "Net Income": 18
    },
    "2018-12-31": {
        "Diluted EPS": 0.53,
        "Total Revenue": 279,
        "Gross Profit": 72,
        "Operating Income": 33,
        "EBIT": 43,
        "Net Income": 33
    },
    "2018-09-30": {
        "Diluted EPS": 0.36,
        "Total Revenue": 269,
        "Gross Profit": 69,
        "Operating Income": 30,
        "EBIT": 40,
        "Net Income": 22
    },
    "2018-06-30": {
        "Diluted EPS": 0.44,
        "Total Revenue": 291,
        "Gross Profit": 79,
        "Operating Income": 38,
        "EBIT": 47,
        "Net Income": 27
    },
    "2018-03-31": {
        "Diluted EPS": 0.21,
        "Total Revenue": 250,
        "Gross Profit": 62,
        "Operating Income": 20,
        "EBIT": 28,
        "Net Income": 13
    },
    "2017-12-31": {
        "Diluted EPS": 0.5,
        "Total Revenue": 248,
        "Gross Profit": 62,
        "Operating Income": 21,
        "EBIT": 30,
        "Net Income": 30
    },
    "2017-09-30": {
        "Diluted EPS": 0.21,
        "Total Revenue": 249,
        "Gross Profit": 61,
        "Operating Income": 22,
        "EBIT": 31,
        "Net Income": 13
    },
    "2017-06-30": {
        "Diluted EPS": 0.19,
        "Total Revenue": 224,
        "Gross Profit": 55,
        "Operating Income": 19,
        "EBIT": 26,
        "Net Income": 11
    },
    "2017-03-31": {
        "Diluted EPS": 0.12,
        "Total Revenue": 178,
        "Gross Profit": 44,
        "Operating Income": 11,
        "EBIT": 17,
        "Net Income": 7
    },
    "2016-12-31": {
        "Diluted EPS": 0.2,
        "Total Revenue": 176,
        "Gross Profit": 46,
        "Operating Income": 17,
        "EBIT": 23,
        "Net Income": 13
    },
    "2016-09-30": {
        "Diluted EPS": 0.14,
        "Total Revenue": 187,
        "Gross Profit": 45,
        "Operating Income": 14,
        "EBIT": 19,
        "Net Income": 9
    },
    "2016-06-30": {
        "Diluted EPS": 0.15,
        "Total Revenue": 172,
        "Gross Profit": 45,
        "Operating Income": 14,
        "EBIT": 19,
        "Net Income": 9
    },
    "2016-03-31": {
        "Diluted EPS": 0.22,
        "Total Revenue": 173,
        "Gross Profit": 47,
        "Operating Income": 16,
        "EBIT": 20,
        "Net Income": 14
    },
    "2015-12-31": {
        "Diluted EPS": 0.18,
        "Total Revenue": 186,
        "Gross Profit": 55,
        "Operating Income": 24,
        "EBIT": 28,
        "Net Income": 12
    },
    "2015-09-30": {
        "Diluted EPS": 0.3,
        "Total Revenue": 180,
        "Gross Profit": 55,
        "Operating Income": 25,
        "EBIT": 28,
        "Net Income": 19
    },
    "2015-06-30": {
        "Diluted EPS": 0.29,
        "Total Revenue": 205,
        "Gross Profit": 61,
        "Operating Income": 29,
        "EBIT": 33,
        "Net Income": 18
    },
    "2015-03-31": {
        "Diluted EPS": 0.23,
        "Total Revenue": 197,
        "Gross Profit": 55,
        "Operating Income": 25,
        "EBIT": 28,
        "Net Income": 15
    },
    "2014-12-31": {
        "Diluted EPS": 0.37,
        "Total Revenue": 125,
        "Gross Profit": 45,
        "Operating Income": 27,
        "EBIT": 28,
        "Net Income": 24
    },
    "2014-09-30": {
        "Diluted EPS": 0.24,
        "Total Revenue": 219,
        "Gross Profit": 58,
        "Operating Income": 25,
        "EBIT": 29,
        "Net Income": 15
    },
    "2014-06-30": {
        "Diluted EPS": 0.27,
        "Total Revenue": 235,
        "Gross Profit": 59,
        "Operating Income": 24,
        "EBIT": 28,
        "Net Income": 17
    },
    "2014-03-31": {
        "Diluted EPS": 0.12,
        "Total Revenue": 200,
        "Gross Profit": 47,
        "Operating Income": 13,
        "EBIT": 17,
        "Net Income": 7
    },
    "2013-12-31": {
        "Diluted EPS": 0.42,
        "Total Revenue": 81,
        "Gross Profit": 27,
        "Operating Income": 13,
        "EBIT": 13,
        "Net Income": 27
    },
    "2013-09-30": {
        "Diluted EPS": 0.25,
        "Total Revenue": 209,
        "Gross Profit": 51,
        "Operating Income": 19,
        "EBIT": 22,
        "Net Income": 16
    },
    "2013-06-30": {
        "Diluted EPS": 1.87,
        "Total Revenue": 223,
        "Gross Profit": 52,
        "Operating Income": 18,
        "EBIT": 22,
        "Net Income": 118
    },
    "2013-03-31": {
        "Diluted EPS": -0.01,
        "Total Revenue": 200,
        "Gross Profit": 47,
        "Operating Income": 12,
        "EBIT": 20,
        "Net Income": -1
    },
    "2012-12-31": {
        "Diluted EPS": 0.08,
        "Total Revenue": 218,
        "Gross Profit": 50,
        "Operating Income": 13,
        "EBIT": 21,
        "Net Income": 5
    },
    "2012-09-30": {
        "Diluted EPS": -0.24,
        "Total Revenue": 185,
        "Gross Profit": 46,
        "Operating Income": 12,
        "EBIT": 14,
        "Net Income": -15
    },
    "2012-06-30": {
        "Diluted EPS": -0.26,
        "Total Revenue": 204,
        "Gross Profit": 49,
        "Operating Income": 16,
        "EBIT": 21,
        "Net Income": -17
    },
    "2012-03-31": {
        "Diluted EPS": -0.02,
        "Total Revenue": 196,
        "Gross Profit": 45,
        "Operating Income": 10,
        "EBIT": 14,
        "Net Income": -1
    },
    "2011-12-31": {
        "Diluted EPS": -0.26,
        "Total Revenue": 172,
        "Gross Profit": 38,
        "Operating Income": 15,
        "EBIT": 21,
        "Net Income": -16
    },
    "2011-09-30": {
        "Diluted EPS": 0.04,
        "Total Revenue": 168,
        "Gross Profit": 37,
        "Operating Income": 9,
        "EBIT": 12,
        "Net Income": 2
    },
    "2011-06-30": {
        "Diluted EPS": 0.07,
        "Total Revenue": 176,
        "Gross Profit": 40,
        "Operating Income": 11,
        "EBIT": 13,
        "Net Income": 4
    },
    "2011-03-31": {
        "Diluted EPS": -0.08,
        "Total Revenue": 174,
        "Gross Profit": 42,
        "Operating Income": -1,
        "EBIT": 3,
        "Net Income": -5
    },
    "2010-12-31": {
        "Diluted EPS": -2.92,
        "Total Revenue": 93,
        "Gross Profit": 15,
        "Operating Income": 7,
        "EBIT": 3,
        "Net Income": -169
    },
    "2010-09-30": {
        "Diluted EPS": 0.02,
        "Total Revenue": 180,
        "Gross Profit": 45,
        "Operating Income": 5,
        "EBIT": 10,
        "Net Income": 1
    },
    "2010-06-30": {
        "Diluted EPS": -0.05,
        "Total Revenue": 196,
        "Gross Profit": 51,
        "Operating Income": 3,
        "EBIT": 7,
        "Net Income": -3
    },
    "2010-03-31": {
        "Diluted EPS": -0.1,
        "Total Revenue": 165,
        "Gross Profit": 40,
        "Operating Income": -2,
        "EBIT": 3,
        "Net Income": -5
    },
    "2009-12-31": {
        "Diluted EPS": 0.46,
        "Total Revenue": 205,
        "Gross Profit": 54,
        "Operating Income": 16,
        "EBIT": 20,
        "Net Income": 23
    },
    "2009-09-30": {
        "Diluted EPS": 0.09,
        "Total Revenue": 162,
        "Gross Profit": 40,
        "Operating Income": 7,
        "EBIT": 11,
        "Net Income": 4
    },
    "2009-06-30": {
        "Diluted EPS": -0.1,
        "Total Revenue": 199,
        "Gross Profit": 52,
        "Operating Income": 8,
        "EBIT": 12,
        "Net Income": -5
    },
    "2009-03-31": {
        "Diluted EPS": 0.02,
        "Total Revenue": 185,
        "Gross Profit": 47,
        "Operating Income": 4,
        "EBIT": 8,
        "Net Income": 1
    },
    "2023-09-30": {
        "Tax Effect Of Unusual Items": -169400.0,
        "Tax Rate For Calcs": 0.242,
        "Normalized EBITDA": 78200000.0,
        "Total Unusual Items": -700000.0,
        "Total Unusual Items Excluding Goodwill": -700000.0,
        "Net Income From Continuing Operation Net Minority Interest": 43300000.0,
        "Reconciled Depreciation": 15300000.0,
        "Reconciled Cost Of Revenue": 317300000.0,
        "EBITDA": 77500000.0,
        "EBIT": 62200000.0,
        "Net Interest Income": -5100000.0,
        "Interest Expense": 5100000.0,
        "Normalized Income": 43830600.0,
        "Net Income From Continuing And Discontinued Operation": 43300000.0,
        "Total Expenses": 383200000.0,
        "Total Operating Income As Reported": 62500000.0,
        "Diluted Average Shares": 61400000.0,
        "Basic Average Shares": 60800000.0,
        "Diluted EPS": 0.71,
        "Basic EPS": 0.71,
        "Diluted NI Availto Com Stockholders": 43300000.0,
        "Net Income Common Stockholders": 43300000.0,
        "Net Income": 43300000.0,
        "Net Income Including Noncontrolling Interests": 43300000.0,
        "Net Income Continuous Operations": 43300000.0,
        "Tax Provision": 13800000.0,
        "Pretax Income": 57100000.0,
        "Other Income Expense": -1000000.0,
        "Other Non Operating Income Expenses": -300000.0,
        "Special Income Charges": -700000.0,
        "Restructuring And Mergern Acquisition": 700000.0,
        "Net Non Operating Interest Income Expense": -5100000.0,
        "Interest Expense Non Operating": 5100000.0,
        "Operating Income": 63200000.0,
        "Operating Expense": 54500000.0,
        "Depreciation Amortization Depletion Income Statement": 3900000.0,
        "Depreciation And Amortization In Income Statement": 3900000.0,
        "Amortization": 3900000.0,
        "Amortization Of Intangibles Income Statement": 3900000.0,
        "Selling General And Administration": 50600000.0,
        "Gross Profit": 117700000.0,
        "Cost Of Revenue": 328700000.0,
        "Total Revenue": 446400000.0,
        "Operating Revenue": 446400000.0
    },
    "2023-12-31": {
        "Tax Effect Of Unusual Items": 330940.17094,
        "Tax Rate For Calcs": 0.206838,
        "Normalized EBITDA": 76500000.0,
        "Total Unusual Items": 1600000.0,
        "Total Unusual Items Excluding Goodwill": 1600000.0,
        "Net Income From Continuing Operation Net Minority Interest": 46400000.0,
        "Reconciled Depreciation": 15300000.0,
        "Reconciled Cost Of Revenue": 317500000.0,
        "EBITDA": 78100000.0,
        "EBIT": 62800000.0,
        "Net Interest Income": -4300000.0,
        "Interest Expense": 4300000.0,
        "Normalized Income": 45130940.17094,
        "Net Income From Continuing And Discontinued Operation": 46400000.0,
        "Total Expenses": 386900000.0,
        "Total Operating Income As Reported": 63100000.0,
        "Diluted Average Shares": NaN,
        "Basic Average Shares": NaN,
        "Diluted EPS": NaN,
        "Basic EPS": NaN,
        "Diluted NI Availto Com Stockholders": 46400000.0,
        "Net Income Common Stockholders": 46400000.0,
        "Net Income": 46400000.0,
        "Net Income Including Noncontrolling Interests": 46400000.0,
        "Net Income Continuous Operations": 46400000.0,
        "Tax Provision": 12100000.0,
        "Pretax Income": 58500000.0,
        "Other Income Expense": 1300000.0,
        "Other Non Operating Income Expenses": -300000.0,
        "Special Income Charges": 1600000.0,
        "Restructuring And Mergern Acquisition": -1600000.0,
        "Net Non Operating Interest Income Expense": -4300000.0,
        "Interest Expense Non Operating": 4300000.0,
        "Operating Income": 61500000.0,
        "Operating Expense": 57900000.0,
        "Depreciation Amortization Depletion Income Statement": 3800000.0,
        "Depreciation And Amortization In Income Statement": 3800000.0,
        "Amortization": 3800000.0,
        "Amortization Of Intangibles Income Statement": 3800000.0,
        "Selling General And Administration": 54100000.0,
        "Gross Profit": 119400000.0,
        "Cost Of Revenue": 329000000.0,
        "Total Revenue": 448400000.0,
        "Operating Revenue": 448400000.0
    },
    "2024-03-31": {
        "Tax Effect Of Unusual Items": -189000.0,
        "Tax Rate For Calcs": 0.21,
        "Normalized EBITDA": 70400000.0,
        "Total Unusual Items": -900000.0,
        "Total Unusual Items Excluding Goodwill": -900000.0,
        "Net Income From Continuing Operation Net Minority Interest": 51600000.0,
        "Reconciled Depreciation": 15400000.0,
        "Reconciled Cost Of Revenue": 297100000.0,
        "EBITDA": 69500000.0,
        "EBIT": 54100000.0,
        "Net Interest Income": -3200000.0,
        "Interest Expense": 3200000.0,
        "Normalized Income": 52311000.0,
        "Net Income From Continuing And Discontinued Operation": 51600000.0,
        "Total Expenses": 369700000.0,
        "Total Operating Income As Reported": 54300000.0,
        "Diluted Average Shares": 61600000.0,
        "Basic Average Shares": 60900000.0,
        "Diluted EPS": 0.84,
        "Basic EPS": 0.85,
        "Diluted NI Availto Com Stockholders": 51600000.0,
        "Net Income Common Stockholders": 51600000.0,
        "Net Income": 51600000.0,
        "Net Income Including Noncontrolling Interests": 51600000.0,
        "Net Income Continuous Operations": 51600000.0,
        "Tax Provision": -700000.0,
        "Pretax Income": 50900000.0,
        "Other Income Expense": -1100000.0,
        "Other Non Operating Income Expenses": -200000.0,
        "Special Income Charges": -900000.0,
        "Restructuring And Mergern Acquisition": 900000.0,
        "Net Non Operating Interest Income Expense": -3200000.0,
        "Interest Expense Non Operating": 3200000.0,
        "Operating Income": 55200000.0,
        "Operating Expense": 60800000.0,
        "Depreciation Amortization Depletion Income Statement": 3600000.0,
        "Depreciation And Amortization In Income Statement": 3600000.0,
        "Amortization": 3600000.0,
        "Amortization Of Intangibles Income Statement": 3600000.0,
        "Selling General And Administration": 57200000.0,
        "Gross Profit": 116000000.0,
        "Cost Of Revenue": 308900000.0,
        "Total Revenue": 424900000.0,
        "Operating Revenue": 424900000.0
    },
    "2024-06-30": {
        "Tax Effect Of Unusual Items": -172387.096774,
        "Tax Rate For Calcs": 0.215484,
        "Normalized EBITDA": 97300000.0,
        "Total Unusual Items": -800000.0,
        "Total Unusual Items Excluding Goodwill": -800000.0,
        "Net Income From Continuing Operation Net Minority Interest": 60800000.0,
        "Reconciled Depreciation": 15800000.0,
        "Reconciled Cost Of Revenue": 334400000.0,
        "EBITDA": 96500000.0,
        "EBIT": 80700000.0,
        "Net Interest Income": -3200000.0,
        "Interest Expense": 3200000.0,
        "Normalized Income": 61427612.903226,
        "Net Income From Continuing And Discontinued Operation": 60800000.0,
        "Total Expenses": 408500000.0,
        "Total Operating Income As Reported": 81100000.0,
        "Diluted Average Shares": 61700000.0,
        "Basic Average Shares": 61000000.0,
        "Diluted EPS": 0.99,
        "Basic EPS": 1.0,
        "Diluted NI Availto Com Stockholders": 60800000.0,
        "Net Income Common Stockholders": 60800000.0,
        "Net Income": 60800000.0,
        "Net Income Including Noncontrolling Interests": 60800000.0,
        "Net Income Continuous Operations": 60800000.0,
        "Tax Provision": 16700000.0,
        "Pretax Income": 77500000.0,
        "Other Income Expense": -1200000.0,
        "Other Non Operating Income Expenses": -400000.0,
        "Special Income Charges": -800000.0,
        "Restructuring And Mergern Acquisition": 800000.0,
        "Net Non Operating Interest Income Expense": -3200000.0,
        "Interest Expense Non Operating": 3200000.0,
        "Operating Income": 81900000.0,
        "Operating Expense": 62100000.0,
        "Depreciation Amortization Depletion Income Statement": 3800000.0,
        "Depreciation And Amortization In Income Statement": 3800000.0,
        "Amortization": 3800000.0,
        "Amortization Of Intangibles Income Statement": 3800000.0,
        "Selling General And Administration": 58300000.0,
        "Gross Profit": 144000000.0,
        "Cost Of Revenue": 346400000.0,
        "Total Revenue": 490400000.0,
        "Operating Revenue": 490400000.0
    }
}