{
    "2023-03-31": {
        "Tax Effect Of Unusual Items": NaN,
        "Tax Rate For Calcs": NaN,
        "Normalized EBITDA": NaN,
        "Net Income From Continuing Operation Net Minority Interest": NaN,
        "Reconciled Depreciation": NaN,
        "Reconciled Cost Of Revenue": NaN,
        "EBITDA": NaN,
        "EBIT": NaN,
        "Net Interest Income": NaN,
        "Interest Expense": NaN,
        "Normalized Income": NaN,
        "Net Income From Continuing And Discontinued Operation": NaN,
        "Total Expenses": NaN,
        "Total Operating Income As Reported": NaN,
        "Diluted Average Shares": 10792000.0,
        "Basic Average Shares": 10792000.0,
        "Diluted EPS": -0.2,
        "Basic EPS": -0.2,
        "Diluted NI Availto Com Stockholders": NaN,
        "Net Income Common Stockholders": NaN,
        "Net Income": NaN,
        "Minority Interests": NaN,
        "Net Income Including Noncontrolling Interests": NaN,
        "Net Income Continuous Operations": NaN,
        "Tax Provision": NaN,
        "Pretax Income": NaN,
        "Other Income Expense": NaN,
        "Other Non Operating Income Expenses": NaN,
        "Net Non Operating Interest Income Expense": NaN,
        "Interest Expense Non Operating": NaN,
        "Operating Income": NaN,
        "Operating Expense": NaN,
        "Depreciation Amortization Depletion Income Statement": NaN,
        "Depreciation And Amortization In Income Statement": NaN,
        "Amortization": NaN,
        "Amortization Of Intangibles Income Statement": NaN,
        "Selling General And Administration": NaN,
        "Gross Profit": NaN,
        "Cost Of Revenue": NaN,
        "Total Revenue": NaN,
        "Operating Revenue": NaN
    },
    "2022-12-31": {
        "Tax Effect Of Unusual Items": NaN,
        "Tax Rate For Calcs": NaN,
        "Normalized EBITDA": NaN,
        "Net Income From Continuing Operation Net Minority Interest": NaN,
        "Reconciled Depreciation": NaN,
        "Reconciled Cost Of Revenue": NaN,
        "EBITDA": NaN,
        "EBIT": NaN,
        "Net Interest Income": NaN,
        "Interest Expense": NaN,
        "Normalized Income": NaN,
        "Net Income From Continuing And Discontinued Operation": NaN,
        "Total Expenses": NaN,
        "Total Operating Income As Reported": NaN,
        "Diluted Average Shares": NaN,
        "Basic Average Shares": NaN,
        "Diluted EPS": NaN,
        "Basic EPS": NaN,
        "Diluted NI Availto Com Stockholders": NaN,
        "Net Income Common Stockholders": NaN,
        "Net Income": NaN,
        "Minority Interests": NaN,
        "Net Income Including Noncontrolling Interests": NaN,
        "Net Income Discontinuous Operations": 0.0,
        "Net Income Continuous Operations": NaN,
        "Tax Provision": NaN,
        "Pretax Income": NaN,
        "Other Income Expense": NaN,
        "Other Non Operating Income Expenses": NaN,
        "Net Non Operating Interest Income Expense": NaN,
        "Interest Expense Non Operating": NaN,
        "Operating Income": NaN,
        "Operating Expense": NaN,
        "Depreciation Amortization Depletion Income Statement": NaN,
        "Depreciation And Amortization In Income Statement": NaN,
        "Amortization": NaN,
        "Amortization Of Intangibles Income Statement": NaN,
        "Selling General And Administration": NaN,
        "Gross Profit": NaN,
        "Cost Of Revenue": NaN,
        "Total Revenue": NaN,
        "Operating Revenue": NaN
    },
    "2022-09-30": {
        "Tax Effect Of Unusual Items": NaN,
        "Tax Rate For Calcs": NaN,
        "Normalized EBITDA": NaN,
        "Net Income From Continuing Operation Net Minority Interest": NaN,
        "Reconciled Depreciation": NaN,
        "Reconciled Cost Of Revenue": NaN,
        "EBITDA": NaN,
        "EBIT": NaN,
        "Net Interest Income": NaN,
        "Interest Expense": NaN,
        "Normalized Income": NaN,
        "Net Income From Continuing And Discontinued Operation": NaN,
        "Total Expenses": NaN,
        "Total Operating Income As Reported": NaN,
        "Diluted Average Shares": NaN,
        "Basic Average Shares": NaN,
        "Diluted EPS": NaN,
        "Basic EPS": NaN,
        "Diluted NI Availto Com Stockholders": NaN,
        "Net Income Common Stockholders": NaN,
        "Net Income": NaN,
        "Minority Interests": NaN,
        "Net Income Including Noncontrolling Interests": NaN,
        "Net Income Discontinuous Operations": 0.0,
        "Net Income Continuous Operations": NaN,
        "Tax Provision": NaN,
        "Pretax Income": NaN,
        "Other Income Expense": NaN,
        "Other Non Operating Income Expenses": NaN,
        "Net Non Operating Interest Income Expense": NaN,
        "Interest Expense Non Operating": NaN,
        "Operating Income": NaN,
        "Operating Expense": NaN,
        "Depreciation Amortization Depletion Income Statement": NaN,
        "Depreciation And Amortization In Income Statement": NaN,
        "Amortization": NaN,
        "Amortization Of Intangibles Income Statement": NaN,
        "Selling General And Administration": NaN,
        "Gross Profit": NaN,
        "Cost Of Revenue": NaN,
        "Total Revenue": NaN,
        "Operating Revenue": NaN
    },
    "2022-06-30": {
        "Tax Effect Of Unusual Items": 0.0,
        "Tax Rate For Calcs": 0.294,
        "Normalized EBITDA": 6476000.0,
        "Total Unusual Items": NaN,
        "Total Unusual Items Excluding Goodwill": NaN,
        "Net Income From Continuing Operation Net Minority Interest": 2010000.0,
        "Reconciled Depreciation": 3295000.0,
        "Reconciled Cost Of Revenue": 106346000.0,
        "EBITDA": 6476000.0,
        "EBIT": 3181000.0,
        "Net Interest Income": -384000.0,
        "Interest Expense": 384000.0,
        "Normalized Income": 2010000.0,
        "Net Income From Continuing And Discontinued Operation": 2010000.0,
        "Total Expenses": 129035000.0,
        "Total Operating Income As Reported": 2480000.0,
        "Diluted Average Shares": 10814000.0,
        "Basic Average Shares": 10715000.0,
        "Diluted EPS": 0.18,
        "Basic EPS": 0.18,
        "Diluted NI Availto Com Stockholders": 2010000.0,
        "Net Income Common Stockholders": 2010000.0,
        "Net Income": 2010000.0,
        "Minority Interests": 34000.0,
        "Net Income Including Noncontrolling Interests": 1976000.0,
        "Net Income Discontinuous Operations": NaN,
        "Net Income Continuous Operations": 1976000.0,
        "Tax Provision": 821000.0,
        "Pretax Income": 2797000.0,
        "Other Income Expense": 701000.0,
        "Other Non Operating Income Expenses": 701000.0,
        "Special Income Charges": NaN,
        "Impairment Of Capital Assets": NaN,
        "Net Non Operating Interest Income Expense": -384000.0,
        "Interest Expense Non Operating": 384000.0,
        "Operating Income": 2480000.0,
        "Operating Expense": 20813000.0,
        "Depreciation Amortization Depletion Income Statement": 1419000.0,
        "Depreciation And Amortization In Income Statement": 1419000.0,
        "Amortization": 1419000.0,
        "Amortization Of Intangibles Income Statement": 1419000.0,
        "Selling General And Administration": 19394000.0,
        "Gross Profit": 23293000.0,
        "Cost Of Revenue": 108222000.0,
        "Total Revenue": 131515000.0,
        "Operating Revenue": 131515000.0
    },
    "2022-03-31": {
        "Diluted EPS": -0.15,
        "Total Revenue": 99,
        "Gross Profit": 16,
        "Operating Income": -2,
        "EBIT": 1,
        "Net Income": -2
    },
    "2021-12-31": {
        "Diluted EPS": -0.03,
        "Total Revenue": 113,
        "Gross Profit": 19,
        "Operating Income": -1,
        "EBIT": 3,
        "Net Income": 0
    },
    "2021-09-30": {
        "Diluted EPS": 0.22,
        "Total Revenue": 130,
        "Gross Profit": 22,
        "Operating Income": 1,
        "EBIT": 4,
        "Net Income": 2
    },
    "2021-06-30": {
        "Diluted EPS": 0.27,
        "Total Revenue": 155,
        "Gross Profit": 26,
        "Operating Income": 5,
        "EBIT": 8,
        "Net Income": 3
    },
    "2021-03-31": {
        "Diluted EPS": -0.12,
        "Total Revenue": 116,
        "Gross Profit": 19,
        "Operating Income": -1,
        "EBIT": 3,
        "Net Income": -1
    },
    "2020-12-31": {
        "Diluted EPS": 0.2,
        "Total Revenue": 116,
        "Gross Profit": 22,
        "Operating Income": 3,
        "EBIT": 6,
        "Net Income": 2
    },
    "2020-09-30": {
        "Diluted EPS": 0.64,
        "Total Revenue": 118,
        "Gross Profit": 22,
        "Operating Income": 4,
        "EBIT": 7,
        "Net Income": 7
    },
    "2020-06-30": {
        "Diluted EPS": 0.05,
        "Total Revenue": 142,
        "Gross Profit": 28,
        "Operating Income": 8,
        "EBIT": 11,
        "Net Income": 1
    },
    "2020-03-31": {
        "Diluted EPS": -0.18,
        "Total Revenue": 122,
        "Gross Profit": 23,
        "Operating Income": 1,
        "EBIT": 5,
        "Net Income": -2
    },
    "2019-12-31": {
        "Diluted EPS": 2.46,
        "Total Revenue": 120,
        "Gross Profit": 27,
        "Operating Income": 9,
        "EBIT": 12,
        "Net Income": 26
    },
    "2019-09-30": {
        "Diluted EPS": 0.29,
        "Total Revenue": 145,
        "Gross Profit": 28,
        "Operating Income": 5,
        "EBIT": 7,
        "Net Income": 3
    },
    "2019-06-30": {
        "Diluted EPS": 0.9,
        "Total Revenue": 201,
        "Gross Profit": 37,
        "Operating Income": 13,
        "EBIT": 17,
        "Net Income": 10
    },
    "2019-03-31": {
        "Diluted EPS": 0.35,
        "Total Revenue": 150,
        "Gross Profit": 29,
        "Operating Income": 6,
        "EBIT": 10,
        "Net Income": 4
    },
    "2018-12-31": {
        "Diluted EPS": -3.96,
        "Total Revenue": 119,
        "Gross Profit": 27,
        "Operating Income": -35,
        "EBIT": -34,
        "Net Income": -41
    },
    "2018-09-30": {
        "Diluted EPS": 0.61,
        "Total Revenue": 167,
        "Gross Profit": 31,
        "Operating Income": 8,
        "EBIT": 12,
        "Net Income": 6
    },
    "2018-06-30": {
        "Diluted EPS": 0.52,
        "Total Revenue": 173,
        "Gross Profit": 33,
        "Operating Income": 8,
        "EBIT": 13,
        "Net Income": 5
    },
    "2018-03-31": {
        "Diluted EPS": -0.18,
        "Total Revenue": 122,
        "Gross Profit": 22,
        "Operating Income": 0,
        "EBIT": 5,
        "Net Income": -2
    },
    "2017-12-31": {
        "Diluted EPS": 0.14,
        "Total Revenue": 141,
        "Gross Profit": 30,
        "Operating Income": 8,
        "EBIT": 13,
        "Net Income": 2
    },
    "2017-09-30": {
        "Diluted EPS": 0.31,
        "Total Revenue": 131,
        "Gross Profit": 26,
        "Operating Income": 4,
        "EBIT": 9,
        "Net Income": 3
    },
    "2017-06-30": {
        "Diluted EPS": 0.29,
        "Total Revenue": 145,
        "Gross Profit": 28,
        "Operating Income": 5,
        "EBIT": 10,
        "Net Income": 3
    },
    "2017-03-31": {
        "Diluted EPS": -0.23,
        "Total Revenue": 119,
        "Gross Profit": 21,
        "Operating Income": 0,
        "EBIT": 5,
        "Net Income": -2
    },
    "2016-12-31": {
        "Diluted EPS": -3.97,
        "Total Revenue": 107,
        "Gross Profit": 19,
        "Operating Income": -3,
        "EBIT": 2,
        "Net Income": -41
    },
    "2016-09-30": {
        "Diluted EPS": -0.58,
        "Total Revenue": 115,
        "Gross Profit": 20,
        "Operating Income": -2,
        "EBIT": 3,
        "Net Income": -6
    },
    "2016-06-30": {
        "Diluted EPS": -8.96,
        "Total Revenue": 136,
        "Gross Profit": 28,
        "Operating Income": 2,
        "EBIT": 8,
        "Net Income": -92
    },
    "2016-03-31": {
        "Diluted EPS": -0.28,
        "Total Revenue": 126,
        "Gross Profit": 24,
        "Operating Income": -2,
        "EBIT": 5,
        "Net Income": -3
    },
    "2015-12-31": {
        "Diluted EPS": 0.34,
        "Total Revenue": 139,
        "Gross Profit": 30,
        "Operating Income": 2,
        "EBIT": 9,
        "Net Income": 3
    },
    "2015-09-30": {
        "Diluted EPS": -5.6,
        "Total Revenue": 176,
        "Gross Profit": 36,
        "Operating Income": 11,
        "EBIT": 18,
        "Net Income": -57
    },
    "2015-06-30": {
        "Diluted EPS": 0.52,
        "Total Revenue": 171,
        "Gross Profit": 37,
        "Operating Income": 9,
        "EBIT": 17,
        "Net Income": 5
    },
    "2015-03-31": {
        "Diluted EPS": 0.41,
        "Total Revenue": 138,
        "Gross Profit": 31,
        "Operating Income": 6,
        "EBIT": 11,
        "Net Income": 4
    },
    "2014-12-31": {
        "Diluted EPS": 0.58,
        "Total Revenue": 161,
        "Gross Profit": 32,
        "Operating Income": 9,
        "EBIT": 12,
        "Net Income": 6
    },
    "2014-09-30": {
        "Diluted EPS": 0.88,
        "Total Revenue": 168,
        "Gross Profit": 35,
        "Operating Income": 13,
        "EBIT": 17,
        "Net Income": 9
    },
    "2014-06-30": {
        "Diluted EPS": 0.67,
        "Total Revenue": 167,
        "Gross Profit": 31,
        "Operating Income": 10,
        "EBIT": 13,
        "Net Income": 7
    },
    "2014-03-31": {
        "Diluted EPS": 0.35,
        "Total Revenue": 111,
        "Gross Profit": 24,
        "Operating Income": 5,
        "EBIT": 8,
        "Net Income": 4
    },
    "2013-12-31": {
        "Diluted EPS": 0.71,
        "Total Revenue": 156,
        "Gross Profit": 31,
        "Operating Income": 11,
        "EBIT": 14,
        "Net Income": 7
    },
    "2013-09-30": {
        "Diluted EPS": 0.95,
        "Total Revenue": 162,
        "Gross Profit": 31,
        "Operating Income": 13,
        "EBIT": 15,
        "Net Income": 10
    },
    "2013-06-30": {
        "Diluted EPS": 0.71,
        "Total Revenue": 150,
        "Gross Profit": 29,
        "Operating Income": 11,
        "EBIT": 13,
        "Net Income": 7
    },
    "2013-03-31": {
        "Diluted EPS": 0.48,
        "Total Revenue": 129,
        "Gross Profit": 25,
        "Operating Income": 7,
        "EBIT": 9,
        "Net Income": 5
    },
    "2012-12-31": {
        "Diluted EPS": 0.64,
        "Total Revenue": 141,
        "Gross Profit": 28,
        "Operating Income": 10,
        "EBIT": 14,
        "Net Income": 7
    },
    "2012-09-30": {
        "Diluted EPS": 0.81,
        "Total Revenue": 170,
        "Gross Profit": 31,
        "Operating Income": 13,
        "EBIT": 17,
        "Net Income": 8
    },
    "2012-06-30": {
        "Diluted EPS": -0.2,
        "Total Revenue": 163,
        "Gross Profit": 12,
        "Operating Income": -5,
        "EBIT": -2,
        "Net Income": -2
    },
    "2012-03-31": {
        "Diluted EPS": 0.33,
        "Total Revenue": 114,
        "Gross Profit": 22,
        "Operating Income": 4,
        "EBIT": 7,
        "Net Income": 3
    },
    "2011-12-31": {
        "Diluted EPS": 0.59,
        "Total Revenue": 128,
        "Gross Profit": 26,
        "Operating Income": 9,
        "EBIT": 12,
        "Net Income": 6
    },
    "2011-09-30": {
        "Diluted EPS": 0.95,
        "Total Revenue": 158,
        "Gross Profit": 30,
        "Operating Income": 12,
        "EBIT": 14,
        "Net Income": 10
    },
    "2011-06-30": {
        "Diluted EPS": 0.61,
        "Total Revenue": 172,
        "Gross Profit": 26,
        "Operating Income": 9,
        "EBIT": 12,
        "Net Income": 6
    },
    "2011-03-31": {
        "Diluted EPS": 0.07,
        "Total Revenue": 117,
        "Gross Profit": 17,
        "Operating Income": 1,
        "EBIT": 4,
        "Net Income": 1
    },
    "2010-12-31": {
        "Diluted EPS": 0.6,
        "Total Revenue": 140,
        "Gross Profit": 20,
        "Operating Income": 9,
        "EBIT": 11,
        "Net Income": 6
    },
    "2010-09-30": {
        "Diluted EPS": 0.63,
        "Total Revenue": 126,
        "Gross Profit": 20,
        "Operating Income": 10,
        "EBIT": 12,
        "Net Income": 7
    },
    "2010-06-30": {
        "Diluted EPS": 0.58,
        "Total Revenue": 120,
        "Gross Profit": 20,
        "Operating Income": 10,
        "EBIT": 12,
        "Net Income": 6
    },
    "2010-03-31": {
        "Diluted EPS": 0.17,
        "Total Revenue": 82,
        "Gross Profit": 12,
        "Operating Income": 3,
        "EBIT": 5,
        "Net Income": 2
    },
    "2009-12-31": {
        "Diluted EPS": 0.38,
        "Total Revenue": 105,
        "Gross Profit": 16,
        "Operating Income": 7,
        "EBIT": 9,
        "Net Income": 4
    },
    "2009-09-30": {
        "Diluted EPS": 0.6,
        "Total Revenue": 98,
        "Gross Profit": 18,
        "Operating Income": 9,
        "EBIT": 11,
        "Net Income": 6
    },
    "2009-06-30": {
        "Diluted EPS": 0.26,
        "Total Revenue": 99,
        "Gross Profit": 13,
        "Operating Income": 4,
        "EBIT": 6,
        "Net Income": 3
    },
    "2009-03-31": {
        "Diluted EPS": 0.29,
        "Total Revenue": 102,
        "Gross Profit": 14,
        "Operating Income": 5,
        "EBIT": 7,
        "Net Income": 3
    },
    "2023-06-30": {
        "Tax Effect Of Unusual Items": 0.0,
        "Tax Rate For Calcs": 0.138807,
        "Normalized EBITDA": 9489000.0,
        "Net Income From Continuing Operation Net Minority Interest": 3531000.0,
        "Reconciled Depreciation": 3859000.0,
        "Reconciled Cost Of Revenue": 113298000.0,
        "EBITDA": 9489000.0,
        "EBIT": 5630000.0,
        "Net Interest Income": -1574000.0,
        "Interest Expense": 1574000.0,
        "Normalized Income": 3531000.0,
        "Net Income From Continuing And Discontinued Operation": 3531000.0,
        "Total Expenses": 141685000.0,
        "Total Operating Income As Reported": 6349000.0,
        "Diluted Average Shares": 10878000.0,
        "Basic Average Shares": 10807000.0,
        "Diluted EPS": 0.32,
        "Basic EPS": 0.32,
        "Diluted NI Availto Com Stockholders": 3531000.0,
        "Net Income Common Stockholders": 3531000.0,
        "Net Income": 3531000.0,
        "Minority Interests": 38000.0,
        "Net Income Including Noncontrolling Interests": 3493000.0,
        "Net Income Continuous Operations": 3493000.0,
        "Tax Provision": 563000.0,
        "Pretax Income": 4056000.0,
        "Other Income Expense": -719000.0,
        "Other Non Operating Income Expenses": -719000.0,
        "Net Non Operating Interest Income Expense": -1574000.0,
        "Interest Expense Non Operating": 1574000.0,
        "Operating Income": 6349000.0,
        "Operating Expense": 25903000.0,
        "Depreciation Amortization Depletion Income Statement": 1375000.0,
        "Depreciation And Amortization In Income Statement": 1375000.0,
        "Amortization": 1375000.0,
        "Amortization Of Intangibles Income Statement": 1375000.0,
        "Selling General And Administration": 24528000.0,
        "Gross Profit": 32252000.0,
        "Cost Of Revenue": 115782000.0,
        "Total Revenue": 148034000.0,
        "Operating Revenue": 148034000.0
    },
    "2023-09-30": {
        "Tax Effect Of Unusual Items": 0.0,
        "Tax Rate For Calcs": 0.21,
        "Normalized EBITDA": 5607000.0,
        "Net Income From Continuing Operation Net Minority Interest": 515000.0,
        "Reconciled Depreciation": 3839000.0,
        "Reconciled Cost Of Revenue": 114661000.0,
        "EBITDA": 5607000.0,
        "EBIT": 1768000.0,
        "Net Interest Income": -1442000.0,
        "Interest Expense": 1442000.0,
        "Normalized Income": 515000.0,
        "Net Income From Continuing And Discontinued Operation": 515000.0,
        "Total Expenses": 142660000.0,
        "Total Operating Income As Reported": 2685000.0,
        "Diluted Average Shares": 10973000.0,
        "Basic Average Shares": 10813000.0,
        "Diluted EPS": 0.05,
        "Basic EPS": 0.05,
        "Diluted NI Availto Com Stockholders": 515000.0,
        "Net Income Common Stockholders": 515000.0,
        "Net Income": 515000.0,
        "Minority Interests": 68000.0,
        "Net Income Including Noncontrolling Interests": 447000.0,
        "Net Income Continuous Operations": 447000.0,
        "Tax Provision": -121000.0,
        "Pretax Income": 326000.0,
        "Other Income Expense": -917000.0,
        "Other Non Operating Income Expenses": -917000.0,
        "Net Non Operating Interest Income Expense": -1442000.0,
        "Interest Expense Non Operating": 1442000.0,
        "Operating Income": 2685000.0,
        "Operating Expense": 25539000.0,
        "Depreciation Amortization Depletion Income Statement": 1379000.0,
        "Depreciation And Amortization In Income Statement": 1379000.0,
        "Amortization": 1379000.0,
        "Amortization Of Intangibles Income Statement": 1379000.0,
        "Selling General And Administration": 24160000.0,
        "Gross Profit": 28224000.0,
        "Cost Of Revenue": 117121000.0,
        "Total Revenue": 145345000.0,
        "Operating Revenue": 145345000.0
    },
    "2023-12-31": {
        "Tax Effect Of Unusual Items": 0.0,
        "Tax Rate For Calcs": 0.352617,
        "Normalized EBITDA": 4093000.0,
        "Net Income From Continuing Operation Net Minority Interest": -430000.0,
        "Reconciled Depreciation": 3695000.0,
        "Reconciled Cost Of Revenue": 103334000.0,
        "EBITDA": 4093000.0,
        "EBIT": 398000.0,
        "Net Interest Income": -1124000.0,
        "Interest Expense": 1124000.0,
        "Normalized Income": -430000.0,
        "Net Income From Continuing And Discontinued Operation": -430000.0,
        "Total Expenses": 134276000.0,
        "Total Operating Income As Reported": 601000.0,
        "Diluted Average Shares": NaN,
        "Basic Average Shares": NaN,
        "Diluted EPS": NaN,
        "Basic EPS": NaN,
        "Diluted NI Availto Com Stockholders": -430000.0,
        "Net Income Common Stockholders": -430000.0,
        "Net Income": -430000.0,
        "Minority Interests": 40000.0,
        "Net Income Including Noncontrolling Interests": -470000.0,
        "Net Income Continuous Operations": -470000.0,
        "Tax Provision": -256000.0,
        "Pretax Income": -726000.0,
        "Other Income Expense": -203000.0,
        "Other Non Operating Income Expenses": 4351000.0,
        "Net Non Operating Interest Income Expense": -1124000.0,
        "Interest Expense Non Operating": 1124000.0,
        "Operating Income": 601000.0,
        "Operating Expense": 28442000.0,
        "Depreciation Amortization Depletion Income Statement": 1195000.0,
        "Depreciation And Amortization In Income Statement": 1195000.0,
        "Amortization": 1195000.0,
        "Amortization Of Intangibles Income Statement": 1195000.0,
        "Selling General And Administration": 27247000.0,
        "Gross Profit": 29043000.0,
        "Cost Of Revenue": 105834000.0,
        "Total Revenue": 134877000.0,
        "Operating Revenue": 134877000.0
    },
    "2024-03-31": {
        "Tax Effect Of Unusual Items": 0.0,
        "Tax Rate For Calcs": 0.062,
        "Normalized EBITDA": 9410000.0,
        "Net Income From Continuing Operation Net Minority Interest": 4436000.0,
        "Reconciled Depreciation": 3591000.0,
        "Reconciled Cost Of Revenue": 95697000.0,
        "EBITDA": 9410000.0,
        "EBIT": 5819000.0,
        "Net Interest Income": -1125000.0,
        "Interest Expense": 1125000.0,
        "Normalized Income": 4436000.0,
        "Net Income From Continuing And Discontinued Operation": 4436000.0,
        "Total Expenses": 122037000.0,
        "Total Operating Income As Reported": 2283000.0,
        "Diluted Average Shares": 10985000.0,
        "Basic Average Shares": 10762000.0,
        "Diluted EPS": 0.4,
        "Basic EPS": 0.41,
        "Diluted NI Availto Com Stockholders": 4436000.0,
        "Net Income Common Stockholders": 4436000.0,
        "Net Income": 4436000.0,
        "Minority Interests": 31000.0,
        "Net Income Including Noncontrolling Interests": 4405000.0,
        "Net Income Continuous Operations": 4405000.0,
        "Tax Provision": 289000.0,
        "Pretax Income": 4694000.0,
        "Other Income Expense": 3536000.0,
        "Other Non Operating Income Expenses": 3536000.0,
        "Net Non Operating Interest Income Expense": -1125000.0,
        "Interest Expense Non Operating": 1125000.0,
        "Operating Income": 2283000.0,
        "Operating Expense": 23966000.0,
        "Depreciation Amortization Depletion Income Statement": 1217000.0,
        "Depreciation And Amortization In Income Statement": 1217000.0,
        "Amortization": 1217000.0,
        "Amortization Of Intangibles Income Statement": 1217000.0,
        "Selling General And Administration": 22749000.0,
        "Gross Profit": 26249000.0,
        "Cost Of Revenue": 98071000.0,
        "Total Revenue": 124320000.0,
        "Operating Revenue": 124320000.0
    },
    "2024-06-30": {
        "Tax Effect Of Unusual Items": 0.0,
        "Tax Rate For Calcs": 0.10939,
        "Normalized EBITDA": 8141000.0,
        "Net Income From Continuing Operation Net Minority Interest": 2847000.0,
        "Reconciled Depreciation": 3485000.0,
        "Reconciled Cost Of Revenue": 107911000.0,
        "EBITDA": 8141000.0,
        "EBIT": 4656000.0,
        "Net Interest Income": -1493000.0,
        "Interest Expense": 1493000.0,
        "Normalized Income": 2847000.0,
        "Net Income From Continuing And Discontinued Operation": 2847000.0,
        "Total Expenses": 136292000.0,
        "Total Operating Income As Reported": 4504000.0,
        "Diluted Average Shares": 11060000.0,
        "Basic Average Shares": 10793000.0,
        "Diluted EPS": 0.26,
        "Basic EPS": 0.26,
        "Diluted NI Availto Com Stockholders": 2847000.0,
        "Net Income Common Stockholders": 2847000.0,
        "Net Income": 2847000.0,
        "Minority Interests": 30000.0,
        "Net Income Including Noncontrolling Interests": 2817000.0,
        "Net Income Continuous Operations": 2817000.0,
        "Tax Provision": 346000.0,
        "Pretax Income": 3163000.0,
        "Other Income Expense": 152000.0,
        "Other Non Operating Income Expenses": 152000.0,
        "Net Non Operating Interest Income Expense": -1493000.0,
        "Interest Expense Non Operating": 1493000.0,
        "Operating Income": 4504000.0,
        "Operating Expense": 26019000.0,
        "Depreciation Amortization Depletion Income Statement": 1123000.0,
        "Depreciation And Amortization In Income Statement": 1123000.0,
        "Amortization": 1123000.0,
        "Amortization Of Intangibles Income Statement": 1123000.0,
        "Selling General And Administration": 24896000.0,
        "Gross Profit": 30523000.0,
        "Cost Of Revenue": 110273000.0,
        "Total Revenue": 140796000.0,
        "Operating Revenue": 140796000.0
    }
}