{
    "2023-03-31": {
        "Tax Effect Of Unusual Items": -847637.166895,
        "Tax Rate For Calcs": 0.123078,
        "Normalized EBITDA": -73872000.0,
        "Total Unusual Items": -6887000.0,
        "Total Unusual Items Excluding Goodwill": -6887000.0,
        "Net Income From Continuing Operation Net Minority Interest": -171927000.0,
        "Reconciled Depreciation": 87444000.0,
        "Reconciled Cost Of Revenue": 315759000.0,
        "EBIT": -168203000.0,
        "Net Interest Income": -13776000.0,
        "Interest Expense": 30533000.0,
        "Interest Income": 16757000.0,
        "Normalized Income": -165887637.166895,
        "Net Income From Continuing And Discontinued Operation": -171927000.0,
        "Total Expenses": 734520000.0,
        "Total Operating Income As Reported": -178129000.0,
        "Diluted Average Shares": 398492722.0,
        "Basic Average Shares": 398492722.0,
        "Diluted EPS": -0.43,
        "Basic EPS": -0.43,
        "Diluted NI Availto Com Stockholders": -171927000.0,
        "Net Income Common Stockholders": -171927000.0,
        "Net Income": -171927000.0,
        "Minority Interests": 2349000.0,
        "Net Income Including Noncontrolling Interests": -174276000.0,
        "Net Income Continuous Operations": -174276000.0,
        "Tax Provision": -24460000.0,
        "Pretax Income": -198736000.0,
        "Other Income Expense": -6831000.0,
        "Special Income Charges": NaN,
        "Impairment Of Capital Assets": NaN,
        "Restructuring And Mergern Acquisition": NaN,
        "Earnings From Equity Interest": 56000.0,
        "Gain On Sale Of Security": -6887000.0,
        "Net Non Operating Interest Income Expense": -13776000.0,
        "Interest Expense Non Operating": 30533000.0,
        "Interest Income Non Operating": 16757000.0,
        "Operating Income": -178129000.0,
        "Operating Expense": 418761000.0,
        "Depreciation Amortization Depletion Income Statement": 87444000.0,
        "Depreciation And Amortization In Income Statement": 87444000.0,
        "Selling General And Administration": 331317000.0,
        "General And Administrative Expense": 331317000.0,
        "Other Gand A": 282007000.0,
        "Salaries And Wages": 49310000.0,
        "Gross Profit": 240632000.0,
        "Cost Of Revenue": 315759000.0,
        "Total Revenue": 556391000.0,
        "Operating Revenue": 556391000.0
    },
    "2022-12-31": {
        "Tax Effect Of Unusual Items": 19477200.0,
        "Tax Rate For Calcs": 0.4,
        "Normalized EBITDA": -84425000.0,
        "Total Unusual Items": 48693000.0,
        "Total Unusual Items Excluding Goodwill": 48693000.0,
        "Net Income From Continuing Operation Net Minority Interest": -171336000.0,
        "Reconciled Depreciation": 85972000.0,
        "Reconciled Cost Of Revenue": 370753000.0,
        "EBIT": -121704000.0,
        "Net Interest Income": -23118000.0,
        "Interest Expense": 54445000.0,
        "Interest Income": 31327000.0,
        "Normalized Income": -200551800.0,
        "Net Income From Continuing And Discontinued Operation": -171336000.0,
        "Total Expenses": 830916000.0,
        "Total Operating Income As Reported": -300188000.0,
        "Diluted Average Shares": 423128903.0,
        "Basic Average Shares": 390772558.0,
        "Diluted EPS": -0.66,
        "Basic EPS": -0.44,
        "Diluted NI Availto Com Stockholders": -171336000.0,
        "Net Income Common Stockholders": -171336000.0,
        "Net Income": -171336000.0,
        "Minority Interests": 5329000.0,
        "Net Income Including Noncontrolling Interests": -176665000.0,
        "Net Income Continuous Operations": -176665000.0,
        "Tax Provision": 516000.0,
        "Pretax Income": -176149000.0,
        "Other Income Expense": 48712000.0,
        "Special Income Charges": -98445000.0,
        "Impairment Of Capital Assets": 98445000.0,
        "Restructuring And Mergern Acquisition": 0.0,
        "Earnings From Equity Interest": 19000.0,
        "Gain On Sale Of Security": 147138000.0,
        "Net Non Operating Interest Income Expense": -23118000.0,
        "Interest Expense Non Operating": 54445000.0,
        "Interest Income Non Operating": 31327000.0,
        "Operating Income": -201743000.0,
        "Operating Expense": 460163000.0,
        "Depreciation Amortization Depletion Income Statement": 85972000.0,
        "Depreciation And Amortization In Income Statement": 85972000.0,
        "Selling General And Administration": 374191000.0,
        "General And Administrative Expense": 374191000.0,
        "Other Gand A": 307096000.0,
        "Salaries And Wages": 67095000.0,
        "Gross Profit": 258420000.0,
        "Cost Of Revenue": 370753000.0,
        "Total Revenue": 629173000.0,
        "Operating Revenue": 629173000.0
    },
    "2022-09-30": {
        "Tax Effect Of Unusual Items": -18894400.0,
        "Tax Rate For Calcs": 0.4,
        "Normalized EBITDA": -92603000.0,
        "Total Unusual Items": -47236000.0,
        "Total Unusual Items Excluding Goodwill": -47236000.0,
        "Net Income From Continuing Operation Net Minority Interest": -274186000.0,
        "Reconciled Depreciation": 84751000.0,
        "Reconciled Cost Of Revenue": 326788000.0,
        "EBIT": -224590000.0,
        "Net Interest Income": -47326000.0,
        "Interest Expense": 50148000.0,
        "Interest Income": 2822000.0,
        "Normalized Income": -245844400.0,
        "Net Income From Continuing And Discontinued Operation": -274186000.0,
        "Total Expenses": 773552000.0,
        "Total Operating Income As Reported": -218482000.0,
        "Diluted Average Shares": 384958684.0,
        "Basic Average Shares": 384958684.0,
        "Diluted EPS": -0.71,
        "Basic EPS": -0.71,
        "Diluted NI Availto Com Stockholders": -274186000.0,
        "Net Income Common Stockholders": -274186000.0,
        "Net Income": -274186000.0,
        "Minority Interests": 716000.0,
        "Net Income Including Noncontrolling Interests": -274902000.0,
        "Net Income Continuous Operations": -274902000.0,
        "Tax Provision": 164000.0,
        "Pretax Income": -274738000.0,
        "Other Income Expense": -47217000.0,
        "Special Income Charges": -38287000.0,
        "Impairment Of Capital Assets": 38287000.0,
        "Restructuring And Mergern Acquisition": NaN,
        "Earnings From Equity Interest": 19000.0,
        "Gain On Sale Of Security": -8949000.0,
        "Net Non Operating Interest Income Expense": -47326000.0,
        "Interest Expense Non Operating": 50148000.0,
        "Interest Income Non Operating": 2822000.0,
        "Operating Income": -180195000.0,
        "Operating Expense": 446764000.0,
        "Depreciation Amortization Depletion Income Statement": 84751000.0,
        "Depreciation And Amortization In Income Statement": 84751000.0,
        "Selling General And Administration": 362013000.0,
        "General And Administrative Expense": 362013000.0,
        "Other Gand A": 277728000.0,
        "Salaries And Wages": 84285000.0,
        "Gross Profit": 266569000.0,
        "Cost Of Revenue": 326788000.0,
        "Total Revenue": 593357000.0,
        "Operating Revenue": 593357000.0
    },
    "2022-06-30": {
        "Tax Effect Of Unusual Items": 100865200.0,
        "Tax Rate For Calcs": 0.4,
        "Normalized EBITDA": -84672000.0,
        "Total Unusual Items": 252163000.0,
        "Total Unusual Items Excluding Goodwill": 252163000.0,
        "Net Income From Continuing Operation Net Minority Interest": 70483000.0,
        "Reconciled Depreciation": 80557000.0,
        "Reconciled Cost Of Revenue": 311677000.0,
        "EBIT": 86934000.0,
        "Net Interest Income": -24184000.0,
        "Interest Expense": 26558000.0,
        "Interest Income": 2374000.0,
        "Normalized Income": -80814800.0,
        "Net Income From Continuing And Discontinued Operation": 70483000.0,
        "Total Expenses": 746962000.0,
        "Total Operating Income As Reported": -167615000.0,
        "Diluted Average Shares": 438030699.0,
        "Basic Average Shares": 382806025.0,
        "Diluted EPS": -0.5,
        "Basic EPS": 0.18,
        "Diluted NI Availto Com Stockholders": 70483000.0,
        "Net Income Common Stockholders": 70483000.0,
        "Net Income": 70483000.0,
        "Minority Interests": 2813000.0,
        "Net Income Including Noncontrolling Interests": 67670000.0,
        "Net Income Continuous Operations": 67670000.0,
        "Tax Provision": -7294000.0,
        "Pretax Income": 60376000.0,
        "Other Income Expense": 252175000.0,
        "Special Income Charges": NaN,
        "Impairment Of Capital Assets": NaN,
        "Restructuring And Mergern Acquisition": NaN,
        "Earnings From Equity Interest": 12000.0,
        "Gain On Sale Of Security": 252163000.0,
        "Net Non Operating Interest Income Expense": -24184000.0,
        "Interest Expense Non Operating": 26558000.0,
        "Interest Income Non Operating": 2374000.0,
        "Operating Income": -167615000.0,
        "Operating Expense": 435285000.0,
        "Depreciation Amortization Depletion Income Statement": 80557000.0,
        "Depreciation And Amortization In Income Statement": 80557000.0,
        "Selling General And Administration": 354728000.0,
        "General And Administrative Expense": 354728000.0,
        "Other Gand A": 296659000.0,
        "Salaries And Wages": 58069000.0,
        "Gross Profit": 267670000.0,
        "Cost Of Revenue": 311677000.0,
        "Total Revenue": 579347000.0,
        "Operating Revenue": 579347000.0
    },
    "2022-03-31": {
        "Diluted EPS": -0.37,
        "Total Revenue": 515,
        "Gross Profit": 231,
        "Operating Income": -161,
        "EBIT": -79,
        "Net Income": 734
    },
    "2021-12-31": {
        "Diluted EPS": -0.23,
        "Total Revenue": 666,
        "Gross Profit": 313,
        "Operating Income": NaN,
        "EBIT": -938,
        "Net Income": 101
    },
    "2021-09-30": {
        "Diluted EPS": -0.25,
        "Total Revenue": 583,
        "Gross Profit": 252,
        "Operating Income": -106,
        "EBIT": -41,
        "Net Income": 767
    },
    "2021-06-30": {
        "Diluted EPS": -0.31,
        "Total Revenue": 523,
        "Gross Profit": 230,
        "Operating Income": 95,
        "EBIT": 158,
        "Net Income": 87
    },
    "2021-03-31": {
        "Diluted EPS": -0.28,
        "Total Revenue": 485,
        "Gross Profit": 221,
        "Operating Income": 541,
        "EBIT": 595,
        "Net Income": 511
    },
    "2020-12-31": {
        "Diluted EPS": -6.58,
        "Total Revenue": 540,
        "Gross Profit": 249,
        "Operating Income": NaN,
        "EBIT": NaN,
        "Net Income": NaN
    },
    "2020-09-30": {
        "Diluted EPS": -1.58,
        "Total Revenue": 438,
        "Gross Profit": 209,
        "Operating Income": -520,
        "EBIT": -466,
        "Net Income": -544
    },
    "2020-06-30": {
        "Diluted EPS": -1.29,
        "Total Revenue": 365,
        "Gross Profit": 159,
        "Operating Income": -419,
        "EBIT": -368,
        "Net Income": -440
    },
    "2020-03-31": {
        "Diluted EPS": -0.24,
        "Total Revenue": 331,
        "Gross Profit": 153,
        "Operating Income": -42,
        "EBIT": 9,
        "Net Income": -82
    },
    "2019-12-31": {
        "Diluted EPS": -0.34,
        "Total Revenue": 382,
        "Gross Profit": 176,
        "Operating Income": -126,
        "EBIT": -76,
        "Net Income": -117
    },
    "2019-09-30": {
        "Diluted EPS": -0.3,
        "Total Revenue": 255,
        "Gross Profit": 115,
        "Operating Income": -80,
        "EBIT": -45,
        "Net Income": -95
    },
    "2019-06-30": {
        "Diluted EPS": -0.31,
        "Total Revenue": 209,
        "Gross Profit": 85,
        "Operating Income": -96,
        "EBIT": -82,
        "Net Income": -95
    },
    "2019-03-31": {
        "Diluted EPS": -0.26,
        "Total Revenue": 174,
        "Gross Profit": 83,
        "Operating Income": -86,
        "EBIT": -71,
        "Net Income": -78
    },
    "2018-12-31": {
        "Diluted EPS": -0.02,
        "Total Revenue": 196,
        "Gross Profit": 94,
        "Operating Income": -25,
        "EBIT": -17,
        "Net Income": -10
    },
    "2018-09-30": {
        "Diluted EPS": -0.3,
        "Total Revenue": 135,
        "Gross Profit": 67,
        "Operating Income": -77,
        "EBIT": -72,
        "Net Income": -77
    },
    "2018-06-30": {
        "Diluted EPS": -0.07,
        "Total Revenue": 147,
        "Gross Profit": 76,
        "Operating Income": -37,
        "EBIT": -31,
        "Net Income": -18
    },
    "2018-03-31": {
        "Diluted EPS": -0.2,
        "Total Revenue": 126,
        "Gross Profit": 61,
        "Operating Income": -35,
        "EBIT": -30,
        "Net Income": -51
    },
    "2017-12-31": {
        "Diluted EPS": 0.0,
        "Total Revenue": NaN,
        "Gross Profit": NaN,
        "Operating Income": NaN,
        "EBIT": NaN,
        "Net Income": NaN
    },
    "2017-09-30": {
        "Diluted EPS": -0.12,
        "Total Revenue": 87,
        "Gross Profit": 46,
        "Operating Income": -29,
        "EBIT": -29,
        "Net Income": -28
    }
}