{
    "2023-03-31": {
        "Tax Effect Of Unusual Items": NaN,
        "Tax Rate For Calcs": NaN,
        "Normalized EBITDA": NaN,
        "Total Unusual Items": NaN,
        "Total Unusual Items Excluding Goodwill": NaN,
        "Net Income From Continuing Operation Net Minority Interest": NaN,
        "Reconciled Depreciation": NaN,
        "Reconciled Cost Of Revenue": NaN,
        "EBITDA": NaN,
        "EBIT": NaN,
        "Net Interest Income": NaN,
        "Interest Expense": 58000.0,
        "Normalized Income": NaN,
        "Net Income From Continuing And Discontinued Operation": NaN,
        "Total Expenses": NaN,
        "Total Operating Income As Reported": NaN,
        "Diluted Average Shares": NaN,
        "Basic Average Shares": NaN,
        "Diluted EPS": NaN,
        "Basic EPS": NaN,
        "Diluted NI Availto Com Stockholders": NaN,
        "Net Income Common Stockholders": NaN,
        "Net Income": NaN,
        "Net Income Including Noncontrolling Interests": NaN,
        "Net Income Continuous Operations": NaN,
        "Tax Provision": NaN,
        "Pretax Income": NaN,
        "Other Income Expense": NaN,
        "Other Non Operating Income Expenses": NaN,
        "Special Income Charges": NaN,
        "Gain On Sale Of Business": NaN,
        "Earnings From Equity Interest": NaN,
        "Net Non Operating Interest Income Expense": NaN,
        "Total Other Finance Cost": NaN,
        "Interest Expense Non Operating": 58000.0,
        "Operating Income": NaN,
        "Operating Expense": NaN,
        "Research And Development": NaN,
        "Selling General And Administration": NaN,
        "Selling And Marketing Expense": NaN,
        "General And Administrative Expense": NaN,
        "Other Gand A": NaN,
        "Gross Profit": NaN,
        "Cost Of Revenue": NaN,
        "Total Revenue": NaN,
        "Operating Revenue": NaN
    },
    "2022-12-31": {
        "Tax Effect Of Unusual Items": NaN,
        "Tax Rate For Calcs": NaN,
        "Normalized EBITDA": NaN,
        "Total Unusual Items": NaN,
        "Total Unusual Items Excluding Goodwill": NaN,
        "Net Income From Continuing Operation Net Minority Interest": NaN,
        "Reconciled Depreciation": NaN,
        "Reconciled Cost Of Revenue": NaN,
        "EBITDA": NaN,
        "EBIT": NaN,
        "Net Interest Income": NaN,
        "Interest Expense": NaN,
        "Normalized Income": NaN,
        "Net Income From Continuing And Discontinued Operation": NaN,
        "Total Expenses": NaN,
        "Total Operating Income As Reported": NaN,
        "Diluted Average Shares": 103869160.0,
        "Basic Average Shares": 103869160.0,
        "Diluted EPS": -0.2,
        "Basic EPS": -0.2,
        "Diluted NI Availto Com Stockholders": NaN,
        "Net Income Common Stockholders": NaN,
        "Net Income": NaN,
        "Net Income Including Noncontrolling Interests": NaN,
        "Net Income Continuous Operations": NaN,
        "Tax Provision": NaN,
        "Pretax Income": NaN,
        "Other Income Expense": NaN,
        "Other Non Operating Income Expenses": NaN,
        "Special Income Charges": NaN,
        "Gain On Sale Of Business": NaN,
        "Earnings From Equity Interest": NaN,
        "Net Non Operating Interest Income Expense": NaN,
        "Interest Expense Non Operating": NaN,
        "Operating Income": NaN,
        "Operating Expense": NaN,
        "Research And Development": NaN,
        "Selling General And Administration": NaN,
        "Selling And Marketing Expense": NaN,
        "General And Administrative Expense": NaN,
        "Other Gand A": NaN,
        "Gross Profit": NaN,
        "Cost Of Revenue": NaN,
        "Total Revenue": NaN,
        "Operating Revenue": NaN
    },
    "2022-09-30": {
        "Tax Effect Of Unusual Items": NaN,
        "Tax Rate For Calcs": NaN,
        "Normalized EBITDA": NaN,
        "Total Unusual Items": NaN,
        "Total Unusual Items Excluding Goodwill": NaN,
        "Net Income From Continuing Operation Net Minority Interest": NaN,
        "Reconciled Depreciation": NaN,
        "Reconciled Cost Of Revenue": NaN,
        "EBITDA": NaN,
        "EBIT": NaN,
        "Net Interest Income": NaN,
        "Interest Expense": NaN,
        "Interest Income": 100000.0,
        "Normalized Income": NaN,
        "Net Income From Continuing And Discontinued Operation": NaN,
        "Total Expenses": NaN,
        "Total Operating Income As Reported": NaN,
        "Diluted Average Shares": NaN,
        "Basic Average Shares": NaN,
        "Diluted EPS": NaN,
        "Basic EPS": NaN,
        "Diluted NI Availto Com Stockholders": NaN,
        "Net Income Common Stockholders": NaN,
        "Net Income": NaN,
        "Net Income Including Noncontrolling Interests": NaN,
        "Net Income Continuous Operations": NaN,
        "Tax Provision": NaN,
        "Pretax Income": NaN,
        "Other Income Expense": NaN,
        "Other Non Operating Income Expenses": NaN,
        "Special Income Charges": NaN,
        "Gain On Sale Of Business": NaN,
        "Earnings From Equity Interest": 0.0,
        "Net Non Operating Interest Income Expense": NaN,
        "Interest Expense Non Operating": NaN,
        "Interest Income Non Operating": 100000.0,
        "Operating Income": NaN,
        "Operating Expense": NaN,
        "Research And Development": NaN,
        "Selling General And Administration": NaN,
        "Selling And Marketing Expense": NaN,
        "General And Administrative Expense": NaN,
        "Other Gand A": NaN,
        "Gross Profit": NaN,
        "Cost Of Revenue": NaN,
        "Total Revenue": NaN,
        "Operating Revenue": NaN
    },
    "2022-06-30": {
        "Tax Effect Of Unusual Items": 0.0,
        "Tax Rate For Calcs": 0.4,
        "Normalized EBITDA": -25022000.0,
        "Total Unusual Items": 0.0,
        "Total Unusual Items Excluding Goodwill": 0.0,
        "Net Income From Continuing Operation Net Minority Interest": -25683000.0,
        "Reconciled Depreciation": 144000.0,
        "Reconciled Cost Of Revenue": 37233000.0,
        "EBITDA": -25022000.0,
        "EBIT": -25166000.0,
        "Net Interest Income": -427000.0,
        "Interest Expense": 427000.0,
        "Interest Income": NaN,
        "Normalized Income": -25683000.0,
        "Net Income From Continuing And Discontinued Operation": -25683000.0,
        "Total Expenses": 55960000.0,
        "Total Operating Income As Reported": -25239000.0,
        "Diluted Average Shares": 100321943.0,
        "Basic Average Shares": 100321943.0,
        "Diluted EPS": -0.26,
        "Basic EPS": -0.26,
        "Diluted NI Availto Com Stockholders": -25683000.0,
        "Net Income Common Stockholders": -25683000.0,
        "Net Income": -25683000.0,
        "Net Income Including Noncontrolling Interests": -25683000.0,
        "Net Income Continuous Operations": -25683000.0,
        "Tax Provision": 90000.0,
        "Pretax Income": -25593000.0,
        "Other Income Expense": 73000.0,
        "Other Non Operating Income Expenses": 73000.0,
        "Special Income Charges": 0.0,
        "Gain On Sale Of Business": 0.0,
        "Earnings From Equity Interest": NaN,
        "Net Non Operating Interest Income Expense": -427000.0,
        "Interest Expense Non Operating": 427000.0,
        "Interest Income Non Operating": NaN,
        "Operating Income": -25239000.0,
        "Operating Expense": 18727000.0,
        "Research And Development": 2711000.0,
        "Selling General And Administration": 16016000.0,
        "Selling And Marketing Expense": 2927000.0,
        "General And Administrative Expense": 13089000.0,
        "Other Gand A": 13089000.0,
        "Gross Profit": -6512000.0,
        "Cost Of Revenue": 37233000.0,
        "Total Revenue": 30721000.0,
        "Operating Revenue": 30721000.0
    },
    "2022-03-31": {
        "Diluted EPS": -0.28,
        "Total Revenue": 50,
        "Gross Profit": -9,
        "Operating Income": -28,
        "EBIT": -27,
        "Net Income": -28
    },
    "2021-12-31": {
        "Diluted EPS": -0.28,
        "Total Revenue": 102,
        "Gross Profit": -9,
        "Operating Income": -24,
        "EBIT": -23,
        "Net Income": -24
    },
    "2021-09-30": {
        "Diluted EPS": -0.24,
        "Total Revenue": 53,
        "Gross Profit": -8,
        "Operating Income": -23,
        "EBIT": -22,
        "Net Income": -23
    },
    "2021-06-30": {
        "Diluted EPS": -0.61,
        "Total Revenue": 50,
        "Gross Profit": -16,
        "Operating Income": -72,
        "EBIT": -72,
        "Net Income": -52
    },
    "2021-03-31": {
        "Diluted EPS": -0.11,
        "Total Revenue": 66,
        "Gross Profit": 0,
        "Operating Income": -8,
        "EBIT": -8,
        "Net Income": -7
    },
    "2020-12-31": {
        "Diluted EPS": -0.14,
        "Total Revenue": 44,
        "Gross Profit": -5,
        "Operating Income": -11,
        "EBIT": -11,
        "Net Income": -10
    },
    "2020-09-30": {
        "Diluted EPS": -0.04,
        "Total Revenue": 60,
        "Gross Profit": 3,
        "Operating Income": -3,
        "EBIT": -3,
        "Net Income": -3
    },
    "2020-06-30": {
        "Diluted EPS": -0.09,
        "Total Revenue": 51,
        "Gross Profit": -1,
        "Operating Income": -6,
        "EBIT": -6,
        "Net Income": -7
    },
    "2020-03-31": {
        "Diluted EPS": 0.04,
        "Total Revenue": 32,
        "Gross Profit": 7,
        "Operating Income": 3,
        "EBIT": 3,
        "Net Income": 3
    },
    "2019-12-31": {
        "Diluted EPS": 0.0,
        "Total Revenue": NaN,
        "Gross Profit": NaN,
        "Operating Income": NaN,
        "EBIT": NaN,
        "Net Income": NaN
    },
    "2023-06-30": {
        "Tax Effect Of Unusual Items": NaN,
        "Tax Rate For Calcs": NaN,
        "Normalized EBITDA": NaN,
        "Total Unusual Items": NaN,
        "Total Unusual Items Excluding Goodwill": NaN,
        "Net Income From Continuing Operation Net Minority Interest": NaN,
        "Reconciled Depreciation": NaN,
        "Reconciled Cost Of Revenue": NaN,
        "EBITDA": NaN,
        "EBIT": NaN,
        "Net Interest Income": NaN,
        "Interest Expense": 28000.0,
        "Normalized Income": NaN,
        "Net Income From Continuing And Discontinued Operation": NaN,
        "Total Expenses": NaN,
        "Total Operating Income As Reported": NaN,
        "Diluted Average Shares": 112669296.0,
        "Basic Average Shares": 112669296.0,
        "Diluted EPS": -0.09,
        "Basic EPS": -0.09,
        "Diluted NI Availto Com Stockholders": NaN,
        "Net Income Common Stockholders": NaN,
        "Net Income": NaN,
        "Net Income Including Noncontrolling Interests": NaN,
        "Net Income Continuous Operations": NaN,
        "Tax Provision": NaN,
        "Pretax Income": NaN,
        "Other Income Expense": NaN,
        "Other Non Operating Income Expenses": NaN,
        "Special Income Charges": NaN,
        "Gain On Sale Of Business": NaN,
        "Earnings From Equity Interest": NaN,
        "Net Non Operating Interest Income Expense": NaN,
        "Total Other Finance Cost": 28000.0,
        "Interest Expense Non Operating": 28000.0,
        "Operating Income": NaN,
        "Operating Expense": NaN,
        "Research And Development": NaN,
        "Selling General And Administration": NaN,
        "Selling And Marketing Expense": NaN,
        "General And Administrative Expense": NaN,
        "Other Gand A": NaN,
        "Gross Profit": NaN,
        "Cost Of Revenue": NaN,
        "Total Revenue": NaN,
        "Operating Revenue": NaN
    },
    "2023-09-30": {
        "Tax Effect Of Unusual Items": 0.0,
        "Tax Rate For Calcs": 0.21,
        "Normalized EBITDA": -15939000.0,
        "Total Unusual Items": 0.0,
        "Total Unusual Items Excluding Goodwill": 0.0,
        "Net Income From Continuing Operation Net Minority Interest": -16937000.0,
        "Reconciled Depreciation": 338000.0,
        "Reconciled Cost Of Revenue": 27169000.0,
        "EBITDA": -15939000.0,
        "EBIT": -16277000.0,
        "Net Interest Income": -108000.0,
        "Interest Expense": 108000.0,
        "Normalized Income": -16937000.0,
        "Net Income From Continuing And Discontinued Operation": -16937000.0,
        "Total Expenses": 46825000.0,
        "Total Operating Income As Reported": -16277000.0,
        "Diluted Average Shares": 119793821.0,
        "Basic Average Shares": 119793821.0,
        "Diluted EPS": -0.14,
        "Basic EPS": -0.14,
        "Diluted NI Availto Com Stockholders": -16937000.0,
        "Net Income Common Stockholders": -16937000.0,
        "Net Income": -16937000.0,
        "Net Income Including Noncontrolling Interests": -16937000.0,
        "Net Income Continuous Operations": -16937000.0,
        "Tax Provision": 166000.0,
        "Pretax Income": -16771000.0,
        "Other Income Expense": -386000.0,
        "Other Non Operating Income Expenses": -50000.0,
        "Special Income Charges": 0.0,
        "Gain On Sale Of Business": 0.0,
        "Earnings From Equity Interest": -336000.0,
        "Net Non Operating Interest Income Expense": -108000.0,
        "Total Other Finance Cost": 108000.0,
        "Interest Expense Non Operating": 108000.0,
        "Operating Income": -16277000.0,
        "Operating Expense": 19656000.0,
        "Research And Development": 1921000.0,
        "Selling General And Administration": 17735000.0,
        "Selling And Marketing Expense": 6324000.0,
        "General And Administrative Expense": 11411000.0,
        "Other Gand A": 11411000.0,
        "Gross Profit": 3379000.0,
        "Cost Of Revenue": 27169000.0,
        "Total Revenue": 30548000.0,
        "Operating Revenue": 30548000.0
    },
    "2023-12-31": {
        "Tax Effect Of Unusual Items": 18475.021386,
        "Tax Rate For Calcs": 0.043884,
        "Normalized EBITDA": -11681000.0,
        "Total Unusual Items": 421000.0,
        "Total Unusual Items Excluding Goodwill": 421000.0,
        "Net Income From Continuing Operation Net Minority Interest": -11177000.0,
        "Reconciled Depreciation": 371000.0,
        "Reconciled Cost Of Revenue": 22509000.0,
        "EBITDA": -11260000.0,
        "EBIT": -11631000.0,
        "Net Interest Income": -59000.0,
        "Interest Expense": 59000.0,
        "Normalized Income": -11579524.978614,
        "Net Income From Continuing And Discontinued Operation": -11177000.0,
        "Total Expenses": 34937000.0,
        "Total Operating Income As Reported": -11736000.0,
        "Diluted Average Shares": NaN,
        "Basic Average Shares": NaN,
        "Diluted EPS": NaN,
        "Basic EPS": NaN,
        "Diluted NI Availto Com Stockholders": -11177000.0,
        "Net Income Common Stockholders": -11177000.0,
        "Net Income": -11177000.0,
        "Net Income Including Noncontrolling Interests": -11177000.0,
        "Net Income Continuous Operations": -11177000.0,
        "Tax Provision": -513000.0,
        "Pretax Income": -11690000.0,
        "Other Income Expense": 105000.0,
        "Other Non Operating Income Expenses": 8000.0,
        "Special Income Charges": 421000.0,
        "Gain On Sale Of Business": 421000.0,
        "Earnings From Equity Interest": -324000.0,
        "Net Non Operating Interest Income Expense": -59000.0,
        "Total Other Finance Cost": NaN,
        "Interest Expense Non Operating": 59000.0,
        "Operating Income": -11736000.0,
        "Operating Expense": 12428000.0,
        "Research And Development": 1450000.0,
        "Selling General And Administration": 10978000.0,
        "Selling And Marketing Expense": 4924000.0,
        "General And Administrative Expense": 6054000.0,
        "Other Gand A": 6054000.0,
        "Gross Profit": 692000.0,
        "Cost Of Revenue": 22509000.0,
        "Total Revenue": 23201000.0,
        "Operating Revenue": 23201000.0
    },
    "2024-03-31": {
        "Tax Effect Of Unusual Items": 5116.71601,
        "Tax Rate For Calcs": 0.001253,
        "Normalized EBITDA": -12327000.0,
        "Total Unusual Items": 4085000.0,
        "Total Unusual Items Excluding Goodwill": 4085000.0,
        "Net Income From Continuing Operation Net Minority Interest": -8771000.0,
        "Reconciled Depreciation": 404000.0,
        "Reconciled Cost Of Revenue": 14695000.0,
        "EBITDA": -8242000.0,
        "EBIT": -8646000.0,
        "Net Interest Income": -136000.0,
        "Interest Expense": 136000.0,
        "Normalized Income": -12850883.28399,
        "Net Income From Continuing And Discontinued Operation": -8771000.0,
        "Total Expenses": 25089000.0,
        "Total Operating Income As Reported": -12502000.0,
        "Diluted Average Shares": 125569375.0,
        "Basic Average Shares": 125569375.0,
        "Diluted EPS": -0.07,
        "Basic EPS": -0.07,
        "Diluted NI Availto Com Stockholders": -8771000.0,
        "Net Income Common Stockholders": -8771000.0,
        "Net Income": -8771000.0,
        "Net Income Including Noncontrolling Interests": -8771000.0,
        "Net Income Continuous Operations": -8771000.0,
        "Tax Provision": -11000.0,
        "Pretax Income": -8782000.0,
        "Other Income Expense": 3856000.0,
        "Other Non Operating Income Expenses": 36000.0,
        "Special Income Charges": 4085000.0,
        "Gain On Sale Of Business": 4085000.0,
        "Earnings From Equity Interest": -265000.0,
        "Net Non Operating Interest Income Expense": -136000.0,
        "Total Other Finance Cost": NaN,
        "Interest Expense Non Operating": 136000.0,
        "Operating Income": -12502000.0,
        "Operating Expense": 10394000.0,
        "Research And Development": 1439000.0,
        "Selling General And Administration": 8955000.0,
        "Selling And Marketing Expense": 2388000.0,
        "General And Administrative Expense": 6567000.0,
        "Other Gand A": 6567000.0,
        "Gross Profit": -2108000.0,
        "Cost Of Revenue": 14695000.0,
        "Total Revenue": 12587000.0,
        "Operating Revenue": 12587000.0
    },
    "2024-06-30": {
        "Tax Effect Of Unusual Items": 0.0,
        "Tax Rate For Calcs": 0.21,
        "Normalized EBITDA": -11516000.0,
        "Total Unusual Items": 0.0,
        "Total Unusual Items Excluding Goodwill": 0.0,
        "Net Income From Continuing Operation Net Minority Interest": -12241000.0,
        "Reconciled Depreciation": 408000.0,
        "Reconciled Cost Of Revenue": 13773000.0,
        "EBITDA": -11516000.0,
        "EBIT": -11924000.0,
        "Net Interest Income": 1000.0,
        "Interest Expense": NaN,
        "Normalized Income": -12241000.0,
        "Net Income From Continuing And Discontinued Operation": -12241000.0,
        "Total Expenses": 23354000.0,
        "Total Operating Income As Reported": -11924000.0,
        "Diluted Average Shares": 126171278.0,
        "Basic Average Shares": 126171278.0,
        "Diluted EPS": -0.1,
        "Basic EPS": -0.1,
        "Diluted NI Availto Com Stockholders": -12241000.0,
        "Net Income Common Stockholders": -12241000.0,
        "Net Income": -12241000.0,
        "Net Income Including Noncontrolling Interests": -12241000.0,
        "Net Income Continuous Operations": -12241000.0,
        "Tax Provision": 65000.0,
        "Pretax Income": -12176000.0,
        "Other Income Expense": -253000.0,
        "Other Non Operating Income Expenses": -7000.0,
        "Special Income Charges": 0.0,
        "Gain On Sale Of Business": 0.0,
        "Earnings From Equity Interest": -246000.0,
        "Net Non Operating Interest Income Expense": 1000.0,
        "Total Other Finance Cost": -1000.0,
        "Interest Expense Non Operating": NaN,
        "Operating Income": -11924000.0,
        "Operating Expense": 9581000.0,
        "Research And Development": 1535000.0,
        "Selling General And Administration": 8046000.0,
        "Selling And Marketing Expense": 2036000.0,
        "General And Administrative Expense": 6010000.0,
        "Other Gand A": 6010000.0,
        "Gross Profit": -2343000.0,
        "Cost Of Revenue": 13773000.0,
        "Total Revenue": 11430000.0,
        "Operating Revenue": 11430000.0
    },
    "2024-09-30": {
        "Tax Effect Of Unusual Items": 0.0,
        "Tax Rate For Calcs": 0.21,
        "Normalized EBITDA": -14559000.0,
        "Total Unusual Items": 0.0,
        "Total Unusual Items Excluding Goodwill": 0.0,
        "Net Income From Continuing Operation Net Minority Interest": -15359000.0,
        "Reconciled Depreciation": 417000.0,
        "Reconciled Cost Of Revenue": 14442000.0,
        "EBITDA": -14559000.0,
        "EBIT": -14976000.0,
        "Net Interest Income": 24000.0,
        "Interest Expense": NaN,
        "Normalized Income": -15359000.0,
        "Net Income From Continuing And Discontinued Operation": -15359000.0,
        "Total Expenses": 25112000.0,
        "Total Operating Income As Reported": -14976000.0,
        "Diluted Average Shares": 127380292.0,
        "Basic Average Shares": 127380292.0,
        "Diluted EPS": -0.12,
        "Basic EPS": -0.12,
        "Diluted NI Availto Com Stockholders": -15359000.0,
        "Net Income Common Stockholders": -15359000.0,
        "Net Income": -15359000.0,
        "Net Income Including Noncontrolling Interests": -15359000.0,
        "Net Income Continuous Operations": -15359000.0,
        "Tax Provision": 244000.0,
        "Pretax Income": -15115000.0,
        "Other Income Expense": -163000.0,
        "Other Non Operating Income Expenses": 93000.0,
        "Special Income Charges": 0.0,
        "Gain On Sale Of Business": 0.0,
        "Earnings From Equity Interest": -256000.0,
        "Net Non Operating Interest Income Expense": 24000.0,
        "Total Other Finance Cost": -24000.0,
        "Interest Expense Non Operating": NaN,
        "Operating Income": -14976000.0,
        "Operating Expense": 10670000.0,
        "Research And Development": 1467000.0,
        "Selling General And Administration": 9203000.0,
        "Selling And Marketing Expense": 2406000.0,
        "General And Administrative Expense": 6797000.0,
        "Other Gand A": 6797000.0,
        "Gross Profit": -4306000.0,
        "Cost Of Revenue": 14442000.0,
        "Total Revenue": 10136000.0,
        "Operating Revenue": 10136000.0
    }
}