{
    "2023-03-31": {
        "Tax Effect Of Unusual Items": -252000.0,
        "Tax Rate For Calcs": 0.252,
        "Normalized EBITDA": 49000000.0,
        "Total Unusual Items": -1000000.0,
        "Total Unusual Items Excluding Goodwill": -1000000.0,
        "Net Income From Continuing Operation Net Minority Interest": 22000000.0,
        "Reconciled Depreciation": 9000000.0,
        "Reconciled Cost Of Revenue": 197000000.0,
        "EBITDA": 48000000.0,
        "EBIT": 39000000.0,
        "Net Interest Income": -7000000.0,
        "Interest Expense": 10000000.0,
        "Interest Income": 3000000.0,
        "Normalized Income": 22748000.0,
        "Net Income From Continuing And Discontinued Operation": 22000000.0,
        "Total Expenses": 331000000.0,
        "Diluted Average Shares": 81900000.0,
        "Basic Average Shares": 81500000.0,
        "Diluted EPS": 0.27,
        "Basic EPS": 0.27,
        "Diluted NI Availto Com Stockholders": 22000000.0,
        "Net Income Common Stockholders": 22000000.0,
        "Net Income": 22000000.0,
        "Net Income Including Noncontrolling Interests": 22000000.0,
        "Net Income Continuous Operations": 22000000.0,
        "Tax Provision": 7000000.0,
        "Pretax Income": 29000000.0,
        "Other Income Expense": -1000000.0,
        "Special Income Charges": -1000000.0,
        "Impairment Of Capital Assets": NaN,
        "Restructuring And Mergern Acquisition": 1000000.0,
        "Net Non Operating Interest Income Expense": -7000000.0,
        "Interest Expense Non Operating": 10000000.0,
        "Interest Income Non Operating": 3000000.0,
        "Operating Income": 36000000.0,
        "Operating Expense": 134000000.0,
        "Depreciation Amortization Depletion Income Statement": 9000000.0,
        "Depreciation And Amortization In Income Statement": 9000000.0,
        "Selling General And Administration": 125000000.0,
        "Selling And Marketing Expense": 59000000.0,
        "General And Administrative Expense": 66000000.0,
        "Other Gand A": 66000000.0,
        "Gross Profit": 170000000.0,
        "Cost Of Revenue": 197000000.0,
        "Total Revenue": 366000000.0,
        "Operating Revenue": 355000000.0
    },
    "2022-12-31": {
        "Tax Effect Of Unusual Items": NaN,
        "Tax Rate For Calcs": NaN,
        "Normalized EBITDA": NaN,
        "Total Unusual Items": NaN,
        "Total Unusual Items Excluding Goodwill": NaN,
        "Net Income From Continuing Operation Net Minority Interest": NaN,
        "Reconciled Depreciation": NaN,
        "Reconciled Cost Of Revenue": NaN,
        "EBITDA": NaN,
        "EBIT": NaN,
        "Net Interest Income": NaN,
        "Interest Expense": NaN,
        "Interest Income": NaN,
        "Normalized Income": NaN,
        "Net Income From Continuing And Discontinued Operation": NaN,
        "Total Expenses": NaN,
        "Diluted Average Shares": 81700000.0,
        "Basic Average Shares": 81500000.0,
        "Diluted EPS": 0.1,
        "Basic EPS": 0.1,
        "Diluted NI Availto Com Stockholders": NaN,
        "Net Income Common Stockholders": NaN,
        "Net Income": NaN,
        "Net Income Including Noncontrolling Interests": NaN,
        "Net Income Continuous Operations": NaN,
        "Tax Provision": NaN,
        "Pretax Income": NaN,
        "Other Income Expense": -2000000.0,
        "Special Income Charges": NaN,
        "Impairment Of Capital Assets": 0.0,
        "Restructuring And Mergern Acquisition": NaN,
        "Net Non Operating Interest Income Expense": NaN,
        "Interest Expense Non Operating": NaN,
        "Interest Income Non Operating": NaN,
        "Operating Income": NaN,
        "Operating Expense": NaN,
        "Depreciation Amortization Depletion Income Statement": NaN,
        "Depreciation And Amortization In Income Statement": NaN,
        "Selling General And Administration": NaN,
        "Selling And Marketing Expense": NaN,
        "General And Administrative Expense": NaN,
        "Other Gand A": NaN,
        "Gross Profit": NaN,
        "Cost Of Revenue": NaN,
        "Total Revenue": NaN,
        "Operating Revenue": NaN
    },
    "2022-09-30": {
        "Tax Effect Of Unusual Items": NaN,
        "Tax Rate For Calcs": NaN,
        "Normalized EBITDA": NaN,
        "Total Unusual Items": NaN,
        "Total Unusual Items Excluding Goodwill": NaN,
        "Net Income From Continuing Operation Net Minority Interest": NaN,
        "Reconciled Depreciation": NaN,
        "Reconciled Cost Of Revenue": NaN,
        "EBITDA": NaN,
        "EBIT": NaN,
        "Net Interest Income": NaN,
        "Interest Expense": NaN,
        "Interest Income": NaN,
        "Normalized Income": NaN,
        "Net Income From Continuing And Discontinued Operation": NaN,
        "Total Expenses": NaN,
        "Diluted Average Shares": NaN,
        "Basic Average Shares": NaN,
        "Diluted EPS": NaN,
        "Basic EPS": NaN,
        "Diluted NI Availto Com Stockholders": NaN,
        "Net Income Common Stockholders": NaN,
        "Net Income": NaN,
        "Net Income Including Noncontrolling Interests": NaN,
        "Net Income Continuous Operations": NaN,
        "Tax Provision": NaN,
        "Pretax Income": NaN,
        "Other Income Expense": -19000000.0,
        "Special Income Charges": NaN,
        "Impairment Of Capital Assets": 14000000.0,
        "Restructuring And Mergern Acquisition": NaN,
        "Net Non Operating Interest Income Expense": NaN,
        "Interest Expense Non Operating": NaN,
        "Interest Income Non Operating": NaN,
        "Operating Income": NaN,
        "Operating Expense": NaN,
        "Depreciation Amortization Depletion Income Statement": NaN,
        "Depreciation And Amortization In Income Statement": NaN,
        "Selling General And Administration": NaN,
        "Selling And Marketing Expense": NaN,
        "General And Administrative Expense": NaN,
        "Other Gand A": NaN,
        "Gross Profit": NaN,
        "Cost Of Revenue": NaN,
        "Total Revenue": NaN,
        "Operating Revenue": NaN
    },
    "2022-06-30": {
        "Tax Effect Of Unusual Items": -2784000.0,
        "Tax Rate For Calcs": 0.232,
        "Normalized EBITDA": 71000000.0,
        "Total Unusual Items": -12000000.0,
        "Total Unusual Items Excluding Goodwill": -12000000.0,
        "Net Income From Continuing Operation Net Minority Interest": 33000000.0,
        "Reconciled Depreciation": 9000000.0,
        "Reconciled Cost Of Revenue": 275000000.0,
        "EBITDA": 59000000.0,
        "EBIT": 50000000.0,
        "Net Interest Income": -7000000.0,
        "Interest Expense": 7000000.0,
        "Interest Income": 0.0,
        "Normalized Income": 42216000.0,
        "Net Income From Continuing And Discontinued Operation": 33000000.0,
        "Total Expenses": 424000000.0,
        "Diluted Average Shares": 82200000.0,
        "Basic Average Shares": 82100000.0,
        "Diluted EPS": 0.4,
        "Basic EPS": 0.4,
        "Diluted NI Availto Com Stockholders": 33000000.0,
        "Net Income Common Stockholders": 33000000.0,
        "Net Income": 33000000.0,
        "Net Income Including Noncontrolling Interests": 33000000.0,
        "Net Income Continuous Operations": 33000000.0,
        "Tax Provision": 10000000.0,
        "Pretax Income": 43000000.0,
        "Other Income Expense": -12000000.0,
        "Special Income Charges": -12000000.0,
        "Impairment Of Capital Assets": NaN,
        "Restructuring And Mergern Acquisition": 12000000.0,
        "Net Non Operating Interest Income Expense": -7000000.0,
        "Interest Expense Non Operating": 7000000.0,
        "Interest Income Non Operating": 0.0,
        "Operating Income": 63000000.0,
        "Operating Expense": 148000000.0,
        "Depreciation Amortization Depletion Income Statement": 8000000.0,
        "Depreciation And Amortization In Income Statement": 8000000.0,
        "Selling General And Administration": 140000000.0,
        "Selling And Marketing Expense": NaN,
        "General And Administrative Expense": NaN,
        "Other Gand A": NaN,
        "Gross Profit": 211000000.0,
        "Cost Of Revenue": 276000000.0,
        "Total Revenue": 487000000.0,
        "Operating Revenue": 487000000.0
    },
    "2023-06-30": {
        "Tax Effect Of Unusual Items": 0.0,
        "Tax Rate For Calcs": 0.248,
        "Normalized EBITDA": 112000000.0,
        "Total Unusual Items": 0.0,
        "Total Unusual Items Excluding Goodwill": 0.0,
        "Net Income From Continuing Operation Net Minority Interest": 70000000.0,
        "Reconciled Depreciation": 9000000.0,
        "Reconciled Cost Of Revenue": 253000000.0,
        "EBITDA": 112000000.0,
        "EBIT": 103000000.0,
        "Net Interest Income": -6000000.0,
        "Interest Expense": 10000000.0,
        "Interest Income": 4000000.0,
        "Normalized Income": 70000000.0,
        "Net Income From Continuing And Discontinued Operation": 70000000.0,
        "Total Expenses": 424000000.0,
        "Diluted Average Shares": 81800000.0,
        "Basic Average Shares": 81400000.0,
        "Diluted EPS": 0.85,
        "Basic EPS": 0.86,
        "Diluted NI Availto Com Stockholders": 70000000.0,
        "Net Income Common Stockholders": 70000000.0,
        "Net Income": 70000000.0,
        "Net Income Including Noncontrolling Interests": 70000000.0,
        "Net Income Continuous Operations": 70000000.0,
        "Tax Provision": 23000000.0,
        "Pretax Income": 93000000.0,
        "Other Income Expense": NaN,
        "Special Income Charges": 0.0,
        "Impairment Of Capital Assets": NaN,
        "Restructuring And Mergern Acquisition": 0.0,
        "Net Non Operating Interest Income Expense": -6000000.0,
        "Interest Expense Non Operating": 10000000.0,
        "Interest Income Non Operating": 4000000.0,
        "Operating Income": 99000000.0,
        "Operating Expense": 171000000.0,
        "Depreciation Amortization Depletion Income Statement": 9000000.0,
        "Depreciation And Amortization In Income Statement": 9000000.0,
        "Selling General And Administration": 162000000.0,
        "Selling And Marketing Expense": 88000000.0,
        "General And Administrative Expense": 74000000.0,
        "Other Gand A": 74000000.0,
        "Gross Profit": 270000000.0,
        "Cost Of Revenue": 253000000.0,
        "Total Revenue": 522000000.0,
        "Operating Revenue": 498000000.0
    },
    "2022-03-31": {
        "Diluted EPS": 0.02,
        "Total Revenue": 351,
        "Gross Profit": 144,
        "Operating Income": 4,
        "EBIT": 19,
        "Net Income": 2
    },
    "2021-12-31": {
        "Diluted EPS": 0.08,
        "Total Revenue": 340,
        "Gross Profit": 141,
        "Operating Income": 6,
        "EBIT": 21,
        "Net Income": 7
    },
    "2021-09-30": {
        "Diluted EPS": 0.89,
        "Total Revenue": 471,
        "Gross Profit": 254,
        "Operating Income": 101,
        "EBIT": 116,
        "Net Income": 76
    },
    "2021-06-30": {
        "Diluted EPS": 0.47,
        "Total Revenue": 462,
        "Gross Profit": 241,
        "Operating Income": 83,
        "EBIT": 105,
        "Net Income": 40
    },
    "2021-03-31": {
        "Diluted EPS": 0.06,
        "Total Revenue": 329,
        "Gross Profit": 148,
        "Operating Income": 7,
        "EBIT": 29,
        "Net Income": 5
    },
    "2020-12-31": {
        "Diluted EPS": 0.02,
        "Total Revenue": 323,
        "Gross Profit": 137,
        "Operating Income": 2,
        "EBIT": 25,
        "Net Income": 1
    },
    "2020-09-30": {
        "Diluted EPS": 0.57,
        "Total Revenue": 440,
        "Gross Profit": 215,
        "Operating Income": 65,
        "EBIT": 86,
        "Net Income": 49
    },
    "2020-06-30": {
        "Diluted EPS": 0.57,
        "Total Revenue": 417,
        "Gross Profit": 217,
        "Operating Income": 64,
        "EBIT": 85,
        "Net Income": 49
    },
    "2020-03-31": {
        "Diluted EPS": 0.15,
        "Total Revenue": 294,
        "Gross Profit": 147,
        "Operating Income": 18,
        "EBIT": 43,
        "Net Income": 13
    },
    "2019-12-31": {
        "Diluted EPS": 0.22,
        "Total Revenue": 299,
        "Gross Profit": 139,
        "Operating Income": 24,
        "EBIT": 45,
        "Net Income": 19
    },
    "2019-09-30": {
        "Diluted EPS": 0.72,
        "Total Revenue": 407,
        "Gross Profit": 206,
        "Operating Income": 82,
        "EBIT": 106,
        "Net Income": 61
    },
    "2019-06-30": {
        "Diluted EPS": 0.71,
        "Total Revenue": 388,
        "Gross Profit": 205,
        "Operating Income": 81,
        "EBIT": 105,
        "Net Income": 60
    },
    "2019-03-31": {
        "Diluted EPS": 0.15,
        "Total Revenue": 271,
        "Gross Profit": 128,
        "Operating Income": 17,
        "EBIT": 40,
        "Net Income": 13
    },
    "2018-12-31": {
        "Diluted EPS": 0.2,
        "Total Revenue": 279,
        "Gross Profit": 124,
        "Operating Income": 19,
        "EBIT": 42,
        "Net Income": 18
    },
    "2018-09-30": {
        "Diluted EPS": 0.58,
        "Total Revenue": 377,
        "Gross Profit": 175,
        "Operating Income": 64,
        "EBIT": 76,
        "Net Income": 49
    },
    "2018-06-30": {
        "Diluted EPS": 0.53,
        "Total Revenue": 355,
        "Gross Profit": 160,
        "Operating Income": 62,
        "EBIT": 69,
        "Net Income": 45
    },
    "2018-03-31": {
        "Diluted EPS": 0.16,
        "Total Revenue": 247,
        "Gross Profit": 113,
        "Operating Income": 21,
        "EBIT": 27,
        "Net Income": 13
    },
    "2017-12-31": {
        "Diluted EPS": 0.0,
        "Total Revenue": NaN,
        "Gross Profit": NaN,
        "Operating Income": NaN,
        "EBIT": NaN,
        "Net Income": NaN
    },
    "2017-09-30": {
        "Diluted EPS": 0.0,
        "Total Revenue": 346,
        "Gross Profit": 178,
        "Operating Income": 83,
        "EBIT": 85,
        "Net Income": 53
    },
    "2016-12-31": {
        "Diluted EPS": 0.0,
        "Total Revenue": NaN,
        "Gross Profit": NaN,
        "Operating Income": NaN,
        "EBIT": NaN,
        "Net Income": NaN
    },
    "2023-09-30": {
        "Tax Effect Of Unusual Items": -1265000.0,
        "Tax Rate For Calcs": 0.253,
        "Normalized EBITDA": 121000000.0,
        "Total Unusual Items": -5000000.0,
        "Total Unusual Items Excluding Goodwill": -5000000.0,
        "Net Income From Continuing Operation Net Minority Interest": 71000000.0,
        "Reconciled Depreciation": 10000000.0,
        "Reconciled Cost Of Revenue": 255000000.0,
        "EBITDA": 116000000.0,
        "EBIT": 106000000.0,
        "Net Interest Income": -6000000.0,
        "Interest Expense": 10000000.0,
        "Interest Income": 4000000.0,
        "Normalized Income": 74735000.0,
        "Net Income From Continuing And Discontinued Operation": 71000000.0,
        "Total Expenses": 417000000.0,
        "Diluted Average Shares": 80600000.0,
        "Basic Average Shares": 80100000.0,
        "Diluted EPS": 0.89,
        "Basic EPS": 0.89,
        "Diluted NI Availto Com Stockholders": 71000000.0,
        "Net Income Common Stockholders": 71000000.0,
        "Net Income": 71000000.0,
        "Net Income Including Noncontrolling Interests": 72000000.0,
        "Net Income Continuous Operations": 72000000.0,
        "Tax Provision": 24000000.0,
        "Pretax Income": 96000000.0,
        "Other Income Expense": -5000000.0,
        "Special Income Charges": -5000000.0,
        "Impairment Of Capital Assets": 0.0,
        "Restructuring And Mergern Acquisition": 5000000.0,
        "Net Non Operating Interest Income Expense": -6000000.0,
        "Interest Expense Non Operating": 10000000.0,
        "Interest Income Non Operating": 4000000.0,
        "Operating Income": 107000000.0,
        "Operating Expense": 161000000.0,
        "Depreciation Amortization Depletion Income Statement": 9000000.0,
        "Depreciation And Amortization In Income Statement": 9000000.0,
        "Selling General And Administration": 152000000.0,
        "Selling And Marketing Expense": 81000000.0,
        "General And Administrative Expense": 71000000.0,
        "Other Gand A": 71000000.0,
        "Gross Profit": 268000000.0,
        "Cost Of Revenue": 256000000.0,
        "Total Revenue": 524000000.0,
        "Operating Revenue": 500000000.0
    },
    "2023-12-31": {
        "Tax Effect Of Unusual Items": -2500000.0,
        "Tax Rate For Calcs": 0.25,
        "Normalized EBITDA": 41000000.0,
        "Total Unusual Items": -10000000.0,
        "Total Unusual Items Excluding Goodwill": -10000000.0,
        "Net Income From Continuing Operation Net Minority Interest": 8000000.0,
        "Reconciled Depreciation": 9000000.0,
        "Reconciled Cost Of Revenue": 189000000.0,
        "EBITDA": 31000000.0,
        "EBIT": 22000000.0,
        "Net Interest Income": -6000000.0,
        "Interest Expense": 10000000.0,
        "Interest Income": 4000000.0,
        "Normalized Income": 15500000.0,
        "Net Income From Continuing And Discontinued Operation": 8000000.0,
        "Total Expenses": 340000000.0,
        "Diluted Average Shares": NaN,
        "Basic Average Shares": NaN,
        "Diluted EPS": NaN,
        "Basic EPS": NaN,
        "Diluted NI Availto Com Stockholders": 8000000.0,
        "Net Income Common Stockholders": 8000000.0,
        "Net Income": 8000000.0,
        "Net Income Including Noncontrolling Interests": 9000000.0,
        "Net Income Continuous Operations": 9000000.0,
        "Tax Provision": 3000000.0,
        "Pretax Income": 12000000.0,
        "Other Income Expense": -10000000.0,
        "Special Income Charges": -10000000.0,
        "Impairment Of Capital Assets": 0.0,
        "Restructuring And Mergern Acquisition": 10000000.0,
        "Net Non Operating Interest Income Expense": -6000000.0,
        "Interest Expense Non Operating": 10000000.0,
        "Interest Income Non Operating": 4000000.0,
        "Operating Income": 26000000.0,
        "Operating Expense": 151000000.0,
        "Depreciation Amortization Depletion Income Statement": 9000000.0,
        "Depreciation And Amortization In Income Statement": 9000000.0,
        "Selling General And Administration": 142000000.0,
        "Selling And Marketing Expense": 71000000.0,
        "General And Administrative Expense": 71000000.0,
        "Other Gand A": 71000000.0,
        "Gross Profit": 177000000.0,
        "Cost Of Revenue": 189000000.0,
        "Total Revenue": 365000000.0,
        "Operating Revenue": 347000000.0
    },
    "2024-03-31": {
        "Tax Effect Of Unusual Items": 0.0,
        "Tax Rate For Calcs": 0.244,
        "Normalized EBITDA": 64000000.0,
        "Total Unusual Items": 0.0,
        "Total Unusual Items Excluding Goodwill": 0.0,
        "Net Income From Continuing Operation Net Minority Interest": 34000000.0,
        "Reconciled Depreciation": 9000000.0,
        "Reconciled Cost Of Revenue": 184000000.0,
        "EBITDA": 64000000.0,
        "EBIT": 55000000.0,
        "Net Interest Income": -5000000.0,
        "Interest Expense": 10000000.0,
        "Interest Income": 5000000.0,
        "Normalized Income": 34000000.0,
        "Net Income From Continuing And Discontinued Operation": 34000000.0,
        "Total Expenses": 329000000.0,
        "Diluted Average Shares": 79000000.0,
        "Basic Average Shares": 78300000.0,
        "Diluted EPS": 0.43,
        "Basic EPS": 0.43,
        "Diluted NI Availto Com Stockholders": 34000000.0,
        "Net Income Common Stockholders": 34000000.0,
        "Net Income": 34000000.0,
        "Net Income Including Noncontrolling Interests": 34000000.0,
        "Net Income Continuous Operations": 34000000.0,
        "Tax Provision": 11000000.0,
        "Pretax Income": 45000000.0,
        "Other Income Expense": NaN,
        "Special Income Charges": 0.0,
        "Impairment Of Capital Assets": NaN,
        "Restructuring And Mergern Acquisition": 0.0,
        "Net Non Operating Interest Income Expense": -5000000.0,
        "Interest Expense Non Operating": 10000000.0,
        "Interest Income Non Operating": 5000000.0,
        "Operating Income": 50000000.0,
        "Operating Expense": 145000000.0,
        "Depreciation Amortization Depletion Income Statement": 9000000.0,
        "Depreciation And Amortization In Income Statement": 9000000.0,
        "Selling General And Administration": 136000000.0,
        "Selling And Marketing Expense": 66000000.0,
        "General And Administrative Expense": 70000000.0,
        "Other Gand A": 70000000.0,
        "Gross Profit": 195000000.0,
        "Cost Of Revenue": 184000000.0,
        "Total Revenue": 378000000.0,
        "Operating Revenue": 361000000.0
    }
}