{
    "2023-03-31": {
        "Tax Effect Of Unusual Items": NaN,
        "Tax Rate For Calcs": NaN,
        "Normalized EBITDA": NaN,
        "Net Income From Continuing Operation Net Minority Interest": NaN,
        "Reconciled Depreciation": NaN,
        "Reconciled Cost Of Revenue": NaN,
        "EBITDA": NaN,
        "EBIT": NaN,
        "Net Interest Income": NaN,
        "Interest Expense": NaN,
        "Interest Income": NaN,
        "Normalized Income": NaN,
        "Net Income From Continuing And Discontinued Operation": NaN,
        "Total Expenses": NaN,
        "Total Operating Income As Reported": NaN,
        "Diluted Average Shares": 30296000.0,
        "Basic Average Shares": 30296000.0,
        "Diluted EPS": -0.01,
        "Basic EPS": -0.01,
        "Diluted NI Availto Com Stockholders": NaN,
        "Net Income Common Stockholders": NaN,
        "Net Income": NaN,
        "Net Income Including Noncontrolling Interests": NaN,
        "Net Income Continuous Operations": NaN,
        "Tax Provision": NaN,
        "Pretax Income": NaN,
        "Other Income Expense": NaN,
        "Other Non Operating Income Expenses": NaN,
        "Net Non Operating Interest Income Expense": NaN,
        "Interest Expense Non Operating": NaN,
        "Interest Income Non Operating": NaN,
        "Operating Income": NaN,
        "Operating Expense": NaN,
        "Research And Development": NaN,
        "Selling General And Administration": NaN,
        "Gross Profit": NaN,
        "Cost Of Revenue": NaN,
        "Total Revenue": NaN,
        "Operating Revenue": NaN
    },
    "2022-12-31": {
        "Tax Effect Of Unusual Items": NaN,
        "Tax Rate For Calcs": NaN,
        "Normalized EBITDA": NaN,
        "Net Income From Continuing Operation Net Minority Interest": NaN,
        "Reconciled Depreciation": NaN,
        "Reconciled Cost Of Revenue": NaN,
        "EBITDA": NaN,
        "EBIT": NaN,
        "Net Interest Income": NaN,
        "Interest Expense": NaN,
        "Interest Income": NaN,
        "Normalized Income": NaN,
        "Net Income From Continuing And Discontinued Operation": NaN,
        "Total Expenses": NaN,
        "Total Operating Income As Reported": NaN,
        "Diluted Average Shares": 30296000.0,
        "Basic Average Shares": 30296000.0,
        "Diluted EPS": -0.01,
        "Basic EPS": -0.01,
        "Diluted NI Availto Com Stockholders": NaN,
        "Net Income Common Stockholders": NaN,
        "Net Income": NaN,
        "Net Income Including Noncontrolling Interests": NaN,
        "Net Income Continuous Operations": NaN,
        "Tax Provision": NaN,
        "Pretax Income": NaN,
        "Other Income Expense": NaN,
        "Other Non Operating Income Expenses": NaN,
        "Net Non Operating Interest Income Expense": NaN,
        "Interest Expense Non Operating": NaN,
        "Interest Income Non Operating": NaN,
        "Operating Income": NaN,
        "Operating Expense": NaN,
        "Research And Development": NaN,
        "Selling General And Administration": NaN,
        "Gross Profit": NaN,
        "Cost Of Revenue": NaN,
        "Total Revenue": NaN,
        "Operating Revenue": NaN
    },
    "2022-09-30": {
        "Tax Effect Of Unusual Items": 0.0,
        "Tax Rate For Calcs": 0.0,
        "Normalized EBITDA": 318000.0,
        "Net Income From Continuing Operation Net Minority Interest": 314000.0,
        "Reconciled Depreciation": 105000.0,
        "Reconciled Cost Of Revenue": 4345000.0,
        "EBITDA": 318000.0,
        "EBIT": 318000.0,
        "Net Interest Income": 88000.0,
        "Interest Expense": 4000.0,
        "Interest Income": 92000.0,
        "Normalized Income": 314000.0,
        "Net Income From Continuing And Discontinued Operation": 314000.0,
        "Total Expenses": 7825000.0,
        "Total Operating Income As Reported": 192000.0,
        "Diluted Average Shares": 30371000.0,
        "Basic Average Shares": 30296000.0,
        "Diluted EPS": 0.01,
        "Basic EPS": 0.01,
        "Diluted NI Availto Com Stockholders": 314000.0,
        "Net Income Common Stockholders": 314000.0,
        "Net Income": 314000.0,
        "Net Income Including Noncontrolling Interests": 314000.0,
        "Net Income Continuous Operations": 314000.0,
        "Tax Provision": 0.0,
        "Pretax Income": 314000.0,
        "Other Income Expense": 34000.0,
        "Other Non Operating Income Expenses": 34000.0,
        "Net Non Operating Interest Income Expense": 88000.0,
        "Interest Expense Non Operating": 4000.0,
        "Interest Income Non Operating": 92000.0,
        "Operating Income": 192000.0,
        "Operating Expense": 3480000.0,
        "Research And Development": 207000.0,
        "Selling General And Administration": 3273000.0,
        "Gross Profit": 3672000.0,
        "Cost Of Revenue": 4345000.0,
        "Total Revenue": 8017000.0,
        "Operating Revenue": 8017000.0
    },
    "2022-06-30": {
        "Tax Effect Of Unusual Items": 0.0,
        "Tax Rate For Calcs": 0.4,
        "Normalized EBITDA": -219000.0,
        "Net Income From Continuing Operation Net Minority Interest": -356000.0,
        "Reconciled Depreciation": 124000.0,
        "Reconciled Cost Of Revenue": 3690000.0,
        "EBITDA": -219000.0,
        "EBIT": -343000.0,
        "Net Interest Income": 4000.0,
        "Interest Expense": 4000.0,
        "Interest Income": 8000.0,
        "Normalized Income": -356000.0,
        "Net Income From Continuing And Discontinued Operation": -356000.0,
        "Total Expenses": 6853000.0,
        "Total Operating Income As Reported": -485000.0,
        "Diluted Average Shares": 30296000.0,
        "Basic Average Shares": 30296000.0,
        "Diluted EPS": -0.01,
        "Basic EPS": -0.01,
        "Diluted NI Availto Com Stockholders": -356000.0,
        "Net Income Common Stockholders": -356000.0,
        "Net Income": -356000.0,
        "Net Income Including Noncontrolling Interests": -356000.0,
        "Net Income Continuous Operations": -356000.0,
        "Tax Provision": 9000.0,
        "Pretax Income": -347000.0,
        "Other Income Expense": 134000.0,
        "Other Non Operating Income Expenses": 134000.0,
        "Net Non Operating Interest Income Expense": 4000.0,
        "Interest Expense Non Operating": 4000.0,
        "Interest Income Non Operating": 8000.0,
        "Operating Income": -485000.0,
        "Operating Expense": 3163000.0,
        "Research And Development": 289000.0,
        "Selling General And Administration": 2874000.0,
        "Gross Profit": 2678000.0,
        "Cost Of Revenue": 3690000.0,
        "Total Revenue": 6368000.0,
        "Operating Revenue": 6368000.0
    },
    "2022-03-31": {
        "Diluted EPS": -0.03,
        "Total Revenue": 6,
        "Gross Profit": 2,
        "Operating Income": -1,
        "EBIT": -1,
        "Net Income": -1
    },
    "2021-12-31": {
        "Diluted EPS": 0.0,
        "Total Revenue": 6,
        "Gross Profit": 3,
        "Operating Income": 0,
        "EBIT": 0,
        "Net Income": 0
    },
    "2021-09-30": {
        "Diluted EPS": 0.02,
        "Total Revenue": 8,
        "Gross Profit": 4,
        "Operating Income": 1,
        "EBIT": 1,
        "Net Income": 1
    },
    "2021-06-30": {
        "Diluted EPS": -0.03,
        "Total Revenue": 5,
        "Gross Profit": 3,
        "Operating Income": -1,
        "EBIT": -1,
        "Net Income": -1
    },
    "2021-03-31": {
        "Diluted EPS": 0.01,
        "Total Revenue": 5,
        "Gross Profit": 2,
        "Operating Income": -1,
        "EBIT": -1,
        "Net Income": 0
    },
    "2020-12-31": {
        "Diluted EPS": -0.06,
        "Total Revenue": 6,
        "Gross Profit": 3,
        "Operating Income": -2,
        "EBIT": -1,
        "Net Income": -2
    },
    "2020-09-30": {
        "Diluted EPS": 0.09,
        "Total Revenue": 8,
        "Gross Profit": 6,
        "Operating Income": 2,
        "EBIT": 3,
        "Net Income": 2
    },
    "2020-06-30": {
        "Diluted EPS": -0.1,
        "Total Revenue": 4,
        "Gross Profit": 1,
        "Operating Income": -2,
        "EBIT": -2,
        "Net Income": -3
    },
    "2020-03-31": {
        "Diluted EPS": -0.1,
        "Total Revenue": 4,
        "Gross Profit": 2,
        "Operating Income": -3,
        "EBIT": -2,
        "Net Income": -3
    },
    "2019-12-31": {
        "Diluted EPS": -0.18,
        "Total Revenue": 5,
        "Gross Profit": 0,
        "Operating Income": -5,
        "EBIT": -4,
        "Net Income": -4
    },
    "2019-09-30": {
        "Diluted EPS": -0.05,
        "Total Revenue": 6,
        "Gross Profit": 3,
        "Operating Income": -1,
        "EBIT": -1,
        "Net Income": -1
    },
    "2019-06-30": {
        "Diluted EPS": -0.04,
        "Total Revenue": 9,
        "Gross Profit": 4,
        "Operating Income": -1,
        "EBIT": -1,
        "Net Income": -1
    },
    "2019-03-31": {
        "Diluted EPS": -0.05,
        "Total Revenue": 10,
        "Gross Profit": 4,
        "Operating Income": -1,
        "EBIT": -1,
        "Net Income": -1
    },
    "2018-12-31": {
        "Diluted EPS": 0.04,
        "Total Revenue": 16,
        "Gross Profit": 6,
        "Operating Income": 1,
        "EBIT": 1,
        "Net Income": 1
    },
    "2018-09-30": {
        "Diluted EPS": 0.04,
        "Total Revenue": 16,
        "Gross Profit": 5,
        "Operating Income": 1,
        "EBIT": 1,
        "Net Income": 1
    },
    "2018-06-30": {
        "Diluted EPS": -0.07,
        "Total Revenue": 12,
        "Gross Profit": 4,
        "Operating Income": -2,
        "EBIT": -1,
        "Net Income": -2
    },
    "2018-03-31": {
        "Diluted EPS": -0.01,
        "Total Revenue": 13,
        "Gross Profit": 5,
        "Operating Income": 0,
        "EBIT": 0,
        "Net Income": 0
    },
    "2017-12-31": {
        "Diluted EPS": -0.02,
        "Total Revenue": 13,
        "Gross Profit": 6,
        "Operating Income": 0,
        "EBIT": 1,
        "Net Income": -1
    },
    "2017-09-30": {
        "Diluted EPS": -0.02,
        "Total Revenue": 14,
        "Gross Profit": 5,
        "Operating Income": 0,
        "EBIT": 0,
        "Net Income": 0
    },
    "2017-06-30": {
        "Diluted EPS": -0.29,
        "Total Revenue": 10,
        "Gross Profit": 4,
        "Operating Income": -6,
        "EBIT": -5,
        "Net Income": -7
    },
    "2017-03-31": {
        "Diluted EPS": -0.11,
        "Total Revenue": 8,
        "Gross Profit": 4,
        "Operating Income": -2,
        "EBIT": -1,
        "Net Income": -3
    },
    "2016-12-31": {
        "Diluted EPS": -0.38,
        "Total Revenue": 10,
        "Gross Profit": 2,
        "Operating Income": -6,
        "EBIT": -5,
        "Net Income": -9
    },
    "2016-09-30": {
        "Diluted EPS": -0.13,
        "Total Revenue": 13,
        "Gross Profit": 5,
        "Operating Income": -2,
        "EBIT": -2,
        "Net Income": -3
    },
    "2016-06-30": {
        "Diluted EPS": -0.12,
        "Total Revenue": 15,
        "Gross Profit": 6,
        "Operating Income": -1,
        "EBIT": -1,
        "Net Income": -3
    },
    "2016-03-31": {
        "Diluted EPS": -0.11,
        "Total Revenue": 18,
        "Gross Profit": 6,
        "Operating Income": -3,
        "EBIT": -2,
        "Net Income": -3
    },
    "2015-12-31": {
        "Diluted EPS": -0.4,
        "Total Revenue": 18,
        "Gross Profit": 7,
        "Operating Income": 0,
        "EBIT": 0,
        "Net Income": -9
    },
    "2015-09-30": {
        "Diluted EPS": -0.01,
        "Total Revenue": 22,
        "Gross Profit": 8,
        "Operating Income": -1,
        "EBIT": 0,
        "Net Income": 0
    },
    "2015-06-30": {
        "Diluted EPS": -0.06,
        "Total Revenue": 19,
        "Gross Profit": 7,
        "Operating Income": -2,
        "EBIT": -1,
        "Net Income": -1
    },
    "2015-03-31": {
        "Diluted EPS": -0.07,
        "Total Revenue": 15,
        "Gross Profit": 7,
        "Operating Income": -2,
        "EBIT": -1,
        "Net Income": -2
    },
    "2014-12-31": {
        "Diluted EPS": -0.75,
        "Total Revenue": 19,
        "Gross Profit": 9,
        "Operating Income": -25,
        "EBIT": -23,
        "Net Income": -17
    },
    "2014-09-30": {
        "Diluted EPS": 0.05,
        "Total Revenue": 21,
        "Gross Profit": 10,
        "Operating Income": 1,
        "EBIT": 3,
        "Net Income": 1
    },
    "2014-06-30": {
        "Diluted EPS": -0.03,
        "Total Revenue": 20,
        "Gross Profit": 9,
        "Operating Income": -1,
        "EBIT": 0,
        "Net Income": -1
    },
    "2014-03-31": {
        "Diluted EPS": -0.05,
        "Total Revenue": 19,
        "Gross Profit": 8,
        "Operating Income": -1,
        "EBIT": 0,
        "Net Income": -1
    },
    "2013-12-31": {
        "Diluted EPS": 0.03,
        "Total Revenue": 24,
        "Gross Profit": 10,
        "Operating Income": 0,
        "EBIT": 1,
        "Net Income": 0
    },
    "2013-09-30": {
        "Diluted EPS": 0.15,
        "Total Revenue": 34,
        "Gross Profit": 15,
        "Operating Income": 5,
        "EBIT": 6,
        "Net Income": 3
    },
    "2013-06-30": {
        "Diluted EPS": 0.05,
        "Total Revenue": 29,
        "Gross Profit": 12,
        "Operating Income": 2,
        "EBIT": 3,
        "Net Income": 1
    },
    "2013-03-31": {
        "Diluted EPS": 0.0,
        "Total Revenue": 22,
        "Gross Profit": 9,
        "Operating Income": 0,
        "EBIT": 1,
        "Net Income": 0
    },
    "2012-12-31": {
        "Diluted EPS": 0.01,
        "Total Revenue": 27,
        "Gross Profit": 9,
        "Operating Income": 1,
        "EBIT": 2,
        "Net Income": 0
    },
    "2012-09-30": {
        "Diluted EPS": 0.05,
        "Total Revenue": 25,
        "Gross Profit": 10,
        "Operating Income": 2,
        "EBIT": 2,
        "Net Income": 1
    },
    "2012-06-30": {
        "Diluted EPS": 0.0,
        "Total Revenue": 21,
        "Gross Profit": 9,
        "Operating Income": 0,
        "EBIT": 1,
        "Net Income": 0
    },
    "2012-03-31": {
        "Diluted EPS": 0.06,
        "Total Revenue": 25,
        "Gross Profit": 12,
        "Operating Income": 2,
        "EBIT": 3,
        "Net Income": 2
    },
    "2011-12-31": {
        "Diluted EPS": 0.07,
        "Total Revenue": 28,
        "Gross Profit": 13,
        "Operating Income": 3,
        "EBIT": 4,
        "Net Income": 2
    },
    "2011-09-30": {
        "Diluted EPS": 0.11,
        "Total Revenue": 24,
        "Gross Profit": 11,
        "Operating Income": 3,
        "EBIT": 4,
        "Net Income": 3
    },
    "2011-06-30": {
        "Diluted EPS": 0.02,
        "Total Revenue": 19,
        "Gross Profit": 8,
        "Operating Income": 1,
        "EBIT": 2,
        "Net Income": 0
    },
    "2011-03-31": {
        "Diluted EPS": 0.05,
        "Total Revenue": 23,
        "Gross Profit": 11,
        "Operating Income": 3,
        "EBIT": 4,
        "Net Income": 1
    },
    "2010-12-31": {
        "Diluted EPS": 0.04,
        "Total Revenue": 25,
        "Gross Profit": 10,
        "Operating Income": 2,
        "EBIT": 3,
        "Net Income": 1
    },
    "2010-09-30": {
        "Diluted EPS": 0.03,
        "Total Revenue": 20,
        "Gross Profit": 9,
        "Operating Income": 1,
        "EBIT": 3,
        "Net Income": 1
    },
    "2010-06-30": {
        "Diluted EPS": -0.01,
        "Total Revenue": 19,
        "Gross Profit": 8,
        "Operating Income": 0,
        "EBIT": 1,
        "Net Income": 0
    },
    "2010-03-31": {
        "Diluted EPS": 0.01,
        "Total Revenue": 18,
        "Gross Profit": 8,
        "Operating Income": 0,
        "EBIT": 2,
        "Net Income": 0
    },
    "2009-12-31": {
        "Diluted EPS": 0.0,
        "Total Revenue": 19,
        "Gross Profit": 8,
        "Operating Income": 2,
        "EBIT": 2,
        "Net Income": 0
    },
    "2009-09-30": {
        "Diluted EPS": -0.03,
        "Total Revenue": 16,
        "Gross Profit": 6,
        "Operating Income": -2,
        "EBIT": -2,
        "Net Income": -1
    },
    "2009-06-30": {
        "Diluted EPS": -0.01,
        "Total Revenue": 19,
        "Gross Profit": 9,
        "Operating Income": 0,
        "EBIT": 0,
        "Net Income": 0
    },
    "2009-03-31": {
        "Diluted EPS": -0.06,
        "Total Revenue": 17,
        "Gross Profit": 6,
        "Operating Income": -2,
        "EBIT": -2,
        "Net Income": -2
    },
    "2023-06-30": {
        "Tax Effect Of Unusual Items": NaN,
        "Tax Rate For Calcs": NaN,
        "Normalized EBITDA": NaN,
        "Net Income From Continuing Operation Net Minority Interest": NaN,
        "Reconciled Depreciation": NaN,
        "Reconciled Cost Of Revenue": NaN,
        "EBITDA": NaN,
        "EBIT": NaN,
        "Net Interest Income": NaN,
        "Interest Expense": NaN,
        "Interest Income": NaN,
        "Normalized Income": NaN,
        "Net Income From Continuing And Discontinued Operation": NaN,
        "Total Expenses": NaN,
        "Total Operating Income As Reported": NaN,
        "Diluted Average Shares": 30324000.0,
        "Basic Average Shares": 30324000.0,
        "Diluted EPS": -0.03,
        "Basic EPS": -0.03,
        "Diluted NI Availto Com Stockholders": NaN,
        "Net Income Common Stockholders": NaN,
        "Net Income": NaN,
        "Net Income Including Noncontrolling Interests": NaN,
        "Net Income Continuous Operations": NaN,
        "Tax Provision": NaN,
        "Pretax Income": NaN,
        "Other Income Expense": NaN,
        "Other Non Operating Income Expenses": NaN,
        "Net Non Operating Interest Income Expense": NaN,
        "Interest Expense Non Operating": NaN,
        "Interest Income Non Operating": NaN,
        "Operating Income": NaN,
        "Operating Expense": NaN,
        "Research And Development": NaN,
        "Selling General And Administration": NaN,
        "Gross Profit": NaN,
        "Cost Of Revenue": NaN,
        "Total Revenue": NaN,
        "Operating Revenue": NaN
    },
    "2023-09-30": {
        "Tax Effect Of Unusual Items": 0.0,
        "Tax Rate For Calcs": 0.0,
        "Normalized EBITDA": 573000.0,
        "Net Income From Continuing Operation Net Minority Interest": 459000.0,
        "Reconciled Depreciation": 109000.0,
        "Reconciled Cost Of Revenue": 4376000.0,
        "EBITDA": 573000.0,
        "EBIT": 464000.0,
        "Net Interest Income": 317000.0,
        "Interest Expense": 5000.0,
        "Interest Income": 322000.0,
        "Normalized Income": 459000.0,
        "Net Income From Continuing And Discontinued Operation": 459000.0,
        "Total Expenses": 7855000.0,
        "Total Operating Income As Reported": 133000.0,
        "Diluted Average Shares": 30627000.0,
        "Basic Average Shares": 30385000.0,
        "Diluted EPS": 0.01,
        "Basic EPS": 0.02,
        "Diluted NI Availto Com Stockholders": 459000.0,
        "Net Income Common Stockholders": 459000.0,
        "Net Income": 459000.0,
        "Net Income Including Noncontrolling Interests": 459000.0,
        "Net Income Continuous Operations": 459000.0,
        "Tax Provision": 0.0,
        "Pretax Income": 459000.0,
        "Other Income Expense": 9000.0,
        "Other Non Operating Income Expenses": 9000.0,
        "Net Non Operating Interest Income Expense": 317000.0,
        "Interest Expense Non Operating": 5000.0,
        "Interest Income Non Operating": 322000.0,
        "Operating Income": 133000.0,
        "Operating Expense": 3479000.0,
        "Research And Development": 513000.0,
        "Selling General And Administration": 2966000.0,
        "Gross Profit": 3612000.0,
        "Cost Of Revenue": 4376000.0,
        "Total Revenue": 7988000.0,
        "Operating Revenue": 7988000.0
    },
    "2023-12-31": {
        "Tax Effect Of Unusual Items": 0.0,
        "Tax Rate For Calcs": 0.21,
        "Normalized EBITDA": -415000.0,
        "Net Income From Continuing Operation Net Minority Interest": -539000.0,
        "Reconciled Depreciation": 49000.0,
        "Reconciled Cost Of Revenue": 3102000.0,
        "EBITDA": -415000.0,
        "EBIT": -464000.0,
        "Net Interest Income": 326000.0,
        "Interest Expense": 6000.0,
        "Interest Income": 332000.0,
        "Normalized Income": -539000.0,
        "Net Income From Continuing And Discontinued Operation": -539000.0,
        "Total Expenses": 7146000.0,
        "Total Operating Income As Reported": -801000.0,
        "Diluted Average Shares": NaN,
        "Basic Average Shares": NaN,
        "Diluted EPS": NaN,
        "Basic EPS": NaN,
        "Diluted NI Availto Com Stockholders": -539000.0,
        "Net Income Common Stockholders": -539000.0,
        "Net Income": -539000.0,
        "Net Income Including Noncontrolling Interests": -539000.0,
        "Net Income Continuous Operations": -539000.0,
        "Tax Provision": 69000.0,
        "Pretax Income": -470000.0,
        "Other Income Expense": 5000.0,
        "Other Non Operating Income Expenses": 5000.0,
        "Net Non Operating Interest Income Expense": 326000.0,
        "Interest Expense Non Operating": 6000.0,
        "Interest Income Non Operating": 332000.0,
        "Operating Income": -801000.0,
        "Operating Expense": 4044000.0,
        "Research And Development": 367000.0,
        "Selling General And Administration": 3677000.0,
        "Gross Profit": 3243000.0,
        "Cost Of Revenue": 3102000.0,
        "Total Revenue": 6345000.0,
        "Operating Revenue": 6345000.0
    },
    "2024-03-31": {
        "Tax Effect Of Unusual Items": 0.0,
        "Tax Rate For Calcs": 0.037671,
        "Normalized EBITDA": 388000.0,
        "Net Income From Continuing Operation Net Minority Interest": 281000.0,
        "Reconciled Depreciation": 96000.0,
        "Reconciled Cost Of Revenue": 2928000.0,
        "EBITDA": 388000.0,
        "EBIT": 292000.0,
        "Net Interest Income": 311000.0,
        "Interest Expense": 0.0,
        "Interest Income": 311000.0,
        "Normalized Income": 281000.0,
        "Net Income From Continuing And Discontinued Operation": 281000.0,
        "Total Expenses": 6649000.0,
        "Total Operating Income As Reported": -1692000.0,
        "Diluted Average Shares": 30756000.0,
        "Basic Average Shares": 30385000.0,
        "Diluted EPS": 0.01,
        "Basic EPS": 0.01,
        "Diluted NI Availto Com Stockholders": 281000.0,
        "Net Income Common Stockholders": 281000.0,
        "Net Income": 281000.0,
        "Net Income Including Noncontrolling Interests": 281000.0,
        "Net Income Continuous Operations": 281000.0,
        "Tax Provision": 11000.0,
        "Pretax Income": 292000.0,
        "Other Income Expense": 1673000.0,
        "Other Non Operating Income Expenses": 1673000.0,
        "Net Non Operating Interest Income Expense": 311000.0,
        "Interest Expense Non Operating": 0.0,
        "Interest Income Non Operating": 311000.0,
        "Operating Income": -1692000.0,
        "Operating Expense": 3721000.0,
        "Research And Development": 376000.0,
        "Selling General And Administration": 3345000.0,
        "Gross Profit": 2029000.0,
        "Cost Of Revenue": 2928000.0,
        "Total Revenue": 4957000.0,
        "Operating Revenue": 4957000.0
    },
    "2024-06-30": {
        "Tax Effect Of Unusual Items": 0.0,
        "Tax Rate For Calcs": 0.21,
        "Normalized EBITDA": -319000.0,
        "Net Income From Continuing Operation Net Minority Interest": -421000.0,
        "Reconciled Depreciation": 96000.0,
        "Reconciled Cost Of Revenue": 4090000.0,
        "EBITDA": -319000.0,
        "EBIT": -415000.0,
        "Net Interest Income": 334000.0,
        "Interest Expense": 0.0,
        "Interest Income": 334000.0,
        "Normalized Income": -421000.0,
        "Net Income From Continuing And Discontinued Operation": -421000.0,
        "Total Expenses": 7757000.0,
        "Total Operating Income As Reported": -715000.0,
        "Diluted Average Shares": 30482000.0,
        "Basic Average Shares": 30482000.0,
        "Diluted EPS": -0.01,
        "Basic EPS": -0.01,
        "Diluted NI Availto Com Stockholders": -421000.0,
        "Net Income Common Stockholders": -421000.0,
        "Net Income": -421000.0,
        "Net Income Including Noncontrolling Interests": -421000.0,
        "Net Income Continuous Operations": -421000.0,
        "Tax Provision": 6000.0,
        "Pretax Income": -415000.0,
        "Other Income Expense": -34000.0,
        "Other Non Operating Income Expenses": -34000.0,
        "Net Non Operating Interest Income Expense": 334000.0,
        "Interest Expense Non Operating": 0.0,
        "Interest Income Non Operating": 334000.0,
        "Operating Income": -715000.0,
        "Operating Expense": 3667000.0,
        "Research And Development": 422000.0,
        "Selling General And Administration": 3245000.0,
        "Gross Profit": 2952000.0,
        "Cost Of Revenue": 4090000.0,
        "Total Revenue": 7042000.0,
        "Operating Revenue": 7042000.0
    },
    "2024-09-30": {
        "Tax Effect Of Unusual Items": 0.0,
        "Tax Rate For Calcs": 0.012346,
        "Normalized EBITDA": 179000.0,
        "Net Income From Continuing Operation Net Minority Interest": 80000.0,
        "Reconciled Depreciation": 98000.0,
        "Reconciled Cost Of Revenue": 4444000.0,
        "EBITDA": 179000.0,
        "EBIT": 81000.0,
        "Net Interest Income": 323000.0,
        "Interest Expense": 0.0,
        "Interest Income": 323000.0,
        "Normalized Income": 80000.0,
        "Net Income From Continuing And Discontinued Operation": 80000.0,
        "Total Expenses": 8030000.0,
        "Total Operating Income As Reported": -179000.0,
        "Diluted Average Shares": 30848000.0,
        "Basic Average Shares": 30708000.0,
        "Diluted EPS": 0.002593,
        "Basic EPS": 0.002605,
        "Diluted NI Availto Com Stockholders": 80000.0,
        "Net Income Common Stockholders": 80000.0,
        "Net Income": 80000.0,
        "Net Income Including Noncontrolling Interests": 80000.0,
        "Net Income Continuous Operations": 80000.0,
        "Tax Provision": 1000.0,
        "Pretax Income": 81000.0,
        "Other Income Expense": -63000.0,
        "Other Non Operating Income Expenses": -63000.0,
        "Net Non Operating Interest Income Expense": 323000.0,
        "Interest Expense Non Operating": 0.0,
        "Interest Income Non Operating": 323000.0,
        "Operating Income": -179000.0,
        "Operating Expense": 3586000.0,
        "Research And Development": 361000.0,
        "Selling General And Administration": 3225000.0,
        "Gross Profit": 3407000.0,
        "Cost Of Revenue": 4444000.0,
        "Total Revenue": 7851000.0,
        "Operating Revenue": 7851000.0
    }
}