{
    "2023-03-31": {
        "Tax Effect Of Unusual Items": 0.0,
        "Tax Rate For Calcs": 0.21,
        "Normalized EBITDA": -2027819.0,
        "Total Unusual Items": 0.0,
        "Total Unusual Items Excluding Goodwill": 0.0,
        "Net Income From Continuing Operation Net Minority Interest": -2068136.0,
        "Reconciled Depreciation": 85656.0,
        "Reconciled Cost Of Revenue": 2162834.0,
        "EBITDA": -2027819.0,
        "EBIT": -2113475.0,
        "Net Interest Income": 455453.0,
        "Interest Expense": 0.0,
        "Interest Income": 455453.0,
        "Normalized Income": -2068136.0,
        "Net Income From Continuing And Discontinued Operation": -2176464.0,
        "Total Expenses": 5888649.0,
        "Total Operating Income As Reported": -2524199.0,
        "Diluted Average Shares": 14856179.0,
        "Basic Average Shares": 14645653.0,
        "Diluted EPS": -0.15,
        "Basic EPS": -0.15,
        "Diluted NI Availto Com Stockholders": -2176464.0,
        "Average Dilution Earnings": NaN,
        "Net Income Common Stockholders": -2176464.0,
        "Net Income": -2176464.0,
        "Minority Interests": 71013.0,
        "Net Income Including Noncontrolling Interests": -2247477.0,
        "Net Income Discontinuous Operations": -108328.0,
        "Net Income Continuous Operations": -2139149.0,
        "Tax Provision": 25674.0,
        "Pretax Income": -2113475.0,
        "Other Income Expense": -44729.0,
        "Other Non Operating Income Expenses": -44729.0,
        "Special Income Charges": 0.0,
        "Write Off": 0.0,
        "Net Non Operating Interest Income Expense": 455453.0,
        "Interest Expense Non Operating": 0.0,
        "Interest Income Non Operating": 455453.0,
        "Operating Income": -2524199.0,
        "Operating Expense": 3725815.0,
        "Provision For Doubtful Accounts": 16826.0,
        "Research And Development": 205999.0,
        "Selling General And Administration": 3502990.0,
        "Selling And Marketing Expense": 127162.0,
        "General And Administrative Expense": 3375828.0,
        "Other Gand A": 3375828.0,
        "Salaries And Wages": NaN,
        "Gross Profit": 1201616.0,
        "Cost Of Revenue": 2162834.0,
        "Total Revenue": 3364450.0,
        "Operating Revenue": 3273862.0
    },
    "2022-12-31": {
        "Tax Effect Of Unusual Items": NaN,
        "Tax Rate For Calcs": NaN,
        "Normalized EBITDA": NaN,
        "Total Unusual Items": -1487358.0,
        "Total Unusual Items Excluding Goodwill": -1487358.0,
        "Net Income From Continuing Operation Net Minority Interest": NaN,
        "Reconciled Depreciation": NaN,
        "Reconciled Cost Of Revenue": NaN,
        "EBITDA": NaN,
        "EBIT": NaN,
        "Net Interest Income": NaN,
        "Interest Expense": NaN,
        "Interest Income": NaN,
        "Normalized Income": NaN,
        "Net Income From Continuing And Discontinued Operation": NaN,
        "Total Expenses": NaN,
        "Total Operating Income As Reported": NaN,
        "Diluted Average Shares": NaN,
        "Basic Average Shares": NaN,
        "Diluted EPS": NaN,
        "Basic EPS": NaN,
        "Diluted NI Availto Com Stockholders": NaN,
        "Average Dilution Earnings": NaN,
        "Net Income Common Stockholders": NaN,
        "Net Income": NaN,
        "Minority Interests": NaN,
        "Net Income Including Noncontrolling Interests": NaN,
        "Net Income Discontinuous Operations": NaN,
        "Net Income Continuous Operations": NaN,
        "Tax Provision": NaN,
        "Pretax Income": NaN,
        "Other Income Expense": NaN,
        "Other Non Operating Income Expenses": NaN,
        "Special Income Charges": -2322719.0,
        "Write Off": 2322719.0,
        "Net Non Operating Interest Income Expense": NaN,
        "Interest Expense Non Operating": NaN,
        "Interest Income Non Operating": NaN,
        "Operating Income": NaN,
        "Operating Expense": NaN,
        "Provision For Doubtful Accounts": NaN,
        "Research And Development": NaN,
        "Selling General And Administration": NaN,
        "Selling And Marketing Expense": NaN,
        "General And Administrative Expense": NaN,
        "Other Gand A": NaN,
        "Salaries And Wages": 0.0,
        "Gross Profit": NaN,
        "Cost Of Revenue": NaN,
        "Total Revenue": NaN,
        "Operating Revenue": NaN
    },
    "2022-09-30": {
        "Tax Effect Of Unusual Items": NaN,
        "Tax Rate For Calcs": NaN,
        "Normalized EBITDA": NaN,
        "Total Unusual Items": NaN,
        "Total Unusual Items Excluding Goodwill": NaN,
        "Net Income From Continuing Operation Net Minority Interest": NaN,
        "Reconciled Depreciation": NaN,
        "Reconciled Cost Of Revenue": NaN,
        "EBITDA": NaN,
        "EBIT": NaN,
        "Net Interest Income": NaN,
        "Interest Expense": NaN,
        "Interest Income": NaN,
        "Normalized Income": NaN,
        "Net Income From Continuing And Discontinued Operation": NaN,
        "Total Expenses": NaN,
        "Total Operating Income As Reported": NaN,
        "Diluted Average Shares": 14772623.0,
        "Basic Average Shares": 14214832.0,
        "Diluted EPS": -0.25,
        "Basic EPS": -0.25,
        "Diluted NI Availto Com Stockholders": NaN,
        "Average Dilution Earnings": 0.0,
        "Net Income Common Stockholders": NaN,
        "Net Income": NaN,
        "Minority Interests": NaN,
        "Net Income Including Noncontrolling Interests": NaN,
        "Net Income Discontinuous Operations": NaN,
        "Net Income Continuous Operations": NaN,
        "Tax Provision": NaN,
        "Pretax Income": NaN,
        "Other Income Expense": NaN,
        "Other Non Operating Income Expenses": NaN,
        "Special Income Charges": NaN,
        "Write Off": NaN,
        "Net Non Operating Interest Income Expense": NaN,
        "Interest Expense Non Operating": NaN,
        "Interest Income Non Operating": NaN,
        "Operating Income": NaN,
        "Operating Expense": NaN,
        "Provision For Doubtful Accounts": NaN,
        "Research And Development": NaN,
        "Selling General And Administration": NaN,
        "Selling And Marketing Expense": NaN,
        "General And Administrative Expense": NaN,
        "Other Gand A": NaN,
        "Salaries And Wages": 1279740.0,
        "Gross Profit": NaN,
        "Cost Of Revenue": NaN,
        "Total Revenue": NaN,
        "Operating Revenue": NaN
    },
    "2022-06-30": {
        "Tax Effect Of Unusual Items": -179444.4,
        "Tax Rate For Calcs": 0.4,
        "Normalized EBITDA": -1699754.0,
        "Total Unusual Items": -448611.0,
        "Total Unusual Items Excluding Goodwill": -448611.0,
        "Net Income From Continuing Operation Net Minority Interest": -2110238.0,
        "Reconciled Depreciation": 61439.0,
        "Reconciled Cost Of Revenue": 6042857.0,
        "EBITDA": -2148365.0,
        "EBIT": -2209804.0,
        "Net Interest Income": 239771.0,
        "Interest Expense": 2942.0,
        "Interest Income": 242713.0,
        "Normalized Income": -1841071.4,
        "Net Income From Continuing And Discontinued Operation": -2110392.0,
        "Total Expenses": 9812121.0,
        "Total Operating Income As Reported": -2842455.0,
        "Diluted Average Shares": 13645881.0,
        "Basic Average Shares": 13088090.0,
        "Diluted EPS": -0.16,
        "Basic EPS": -0.16,
        "Diluted NI Availto Com Stockholders": -2110392.0,
        "Net Income Common Stockholders": -2110392.0,
        "Net Income": -2110392.0,
        "Minority Interests": 226296.0,
        "Net Income Including Noncontrolling Interests": -2336688.0,
        "Net Income Discontinuous Operations": -154.0,
        "Net Income Continuous Operations": -2336534.0,
        "Tax Provision": 123788.0,
        "Pretax Income": -2212746.0,
        "Other Income Expense": -58673.0,
        "Other Non Operating Income Expenses": 389938.0,
        "Special Income Charges": -448611.0,
        "Write Off": 448611.0,
        "Net Non Operating Interest Income Expense": 239771.0,
        "Interest Expense Non Operating": 2942.0,
        "Interest Income Non Operating": 242713.0,
        "Operating Income": -2393844.0,
        "Operating Expense": 3769264.0,
        "Provision For Doubtful Accounts": -29.0,
        "Research And Development": 770105.0,
        "Selling General And Administration": 2999188.0,
        "Selling And Marketing Expense": 349209.0,
        "General And Administrative Expense": 2649979.0,
        "Other Gand A": 2649979.0,
        "Salaries And Wages": NaN,
        "Gross Profit": 1375420.0,
        "Cost Of Revenue": 6042857.0,
        "Total Revenue": 7418277.0,
        "Operating Revenue": 7351414.0
    },
    "2022-03-31": {
        "Diluted EPS": -0.18,
        "Total Revenue": 3,
        "Gross Profit": 2,
        "Operating Income": -3,
        "EBIT": -3,
        "Net Income": -3
    },
    "2021-12-31": {
        "Diluted EPS": -0.05,
        "Total Revenue": 12,
        "Gross Profit": 1,
        "Operating Income": -4,
        "EBIT": -3,
        "Net Income": -2
    },
    "2021-09-30": {
        "Diluted EPS": -0.8,
        "Total Revenue": 12,
        "Gross Profit": 1,
        "Operating Income": -7,
        "EBIT": -7,
        "Net Income": -10
    },
    "2021-06-30": {
        "Diluted EPS": -0.05,
        "Total Revenue": 1,
        "Gross Profit": 0,
        "Operating Income": -1,
        "EBIT": -1,
        "Net Income": 0
    },
    "2021-03-31": {
        "Diluted EPS": -0.1,
        "Total Revenue": 0,
        "Gross Profit": 0,
        "Operating Income": -2,
        "EBIT": -2,
        "Net Income": -1
    },
    "2020-12-31": {
        "Diluted EPS": -6.5,
        "Total Revenue": 0,
        "Gross Profit": 0,
        "Operating Income": -8,
        "EBIT": -8,
        "Net Income": -25
    },
    "2020-09-30": {
        "Diluted EPS": -0.35,
        "Total Revenue": 0,
        "Gross Profit": 0,
        "Operating Income": -1,
        "EBIT": -1,
        "Net Income": -2
    },
    "2020-06-30": {
        "Diluted EPS": -0.1,
        "Total Revenue": 0,
        "Gross Profit": 0,
        "Operating Income": 0,
        "EBIT": 0,
        "Net Income": -1
    },
    "2020-03-31": {
        "Diluted EPS": 17.25,
        "Total Revenue": 0,
        "Gross Profit": 0,
        "Operating Income": -6,
        "EBIT": -6,
        "Net Income": 117
    },
    "2019-12-31": {
        "Diluted EPS": -3.35,
        "Total Revenue": 0,
        "Gross Profit": 0,
        "Operating Income": -4,
        "EBIT": -7,
        "Net Income": -21
    },
    "2019-09-30": {
        "Diluted EPS": -0.15,
        "Total Revenue": 0,
        "Gross Profit": 0,
        "Operating Income": -1,
        "EBIT": 1,
        "Net Income": -1
    },
    "2019-06-30": {
        "Diluted EPS": -0.25,
        "Total Revenue": 0,
        "Gross Profit": 0,
        "Operating Income": -1,
        "EBIT": -1,
        "Net Income": -2
    },
    "2019-03-31": {
        "Diluted EPS": -0.25,
        "Total Revenue": 0,
        "Gross Profit": 0,
        "Operating Income": -1,
        "EBIT": -1,
        "Net Income": -2
    },
    "2018-12-31": {
        "Diluted EPS": -30.8,
        "Total Revenue": -1,
        "Gross Profit": 0,
        "Operating Income": -167,
        "EBIT": -167,
        "Net Income": -146
    },
    "2018-09-30": {
        "Diluted EPS": -4.65,
        "Total Revenue": 0,
        "Gross Profit": 0,
        "Operating Income": -18,
        "EBIT": -10,
        "Net Income": -18
    },
    "2018-06-30": {
        "Diluted EPS": -1.15,
        "Total Revenue": 1,
        "Gross Profit": 0,
        "Operating Income": -3,
        "EBIT": -4,
        "Net Income": -3
    },
    "2018-03-31": {
        "Diluted EPS": -2.1,
        "Total Revenue": 1,
        "Gross Profit": 0,
        "Operating Income": -3,
        "EBIT": -1,
        "Net Income": -3
    },
    "2017-12-31": {
        "Diluted EPS": -76.7,
        "Total Revenue": 0,
        "Gross Profit": 0,
        "Operating Income": -86,
        "EBIT": -87,
        "Net Income": -88
    },
    "2017-09-30": {
        "Diluted EPS": -9.35,
        "Total Revenue": 4,
        "Gross Profit": 0,
        "Operating Income": -9,
        "EBIT": -8,
        "Net Income": -9
    },
    "2017-06-30": {
        "Diluted EPS": -2.5,
        "Total Revenue": 3,
        "Gross Profit": 1,
        "Operating Income": -2,
        "EBIT": -1,
        "Net Income": -2
    },
    "2017-03-31": {
        "Diluted EPS": -3.15,
        "Total Revenue": 3,
        "Gross Profit": 1,
        "Operating Income": -3,
        "EBIT": -2,
        "Net Income": -3
    },
    "2016-12-31": {
        "Diluted EPS": -4.75,
        "Total Revenue": 8,
        "Gross Profit": 3,
        "Operating Income": 1,
        "EBIT": 3,
        "Net Income": -4
    },
    "2016-09-30": {
        "Diluted EPS": -1.4,
        "Total Revenue": 11,
        "Gross Profit": 3,
        "Operating Income": 1,
        "EBIT": 2,
        "Net Income": 0
    },
    "2016-06-30": {
        "Diluted EPS": 0.6,
        "Total Revenue": 10,
        "Gross Profit": 3,
        "Operating Income": 1,
        "EBIT": 1,
        "Net Income": 0
    },
    "2016-03-31": {
        "Diluted EPS": -1.5,
        "Total Revenue": 5,
        "Gross Profit": 0,
        "Operating Income": -1,
        "EBIT": 1,
        "Net Income": -1
    },
    "2015-12-31": {
        "Diluted EPS": -0.05,
        "Total Revenue": 47,
        "Gross Profit": 10,
        "Operating Income": 2,
        "EBIT": 5,
        "Net Income": 0
    },
    "2015-09-30": {
        "Diluted EPS": -0.1,
        "Total Revenue": 11,
        "Gross Profit": 4,
        "Operating Income": 1,
        "EBIT": 3,
        "Net Income": 0
    },
    "2015-06-30": {
        "Diluted EPS": 0.4,
        "Total Revenue": 12,
        "Gross Profit": 5,
        "Operating Income": 4,
        "EBIT": 5,
        "Net Income": 2
    },
    "2015-03-31": {
        "Diluted EPS": 0.3,
        "Total Revenue": 17,
        "Gross Profit": 7,
        "Operating Income": 3,
        "EBIT": 5,
        "Net Income": 2
    },
    "2014-12-31": {
        "Diluted EPS": -6.17,
        "Total Revenue": 40,
        "Gross Profit": 11,
        "Operating Income": 6,
        "EBIT": 9,
        "Net Income": 3
    },
    "2014-09-30": {
        "Diluted EPS": 6.8,
        "Total Revenue": 35,
        "Gross Profit": 10,
        "Operating Income": 7,
        "EBIT": 9,
        "Net Income": 5
    },
    "2014-06-30": {
        "Diluted EPS": 0.07,
        "Total Revenue": 12,
        "Gross Profit": 5,
        "Operating Income": 2,
        "EBIT": 3,
        "Net Income": 0
    },
    "2014-03-31": {
        "Diluted EPS": 0.8,
        "Total Revenue": 12,
        "Gross Profit": 4,
        "Operating Income": 2,
        "EBIT": 3,
        "Net Income": 1
    },
    "2013-12-31": {
        "Diluted EPS": 7.2,
        "Total Revenue": 31,
        "Gross Profit": 9,
        "Operating Income": 7,
        "EBIT": 9,
        "Net Income": 5
    },
    "2013-09-30": {
        "Diluted EPS": 4.4,
        "Total Revenue": 19,
        "Gross Profit": 7,
        "Operating Income": 5,
        "EBIT": 6,
        "Net Income": 3
    },
    "2013-06-30": {
        "Diluted EPS": 1.2,
        "Total Revenue": 10,
        "Gross Profit": 3,
        "Operating Income": 1,
        "EBIT": 2,
        "Net Income": 1
    },
    "2013-03-31": {
        "Diluted EPS": 5.6,
        "Total Revenue": 19,
        "Gross Profit": 8,
        "Operating Income": 5,
        "EBIT": 6,
        "Net Income": 4
    },
    "2012-12-31": {
        "Diluted EPS": 13.2,
        "Total Revenue": 46,
        "Gross Profit": 16,
        "Operating Income": 13,
        "EBIT": 14,
        "Net Income": 9
    },
    "2012-09-30": {
        "Diluted EPS": 7.6,
        "Total Revenue": 29,
        "Gross Profit": 9,
        "Operating Income": 7,
        "EBIT": 9,
        "Net Income": 5
    },
    "2012-06-30": {
        "Diluted EPS": 3.6,
        "Total Revenue": 13,
        "Gross Profit": 4,
        "Operating Income": 3,
        "EBIT": 4,
        "Net Income": 2
    },
    "2012-03-31": {
        "Diluted EPS": 2.8,
        "Total Revenue": 15,
        "Gross Profit": 5,
        "Operating Income": 3,
        "EBIT": 3,
        "Net Income": 2
    },
    "2011-12-31": {
        "Diluted EPS": 6.8,
        "Total Revenue": 35,
        "Gross Profit": 10,
        "Operating Income": 7,
        "EBIT": 8,
        "Net Income": 5
    },
    "2011-09-30": {
        "Diluted EPS": 2.8,
        "Total Revenue": 17,
        "Gross Profit": 5,
        "Operating Income": 3,
        "EBIT": 4,
        "Net Income": 2
    },
    "2011-06-30": {
        "Diluted EPS": 2.4,
        "Total Revenue": 12,
        "Gross Profit": 4,
        "Operating Income": 2,
        "EBIT": 3,
        "Net Income": 1
    },
    "2011-03-31": {
        "Diluted EPS": 8.0,
        "Total Revenue": 19,
        "Gross Profit": 9,
        "Operating Income": 7,
        "EBIT": 8,
        "Net Income": 5
    },
    "2010-12-31": {
        "Diluted EPS": 18.8,
        "Total Revenue": 44,
        "Gross Profit": 18,
        "Operating Income": 16,
        "EBIT": 16,
        "Net Income": 11
    },
    "2010-09-30": {
        "Diluted EPS": 6.0,
        "Total Revenue": 18,
        "Gross Profit": 7,
        "Operating Income": 5,
        "EBIT": 6,
        "Net Income": 3
    },
    "2010-06-30": {
        "Diluted EPS": 8.8,
        "Total Revenue": 13,
        "Gross Profit": 6,
        "Operating Income": 5,
        "EBIT": 6,
        "Net Income": 4
    },
    "2010-03-31": {
        "Diluted EPS": 3.2,
        "Total Revenue": 18,
        "Gross Profit": 7,
        "Operating Income": 6,
        "EBIT": 6,
        "Net Income": 1
    },
    "2009-12-31": {
        "Diluted EPS": 22.8,
        "Total Revenue": 36,
        "Gross Profit": 17,
        "Operating Income": 15,
        "EBIT": 17,
        "Net Income": 8
    },
    "2009-09-30": {
        "Diluted EPS": 4.4,
        "Total Revenue": 11,
        "Gross Profit": 4,
        "Operating Income": 3,
        "EBIT": 2,
        "Net Income": 2
    },
    "2009-06-30": {
        "Diluted EPS": 3.6,
        "Total Revenue": 6,
        "Gross Profit": 2,
        "Operating Income": 1,
        "EBIT": 1,
        "Net Income": 2
    },
    "2009-03-31": {
        "Diluted EPS": 2.8,
        "Total Revenue": 7,
        "Gross Profit": 3,
        "Operating Income": 2,
        "EBIT": 2,
        "Net Income": 1
    },
    "2023-06-30": {
        "Tax Effect Of Unusual Items": 0.0,
        "Tax Rate For Calcs": 0.21,
        "Normalized EBITDA": -1514758.0,
        "Total Unusual Items": 0.0,
        "Total Unusual Items Excluding Goodwill": 0.0,
        "Net Income From Continuing Operation Net Minority Interest": -1577484.0,
        "Reconciled Depreciation": 92665.0,
        "Reconciled Cost Of Revenue": 2549824.0,
        "EBITDA": -1514758.0,
        "EBIT": -1607423.0,
        "Net Interest Income": 245580.0,
        "Interest Expense": 0.0,
        "Interest Income": 245580.0,
        "Normalized Income": -1577484.0,
        "Net Income From Continuing And Discontinued Operation": -1472004.0,
        "Total Expenses": 4148554.0,
        "Total Operating Income As Reported": -339563.0,
        "Diluted Average Shares": 14687761.0,
        "Basic Average Shares": 14645653.0,
        "Diluted EPS": -0.1,
        "Basic EPS": -0.1,
        "Diluted NI Availto Com Stockholders": -1472004.0,
        "Average Dilution Earnings": NaN,
        "Net Income Common Stockholders": -1472004.0,
        "Net Income": -1472004.0,
        "Minority Interests": 65817.0,
        "Net Income Including Noncontrolling Interests": -1537821.0,
        "Net Income Discontinuous Operations": 105480.0,
        "Net Income Continuous Operations": -1643301.0,
        "Tax Provision": 35878.0,
        "Pretax Income": -1607423.0,
        "Other Income Expense": -1513440.0,
        "Other Non Operating Income Expenses": -1513440.0,
        "Special Income Charges": 0.0,
        "Write Off": 0.0,
        "Net Non Operating Interest Income Expense": 245580.0,
        "Interest Expense Non Operating": 0.0,
        "Interest Income Non Operating": 245580.0,
        "Operating Income": -339563.0,
        "Operating Expense": 1598730.0,
        "Provision For Doubtful Accounts": -1187403.0,
        "Research And Development": 116366.0,
        "Selling General And Administration": 2669767.0,
        "Selling And Marketing Expense": 123812.0,
        "General And Administrative Expense": 2545955.0,
        "Other Gand A": 2545955.0,
        "Salaries And Wages": NaN,
        "Gross Profit": 1259167.0,
        "Cost Of Revenue": 2549824.0,
        "Total Revenue": 3808991.0,
        "Operating Revenue": 3625058.0
    },
    "2023-09-30": {
        "Tax Effect Of Unusual Items": -813.12,
        "Tax Rate For Calcs": 0.21,
        "Normalized EBITDA": -2346944.0,
        "Total Unusual Items": -3872.0,
        "Total Unusual Items Excluding Goodwill": -3872.0,
        "Net Income From Continuing Operation Net Minority Interest": -2408300.0,
        "Reconciled Depreciation": 88142.0,
        "Reconciled Cost Of Revenue": 22362867.0,
        "EBITDA": -2350816.0,
        "EBIT": -2438958.0,
        "Net Interest Income": 202529.0,
        "Interest Expense": 0.0,
        "Interest Income": 202529.0,
        "Normalized Income": -2405241.12,
        "Net Income From Continuing And Discontinued Operation": -2408300.0,
        "Total Expenses": 26335934.0,
        "Total Operating Income As Reported": -2586081.0,
        "Diluted Average Shares": 14687761.0,
        "Basic Average Shares": 14645653.0,
        "Diluted EPS": -0.16,
        "Basic EPS": -0.16,
        "Diluted NI Availto Com Stockholders": -2408300.0,
        "Average Dilution Earnings": 0.0,
        "Net Income Common Stockholders": -2408300.0,
        "Net Income": -2408300.0,
        "Minority Interests": 41393.0,
        "Net Income Including Noncontrolling Interests": -2449693.0,
        "Net Income Discontinuous Operations": 0.0,
        "Net Income Continuous Operations": -2449693.0,
        "Tax Provision": 10735.0,
        "Pretax Income": -2438958.0,
        "Other Income Expense": -59278.0,
        "Other Non Operating Income Expenses": -55406.0,
        "Special Income Charges": -3872.0,
        "Write Off": 3872.0,
        "Net Non Operating Interest Income Expense": 202529.0,
        "Interest Expense Non Operating": 0.0,
        "Interest Income Non Operating": 202529.0,
        "Operating Income": -2582209.0,
        "Operating Expense": 3973067.0,
        "Provision For Doubtful Accounts": 17779.0,
        "Research And Development": 16799.0,
        "Selling General And Administration": 3938489.0,
        "Selling And Marketing Expense": 108861.0,
        "General And Administrative Expense": 3829628.0,
        "Other Gand A": 3829628.0,
        "Salaries And Wages": 0.0,
        "Gross Profit": 1390858.0,
        "Cost Of Revenue": 22362867.0,
        "Total Revenue": 23753725.0,
        "Operating Revenue": 23263829.0
    },
    "2023-12-31": {
        "Tax Effect Of Unusual Items": -35093.664425,
        "Tax Rate For Calcs": 0.002479,
        "Normalized EBITDA": -13910016.0,
        "Total Unusual Items": -14157059.0,
        "Total Unusual Items Excluding Goodwill": -14157059.0,
        "Net Income From Continuing Operation Net Minority Interest": -27877462.0,
        "Reconciled Depreciation": 63678.0,
        "Reconciled Cost Of Revenue": 2878839.0,
        "EBITDA": -28067075.0,
        "EBIT": -28130753.0,
        "Net Interest Income": 440427.0,
        "Interest Expense": 892.0,
        "Interest Income": 441319.0,
        "Normalized Income": -13755496.664425,
        "Net Income From Continuing And Discontinued Operation": -27596460.0,
        "Total Expenses": 8619334.0,
        "Total Operating Income As Reported": -18867521.0,
        "Diluted Average Shares": NaN,
        "Basic Average Shares": NaN,
        "Diluted EPS": NaN,
        "Basic EPS": NaN,
        "Diluted NI Availto Com Stockholders": -27596460.0,
        "Average Dilution Earnings": NaN,
        "Net Income Common Stockholders": -27596460.0,
        "Net Income": -27596460.0,
        "Minority Interests": 184448.0,
        "Net Income Including Noncontrolling Interests": -27780908.0,
        "Net Income Discontinuous Operations": 281002.0,
        "Net Income Continuous Operations": -28061910.0,
        "Tax Provision": -69735.0,
        "Pretax Income": -28131645.0,
        "Other Income Expense": -23861610.0,
        "Other Non Operating Income Expenses": -9704551.0,
        "Special Income Charges": -14157059.0,
        "Write Off": 14157059.0,
        "Net Non Operating Interest Income Expense": 440427.0,
        "Interest Expense Non Operating": 892.0,
        "Interest Income Non Operating": 441319.0,
        "Operating Income": -4710462.0,
        "Operating Expense": 5740495.0,
        "Provision For Doubtful Accounts": 435885.0,
        "Research And Development": 1097.0,
        "Selling General And Administration": 5303513.0,
        "Selling And Marketing Expense": 233939.0,
        "General And Administrative Expense": 5069574.0,
        "Other Gand A": 1601574.0,
        "Salaries And Wages": 3468000.0,
        "Gross Profit": 1030033.0,
        "Cost Of Revenue": 2878839.0,
        "Total Revenue": 3908872.0,
        "Operating Revenue": 4702803.0
    },
    "2024-03-31": {
        "Tax Effect Of Unusual Items": 0.0,
        "Tax Rate For Calcs": 0.0,
        "Normalized EBITDA": -3863732.0,
        "Total Unusual Items": NaN,
        "Total Unusual Items Excluding Goodwill": NaN,
        "Net Income From Continuing Operation Net Minority Interest": -3972645.0,
        "Reconciled Depreciation": 81118.0,
        "Reconciled Cost Of Revenue": 3171695.0,
        "EBITDA": -3863732.0,
        "EBIT": -3944850.0,
        "Net Interest Income": 281051.0,
        "Interest Expense": 24216.0,
        "Interest Income": 305267.0,
        "Normalized Income": -3972645.0,
        "Net Income From Continuing And Discontinued Operation": -3327208.0,
        "Total Expenses": 7654852.0,
        "Total Operating Income As Reported": -2531885.0,
        "Diluted Average Shares": 19909357.0,
        "Basic Average Shares": 19867249.0,
        "Diluted EPS": -0.17,
        "Basic EPS": -0.17,
        "Diluted NI Availto Com Stockholders": -3327208.0,
        "Average Dilution Earnings": NaN,
        "Net Income Common Stockholders": -3327208.0,
        "Net Income": -3327208.0,
        "Minority Interests": -3579.0,
        "Net Income Including Noncontrolling Interests": -3323629.0,
        "Net Income Discontinuous Operations": 645437.0,
        "Net Income Continuous Operations": -3969066.0,
        "Tax Provision": 0.0,
        "Pretax Income": -3969066.0,
        "Other Income Expense": -1718232.0,
        "Other Non Operating Income Expenses": -1718232.0,
        "Special Income Charges": NaN,
        "Write Off": NaN,
        "Net Non Operating Interest Income Expense": 281051.0,
        "Interest Expense Non Operating": 24216.0,
        "Interest Income Non Operating": 305267.0,
        "Operating Income": -2531885.0,
        "Operating Expense": 4483157.0,
        "Provision For Doubtful Accounts": 794355.0,
        "Research And Development": 645.0,
        "Selling General And Administration": 3688157.0,
        "Selling And Marketing Expense": 266685.0,
        "General And Administrative Expense": 3421472.0,
        "Other Gand A": 3421472.0,
        "Salaries And Wages": NaN,
        "Gross Profit": 1951272.0,
        "Cost Of Revenue": 3171695.0,
        "Total Revenue": 5122967.0,
        "Operating Revenue": 4814634.0
    }
}