{
    "2023-03-31": {
        "Tax Effect Of Unusual Items": 969.042713,
        "Tax Rate For Calcs": 0.000422,
        "Normalized EBITDA": 20901000.0,
        "Total Unusual Items": 2299000.0,
        "Total Unusual Items Excluding Goodwill": 2299000.0,
        "Net Income From Continuing Operation Net Minority Interest": 21343000.0,
        "Reconciled Depreciation": 176000.0,
        "Reconciled Cost Of Revenue": 46127000.0,
        "EBIT": 23024000.0,
        "Net Interest Income": -1672000.0,
        "Interest Expense": 1672000.0,
        "Normalized Income": 19044969.042713,
        "Net Income From Continuing And Discontinued Operation": 21343000.0,
        "Total Expenses": 53368000.0,
        "Total Operating Income As Reported": 18511000.0,
        "Diluted Average Shares": 158441000.0,
        "Basic Average Shares": 98808000.0,
        "Diluted EPS": 0.02,
        "Basic EPS": 0.22,
        "Diluted NI Availto Com Stockholders": 21343000.0,
        "Net Income Common Stockholders": 21343000.0,
        "Net Income": 21343000.0,
        "Net Income Including Noncontrolling Interests": 21343000.0,
        "Net Income Continuous Operations": 21343000.0,
        "Tax Provision": 9000.0,
        "Pretax Income": 21352000.0,
        "Other Income Expense": 28385000.0,
        "Other Non Operating Income Expenses": 26086000.0,
        "Special Income Charges": 2299000.0,
        "Gain On Sale Of Ppe": 0.0,
        "Other Special Charges": -4522000.0,
        "Restructuring And Mergern Acquisition": 2223000.0,
        "Net Non Operating Interest Income Expense": -1672000.0,
        "Interest Expense Non Operating": 1672000.0,
        "Operating Income": -5361000.0,
        "Operating Expense": 7241000.0,
        "Depreciation Amortization Depletion Income Statement": 176000.0,
        "Depreciation And Amortization In Income Statement": 176000.0,
        "Depreciation Income Statement": 176000.0,
        "Research And Development": 614000.0,
        "Selling General And Administration": 6451000.0,
        "Gross Profit": 1880000.0,
        "Cost Of Revenue": 46127000.0,
        "Total Revenue": 48007000.0,
        "Operating Revenue": 48007000.0
    },
    "2022-12-31": {
        "Tax Effect Of Unusual Items": 6422.976501,
        "Tax Rate For Calcs": 0.006423,
        "Normalized EBITDA": -17505000.0,
        "Total Unusual Items": 1000000.0,
        "Total Unusual Items Excluding Goodwill": 1000000.0,
        "Net Income From Continuing Operation Net Minority Interest": -19027000.0,
        "Reconciled Depreciation": 180000.0,
        "Reconciled Cost Of Revenue": 49738000.0,
        "EBIT": -16685000.0,
        "Net Interest Income": -2465000.0,
        "Interest Expense": 2465000.0,
        "Normalized Income": -20020577.023499,
        "Net Income From Continuing And Discontinued Operation": -19027000.0,
        "Total Expenses": 57174000.0,
        "Total Operating Income As Reported": -16897000.0,
        "Diluted Average Shares": NaN,
        "Basic Average Shares": NaN,
        "Diluted EPS": NaN,
        "Basic EPS": NaN,
        "Diluted NI Availto Com Stockholders": -19027000.0,
        "Net Income Common Stockholders": -19027000.0,
        "Net Income": -19027000.0,
        "Net Income Including Noncontrolling Interests": -19027000.0,
        "Net Income Continuous Operations": -19027000.0,
        "Tax Provision": -123000.0,
        "Pretax Income": -19150000.0,
        "Other Income Expense": -7729000.0,
        "Other Non Operating Income Expenses": -8729000.0,
        "Special Income Charges": 1000000.0,
        "Gain On Sale Of Ppe": 1000000.0,
        "Other Special Charges": 0.0,
        "Restructuring And Mergern Acquisition": NaN,
        "Net Non Operating Interest Income Expense": -2465000.0,
        "Interest Expense Non Operating": 2465000.0,
        "Operating Income": -8956000.0,
        "Operating Expense": 7436000.0,
        "Depreciation Amortization Depletion Income Statement": NaN,
        "Depreciation And Amortization In Income Statement": NaN,
        "Depreciation Income Statement": NaN,
        "Research And Development": 923000.0,
        "Selling General And Administration": 5779000.0,
        "Gross Profit": -1520000.0,
        "Cost Of Revenue": 49738000.0,
        "Total Revenue": 48218000.0,
        "Operating Revenue": 48218000.0
    },
    "2022-09-30": {
        "Tax Effect Of Unusual Items": 4000.0,
        "Tax Rate For Calcs": 0.4,
        "Normalized EBITDA": -16299000.0,
        "Total Unusual Items": 10000.0,
        "Total Unusual Items Excluding Goodwill": 10000.0,
        "Net Income From Continuing Operation Net Minority Interest": -18794000.0,
        "Reconciled Depreciation": 177000.0,
        "Reconciled Cost Of Revenue": 47642000.0,
        "EBIT": -16466000.0,
        "Net Interest Income": -2321000.0,
        "Interest Expense": 2321000.0,
        "Normalized Income": -18800000.0,
        "Net Income From Continuing And Discontinued Operation": -18794000.0,
        "Total Expenses": 57662000.0,
        "Total Operating Income As Reported": -16279000.0,
        "Diluted Average Shares": 75312000.0,
        "Basic Average Shares": 75312000.0,
        "Diluted EPS": -0.25,
        "Basic EPS": -0.25,
        "Diluted NI Availto Com Stockholders": -18794000.0,
        "Net Income Common Stockholders": -18794000.0,
        "Net Income": -18794000.0,
        "Net Income Including Noncontrolling Interests": -18794000.0,
        "Net Income Continuous Operations": -18794000.0,
        "Tax Provision": 7000.0,
        "Pretax Income": -18787000.0,
        "Other Income Expense": -4427000.0,
        "Other Non Operating Income Expenses": -4437000.0,
        "Special Income Charges": 10000.0,
        "Gain On Sale Of Ppe": 10000.0,
        "Other Special Charges": NaN,
        "Restructuring And Mergern Acquisition": NaN,
        "Net Non Operating Interest Income Expense": -2321000.0,
        "Interest Expense Non Operating": 2321000.0,
        "Operating Income": -12039000.0,
        "Operating Expense": 10020000.0,
        "Depreciation Amortization Depletion Income Statement": NaN,
        "Depreciation And Amortization In Income Statement": NaN,
        "Depreciation Income Statement": NaN,
        "Research And Development": 985000.0,
        "Selling General And Administration": 9035000.0,
        "Gross Profit": -2019000.0,
        "Cost Of Revenue": 47642000.0,
        "Total Revenue": 45623000.0,
        "Operating Revenue": 45623000.0
    },
    "2022-06-30": {
        "Tax Effect Of Unusual Items": 72732.0,
        "Tax Rate For Calcs": 0.038,
        "Normalized EBITDA": 6203000.0,
        "Total Unusual Items": 1914000.0,
        "Total Unusual Items Excluding Goodwill": 1914000.0,
        "Net Income From Continuing Operation Net Minority Interest": 6240000.0,
        "Reconciled Depreciation": 182000.0,
        "Reconciled Cost Of Revenue": 31678000.0,
        "EBIT": 7935000.0,
        "Net Interest Income": -1597000.0,
        "Interest Expense": 1597000.0,
        "Normalized Income": 4398732.0,
        "Net Income From Continuing And Discontinued Operation": 6240000.0,
        "Total Expenses": 40406000.0,
        "Total Operating Income As Reported": 8039000.0,
        "Diluted Average Shares": 124335000.0,
        "Basic Average Shares": 74861000.0,
        "Diluted EPS": 0.05,
        "Basic EPS": 0.08,
        "Diluted NI Availto Com Stockholders": 6240000.0,
        "Net Income Common Stockholders": 6240000.0,
        "Net Income": 6240000.0,
        "Net Income Including Noncontrolling Interests": 6240000.0,
        "Net Income Continuous Operations": 6240000.0,
        "Tax Provision": 98000.0,
        "Pretax Income": 6338000.0,
        "Other Income Expense": 18968000.0,
        "Other Non Operating Income Expenses": 17054000.0,
        "Special Income Charges": 1914000.0,
        "Gain On Sale Of Ppe": 1914000.0,
        "Other Special Charges": NaN,
        "Restructuring And Mergern Acquisition": NaN,
        "Net Non Operating Interest Income Expense": -1597000.0,
        "Interest Expense Non Operating": 1597000.0,
        "Operating Income": -11033000.0,
        "Operating Expense": 8728000.0,
        "Depreciation Amortization Depletion Income Statement": 182000.0,
        "Depreciation And Amortization In Income Statement": 182000.0,
        "Depreciation Income Statement": NaN,
        "Research And Development": 1115000.0,
        "Selling General And Administration": 7431000.0,
        "Gross Profit": -2305000.0,
        "Cost Of Revenue": 31678000.0,
        "Total Revenue": 29373000.0,
        "Operating Revenue": 29373000.0
    },
    "2022-03-31": {
        "Diluted EPS": -0.15,
        "Total Revenue": 13,
        "Gross Profit": 0,
        "Operating Income": -10,
        "EBIT": -10,
        "Net Income": -11
    },
    "2021-12-31": {
        "Diluted EPS": -0.22,
        "Total Revenue": 12,
        "Gross Profit": -1,
        "Operating Income": -16,
        "EBIT": -8,
        "Net Income": -16
    },
    "2021-09-30": {
        "Diluted EPS": 0.01,
        "Total Revenue": 10,
        "Gross Profit": 6,
        "Operating Income": 1,
        "EBIT": 1,
        "Net Income": 1
    },
    "2021-06-30": {
        "Diluted EPS": -0.09,
        "Total Revenue": 9,
        "Gross Profit": -2,
        "Operating Income": -7,
        "EBIT": -7,
        "Net Income": -7
    },
    "2021-03-31": {
        "Diluted EPS": -0.12,
        "Total Revenue": 12,
        "Gross Profit": 0,
        "Operating Income": -8,
        "EBIT": -8,
        "Net Income": -8
    },
    "2020-12-31": {
        "Diluted EPS": -0.13,
        "Total Revenue": 12,
        "Gross Profit": 12,
        "Operating Income": -18,
        "EBIT": -6,
        "Net Income": -18
    },
    "2020-09-30": {
        "Diluted EPS": -0.66,
        "Total Revenue": 13,
        "Gross Profit": 13,
        "Operating Income": -46,
        "EBIT": -45,
        "Net Income": -45
    },
    "2020-06-30": {
        "Diluted EPS": -0.14,
        "Total Revenue": 9,
        "Gross Profit": 9,
        "Operating Income": -10,
        "EBIT": -10,
        "Net Income": -10
    },
    "2020-03-31": {
        "Diluted EPS": -1.07,
        "Total Revenue": 19,
        "Gross Profit": 19,
        "Operating Income": -70,
        "EBIT": -68,
        "Net Income": -64
    },
    "2019-12-31": {
        "Diluted EPS": -0.66,
        "Total Revenue": 20,
        "Gross Profit": 20,
        "Operating Income": -36,
        "EBIT": -34,
        "Net Income": -39
    },
    "2019-09-30": {
        "Diluted EPS": -0.19,
        "Total Revenue": 22,
        "Gross Profit": 22,
        "Operating Income": -12,
        "EBIT": -10,
        "Net Income": -11
    },
    "2019-06-30": {
        "Diluted EPS": -0.25,
        "Total Revenue": 35,
        "Gross Profit": 35,
        "Operating Income": -14,
        "EBIT": -12,
        "Net Income": -14
    },
    "2019-03-31": {
        "Diluted EPS": 0.53,
        "Total Revenue": 43,
        "Gross Profit": 43,
        "Operating Income": -14,
        "EBIT": -10,
        "Net Income": 31
    },
    "2018-12-31": {
        "Diluted EPS": 0.15,
        "Total Revenue": 43,
        "Gross Profit": 43,
        "Operating Income": -9,
        "EBIT": -7,
        "Net Income": 9
    },
    "2018-09-30": {
        "Diluted EPS": -0.06,
        "Total Revenue": 54,
        "Gross Profit": 54,
        "Operating Income": -4,
        "EBIT": -2,
        "Net Income": -4
    },
    "2018-06-30": {
        "Diluted EPS": -1.3,
        "Total Revenue": 40,
        "Gross Profit": 40,
        "Operating Income": -47,
        "EBIT": -45,
        "Net Income": -75
    },
    "2018-03-31": {
        "Diluted EPS": 0.0,
        "Total Revenue": 41,
        "Gross Profit": 4,
        "Operating Income": -9,
        "EBIT": -7,
        "Net Income": 0
    },
    "2017-12-31": {
        "Diluted EPS": -0.15,
        "Total Revenue": -1,
        "Gross Profit": -1,
        "Operating Income": -5,
        "EBIT": -5,
        "Net Income": -8
    },
    "2017-09-30": {
        "Diluted EPS": -0.05,
        "Total Revenue": 79,
        "Gross Profit": 22,
        "Operating Income": -3,
        "EBIT": 0,
        "Net Income": -3
    },
    "2017-06-30": {
        "Diluted EPS": -0.07,
        "Total Revenue": 85,
        "Gross Profit": 27,
        "Operating Income": -1,
        "EBIT": 2,
        "Net Income": -4
    },
    "2017-03-31": {
        "Diluted EPS": -0.2,
        "Total Revenue": 80,
        "Gross Profit": 28,
        "Operating Income": -1,
        "EBIT": 3,
        "Net Income": -12
    },
    "2016-12-31": {
        "Diluted EPS": -0.24,
        "Total Revenue": -4,
        "Gross Profit": -4,
        "Operating Income": -15,
        "EBIT": -14,
        "Net Income": -14
    },
    "2016-09-30": {
        "Diluted EPS": -0.05,
        "Total Revenue": 64,
        "Gross Profit": 22,
        "Operating Income": -2,
        "EBIT": 1,
        "Net Income": -3
    },
    "2016-06-30": {
        "Diluted EPS": -0.04,
        "Total Revenue": 64,
        "Gross Profit": 22,
        "Operating Income": 0,
        "EBIT": 3,
        "Net Income": -2
    },
    "2016-03-31": {
        "Diluted EPS": -0.55,
        "Total Revenue": 64,
        "Gross Profit": 24,
        "Operating Income": 0,
        "EBIT": 3,
        "Net Income": -30
    },
    "2015-12-31": {
        "Diluted EPS": -0.02,
        "Total Revenue": 13,
        "Gross Profit": 11,
        "Operating Income": 29,
        "EBIT": 25,
        "Net Income": -1
    },
    "2015-09-30": {
        "Diluted EPS": 0.04,
        "Total Revenue": 88,
        "Gross Profit": 31,
        "Operating Income": 3,
        "EBIT": 7,
        "Net Income": 2
    },
    "2015-06-30": {
        "Diluted EPS": -0.23,
        "Total Revenue": 87,
        "Gross Profit": 29,
        "Operating Income": -19,
        "EBIT": -14,
        "Net Income": -13
    },
    "2015-03-31": {
        "Diluted EPS": -0.03,
        "Total Revenue": 82,
        "Gross Profit": 27,
        "Operating Income": -1,
        "EBIT": 3,
        "Net Income": -2
    },
    "2014-12-31": {
        "Diluted EPS": 0.28,
        "Total Revenue": -5,
        "Gross Profit": -1,
        "Operating Income": 1,
        "EBIT": -4,
        "Net Income": 16
    },
    "2014-09-30": {
        "Diluted EPS": 0.26,
        "Total Revenue": 117,
        "Gross Profit": 46,
        "Operating Income": 21,
        "EBIT": 25,
        "Net Income": 14
    },
    "2014-06-30": {
        "Diluted EPS": 0.2,
        "Total Revenue": 105,
        "Gross Profit": 42,
        "Operating Income": 18,
        "EBIT": 22,
        "Net Income": 11
    },
    "2014-03-31": {
        "Diluted EPS": 0.22,
        "Total Revenue": 103,
        "Gross Profit": 44,
        "Operating Income": 19,
        "EBIT": 23,
        "Net Income": 12
    },
    "2013-12-31": {
        "Diluted EPS": 0.2,
        "Total Revenue": 101,
        "Gross Profit": 40,
        "Operating Income": 18,
        "EBIT": 22,
        "Net Income": 11
    },
    "2013-09-30": {
        "Diluted EPS": 0.16,
        "Total Revenue": 98,
        "Gross Profit": 38,
        "Operating Income": 15,
        "EBIT": 19,
        "Net Income": 9
    },
    "2013-06-30": {
        "Diluted EPS": 0.16,
        "Total Revenue": 94,
        "Gross Profit": 38,
        "Operating Income": 14,
        "EBIT": 17,
        "Net Income": 8
    },
    "2013-03-31": {
        "Diluted EPS": 0.15,
        "Total Revenue": 78,
        "Gross Profit": 33,
        "Operating Income": 13,
        "EBIT": 16,
        "Net Income": 8
    },
    "2012-12-31": {
        "Diluted EPS": 0.46,
        "Total Revenue": 77,
        "Gross Profit": 31,
        "Operating Income": 12,
        "EBIT": 19,
        "Net Income": 23
    },
    "2012-09-30": {
        "Diluted EPS": 0.19,
        "Total Revenue": 79,
        "Gross Profit": 34,
        "Operating Income": 15,
        "EBIT": 18,
        "Net Income": 10
    },
    "2012-06-30": {
        "Diluted EPS": 0.25,
        "Total Revenue": 78,
        "Gross Profit": 33,
        "Operating Income": 16,
        "EBIT": 19,
        "Net Income": 13
    },
    "2012-03-31": {
        "Diluted EPS": 0.07,
        "Total Revenue": 79,
        "Gross Profit": 33,
        "Operating Income": 17,
        "EBIT": 20,
        "Net Income": 4
    },
    "2011-12-31": {
        "Diluted EPS": 0.04,
        "Total Revenue": 75,
        "Gross Profit": 32,
        "Operating Income": 16,
        "EBIT": 24,
        "Net Income": 1
    },
    "2011-09-30": {
        "Diluted EPS": 0.35,
        "Total Revenue": 75,
        "Gross Profit": 31,
        "Operating Income": 16,
        "EBIT": 17,
        "Net Income": 18
    },
    "2011-06-30": {
        "Diluted EPS": 0.04,
        "Total Revenue": 56,
        "Gross Profit": 22,
        "Operating Income": 8,
        "EBIT": 14,
        "Net Income": 2
    },
    "2011-03-31": {
        "Diluted EPS": 0.13,
        "Total Revenue": 53,
        "Gross Profit": 21,
        "Operating Income": 9,
        "EBIT": 13,
        "Net Income": 6
    },
    "2010-12-31": {
        "Diluted EPS": -0.97,
        "Total Revenue": 47,
        "Gross Profit": 18,
        "Operating Income": -5,
        "EBIT": 4,
        "Net Income": -28
    },
    "2010-09-30": {
        "Diluted EPS": -0.09,
        "Total Revenue": 40,
        "Gross Profit": 16,
        "Operating Income": 6,
        "EBIT": 11,
        "Net Income": -2
    },
    "2010-06-30": {
        "Diluted EPS": -0.28,
        "Total Revenue": 31,
        "Gross Profit": 11,
        "Operating Income": -3,
        "EBIT": 0,
        "Net Income": -7
    },
    "2010-03-31": {
        "Diluted EPS": -0.6,
        "Total Revenue": 28,
        "Gross Profit": 8,
        "Operating Income": -4,
        "EBIT": 2,
        "Net Income": -12
    },
    "2009-12-31": {
        "Diluted EPS": -0.35,
        "Total Revenue": 25,
        "Gross Profit": 7,
        "Operating Income": -6,
        "EBIT": 0,
        "Net Income": -7
    },
    "2009-09-30": {
        "Diluted EPS": -1.22,
        "Total Revenue": 24,
        "Gross Profit": 6,
        "Operating Income": -2,
        "EBIT": 3,
        "Net Income": -24
    },
    "2009-06-30": {
        "Diluted EPS": -1.01,
        "Total Revenue": 24,
        "Gross Profit": 4,
        "Operating Income": -26,
        "EBIT": -20,
        "Net Income": -20
    },
    "2009-03-31": {
        "Diluted EPS": -0.1,
        "Total Revenue": 41,
        "Gross Profit": 12,
        "Operating Income": 1,
        "EBIT": 5,
        "Net Income": -2
    },
    "2023-06-30": {
        "Tax Effect Of Unusual Items": 911600.0,
        "Tax Rate For Calcs": 0.4,
        "Normalized EBITDA": -1414000.0,
        "Total Unusual Items": 2279000.0,
        "Total Unusual Items Excluding Goodwill": 2279000.0,
        "Net Income From Continuing Operation Net Minority Interest": -21000.0,
        "Reconciled Depreciation": 173000.0,
        "Reconciled Cost Of Revenue": 46691000.0,
        "EBIT": 691000.0,
        "Net Interest Income": -705000.0,
        "Interest Expense": 705000.0,
        "Normalized Income": -1388400.0,
        "Net Income From Continuing And Discontinued Operation": -21000.0,
        "Total Expenses": 56075000.0,
        "Total Operating Income As Reported": 672000.0,
        "Diluted Average Shares": 169500000.0,
        "Basic Average Shares": 143433000.0,
        "Diluted EPS": -0.02,
        "Basic EPS": -0.000146,
        "Diluted NI Availto Com Stockholders": -21000.0,
        "Net Income Common Stockholders": -21000.0,
        "Net Income": -21000.0,
        "Net Income Including Noncontrolling Interests": -21000.0,
        "Net Income Continuous Operations": -21000.0,
        "Tax Provision": 7000.0,
        "Pretax Income": -14000.0,
        "Other Income Expense": 6172000.0,
        "Other Non Operating Income Expenses": 3893000.0,
        "Special Income Charges": 2279000.0,
        "Gain On Sale Of Ppe": 0.0,
        "Other Special Charges": NaN,
        "Restructuring And Mergern Acquisition": -2279000.0,
        "Net Non Operating Interest Income Expense": -705000.0,
        "Interest Expense Non Operating": 705000.0,
        "Operating Income": -5481000.0,
        "Operating Expense": 9385000.0,
        "Depreciation Amortization Depletion Income Statement": 174000.0,
        "Depreciation And Amortization In Income Statement": 174000.0,
        "Depreciation Income Statement": NaN,
        "Research And Development": 860000.0,
        "Selling General And Administration": 8351000.0,
        "Gross Profit": 3904000.0,
        "Cost Of Revenue": 46690000.0,
        "Total Revenue": 50594000.0,
        "Operating Revenue": 50594000.0
    }
}