{
    "2023-03-31": {
        "Tax Effect Of Unusual Items": NaN,
        "Tax Rate For Calcs": NaN,
        "Normalized EBITDA": NaN,
        "Total Unusual Items": 1200000.0,
        "Total Unusual Items Excluding Goodwill": 1200000.0,
        "Net Income From Continuing Operation Net Minority Interest": NaN,
        "Reconciled Depreciation": NaN,
        "Reconciled Cost Of Revenue": NaN,
        "EBITDA": NaN,
        "EBIT": NaN,
        "Net Interest Income": NaN,
        "Interest Expense": NaN,
        "Interest Income": NaN,
        "Normalized Income": NaN,
        "Net Income From Continuing And Discontinued Operation": NaN,
        "Total Expenses": NaN,
        "Total Operating Income As Reported": NaN,
        "Diluted Average Shares": NaN,
        "Basic Average Shares": NaN,
        "Diluted EPS": NaN,
        "Basic EPS": NaN,
        "Diluted NI Availto Com Stockholders": NaN,
        "Net Income Common Stockholders": NaN,
        "Net Income": NaN,
        "Minority Interests": 0.0,
        "Net Income Including Noncontrolling Interests": NaN,
        "Net Income Continuous Operations": NaN,
        "Earnings From Equity Interest Net Of Tax": NaN,
        "Tax Provision": NaN,
        "Pretax Income": NaN,
        "Other Income Expense": NaN,
        "Other Non Operating Income Expenses": NaN,
        "Special Income Charges": 1200000.0,
        "Other Special Charges": -1200000.0,
        "Net Non Operating Interest Income Expense": NaN,
        "Interest Expense Non Operating": NaN,
        "Interest Income Non Operating": NaN,
        "Operating Income": NaN,
        "Operating Expense": NaN,
        "Other Operating Expenses": NaN,
        "Research And Development": NaN,
        "Selling General And Administration": NaN,
        "Selling And Marketing Expense": NaN,
        "General And Administrative Expense": NaN,
        "Other Gand A": NaN,
        "Gross Profit": NaN,
        "Cost Of Revenue": NaN,
        "Total Revenue": NaN,
        "Operating Revenue": NaN
    },
    "2022-12-31": {
        "Tax Effect Of Unusual Items": NaN,
        "Tax Rate For Calcs": NaN,
        "Normalized EBITDA": NaN,
        "Total Unusual Items": 1200000.0,
        "Total Unusual Items Excluding Goodwill": 1200000.0,
        "Net Income From Continuing Operation Net Minority Interest": NaN,
        "Reconciled Depreciation": NaN,
        "Reconciled Cost Of Revenue": NaN,
        "EBITDA": NaN,
        "EBIT": NaN,
        "Net Interest Income": NaN,
        "Interest Expense": NaN,
        "Interest Income": NaN,
        "Normalized Income": NaN,
        "Net Income From Continuing And Discontinued Operation": NaN,
        "Total Expenses": NaN,
        "Total Operating Income As Reported": NaN,
        "Diluted Average Shares": NaN,
        "Basic Average Shares": NaN,
        "Diluted EPS": NaN,
        "Basic EPS": NaN,
        "Diluted NI Availto Com Stockholders": NaN,
        "Net Income Common Stockholders": NaN,
        "Net Income": NaN,
        "Minority Interests": 0.0,
        "Net Income Including Noncontrolling Interests": NaN,
        "Net Income Continuous Operations": NaN,
        "Earnings From Equity Interest Net Of Tax": NaN,
        "Tax Provision": NaN,
        "Pretax Income": NaN,
        "Other Income Expense": NaN,
        "Other Non Operating Income Expenses": NaN,
        "Special Income Charges": 1200000.0,
        "Other Special Charges": -1200000.0,
        "Net Non Operating Interest Income Expense": NaN,
        "Interest Expense Non Operating": NaN,
        "Interest Income Non Operating": NaN,
        "Operating Income": NaN,
        "Operating Expense": NaN,
        "Other Operating Expenses": NaN,
        "Research And Development": NaN,
        "Selling General And Administration": NaN,
        "Selling And Marketing Expense": NaN,
        "General And Administrative Expense": NaN,
        "Other Gand A": NaN,
        "Gross Profit": NaN,
        "Cost Of Revenue": NaN,
        "Total Revenue": NaN,
        "Operating Revenue": NaN
    },
    "2022-09-30": {
        "Tax Effect Of Unusual Items": 0.0,
        "Tax Rate For Calcs": 0.17,
        "Normalized EBITDA": 295600000.0,
        "Net Income From Continuing Operation Net Minority Interest": 231600000.0,
        "Reconciled Depreciation": 26400000.0,
        "Reconciled Cost Of Revenue": 283000000.0,
        "EBITDA": 295600000.0,
        "EBIT": 269200000.0,
        "Net Interest Income": 100000.0,
        "Interest Expense": 4500000.0,
        "Interest Income": 4600000.0,
        "Normalized Income": 231600000.0,
        "Net Income From Continuing And Discontinued Operation": 231600000.0,
        "Total Expenses": 885100000.0,
        "Total Operating Income As Reported": 265500000.0,
        "Diluted Average Shares": 798600000.0,
        "Basic Average Shares": 786200000.0,
        "Diluted EPS": 0.29,
        "Basic EPS": 0.29,
        "Diluted NI Availto Com Stockholders": 231600000.0,
        "Net Income Common Stockholders": 231600000.0,
        "Net Income": 231600000.0,
        "Minority Interests": 500000.0,
        "Net Income Including Noncontrolling Interests": 231100000.0,
        "Net Income Continuous Operations": 231100000.0,
        "Earnings From Equity Interest Net Of Tax": -6300000.0,
        "Tax Provision": 27300000.0,
        "Pretax Income": 264700000.0,
        "Other Income Expense": 200000.0,
        "Other Non Operating Income Expenses": 200000.0,
        "Net Non Operating Interest Income Expense": 100000.0,
        "Interest Expense Non Operating": 4500000.0,
        "Interest Income Non Operating": 4600000.0,
        "Operating Income": 264400000.0,
        "Operating Expense": 602100000.0,
        "Other Operating Expenses": NaN,
        "Research And Development": 134300000.0,
        "Selling General And Administration": 467800000.0,
        "Selling And Marketing Expense": 427100000.0,
        "General And Administrative Expense": 40700000.0,
        "Other Gand A": 40700000.0,
        "Gross Profit": 866500000.0,
        "Cost Of Revenue": 283000000.0,
        "Total Revenue": 1149500000.0,
        "Operating Revenue": 1149500000.0
    },
    "2022-06-30": {
        "Tax Effect Of Unusual Items": 0.0,
        "Tax Rate For Calcs": 0.17,
        "Normalized EBITDA": 213500000.0,
        "Net Income From Continuing Operation Net Minority Interest": 173500000.0,
        "Reconciled Depreciation": 25100000.0,
        "Reconciled Cost Of Revenue": 250800000.0,
        "EBITDA": 213500000.0,
        "EBIT": 188400000.0,
        "Net Interest Income": -2100000.0,
        "Interest Expense": 4500000.0,
        "Interest Income": 2400000.0,
        "Normalized Income": 173500000.0,
        "Net Income From Continuing And Discontinued Operation": 173500000.0,
        "Total Expenses": 836000000.0,
        "Total Operating Income As Reported": 195300000.0,
        "Diluted Average Shares": 810100000.0,
        "Basic Average Shares": 795400000.0,
        "Diluted EPS": 0.21,
        "Basic EPS": 0.22,
        "Diluted NI Availto Com Stockholders": 173500000.0,
        "Net Income Common Stockholders": 173500000.0,
        "Net Income": 173500000.0,
        "Minority Interests": -100000.0,
        "Net Income Including Noncontrolling Interests": 173400000.0,
        "Net Income Continuous Operations": 173400000.0,
        "Earnings From Equity Interest Net Of Tax": -8100000.0,
        "Tax Provision": 2400000.0,
        "Pretax Income": 183900000.0,
        "Other Income Expense": -8100000.0,
        "Other Non Operating Income Expenses": -8100000.0,
        "Net Non Operating Interest Income Expense": -2100000.0,
        "Interest Expense Non Operating": 4500000.0,
        "Interest Income Non Operating": 2400000.0,
        "Operating Income": 194100000.0,
        "Operating Expense": 585200000.0,
        "Other Operating Expenses": NaN,
        "Research And Development": 124300000.0,
        "Selling General And Administration": 460900000.0,
        "Selling And Marketing Expense": 415500000.0,
        "General And Administrative Expense": 45400000.0,
        "Other Gand A": 45400000.0,
        "Gross Profit": 779300000.0,
        "Cost Of Revenue": 250800000.0,
        "Total Revenue": 1030100000.0,
        "Operating Revenue": 1030100000.0
    },
    "2023-06-30": {
        "Tax Effect Of Unusual Items": 0.0,
        "Tax Rate For Calcs": 0.09,
        "Normalized EBITDA": 331800000.0,
        "Total Unusual Items": NaN,
        "Total Unusual Items Excluding Goodwill": NaN,
        "Net Income From Continuing Operation Net Minority Interest": 266300000.0,
        "Reconciled Depreciation": 27400000.0,
        "Reconciled Cost Of Revenue": 295800000.0,
        "EBITDA": 331800000.0,
        "EBIT": 304400000.0,
        "Net Interest Income": 26400000.0,
        "Interest Expense": 5200000.0,
        "Interest Income": 31600000.0,
        "Normalized Income": 266300000.0,
        "Net Income From Continuing And Discontinued Operation": 266300000.0,
        "Total Expenses": 1013800000.0,
        "Total Operating Income As Reported": 279000000.0,
        "Diluted Average Shares": 795900000.0,
        "Basic Average Shares": 785000000.0,
        "Diluted EPS": 0.33,
        "Basic EPS": 0.34,
        "Diluted NI Availto Com Stockholders": 266300000.0,
        "Net Income Common Stockholders": 266300000.0,
        "Net Income": 266300000.0,
        "Minority Interests": 0.0,
        "Net Income Including Noncontrolling Interests": 266300000.0,
        "Net Income Continuous Operations": 266300000.0,
        "Earnings From Equity Interest Net Of Tax": -5300000.0,
        "Tax Provision": 27600000.0,
        "Pretax Income": 299200000.0,
        "Other Income Expense": -6200000.0,
        "Other Non Operating Income Expenses": -6200000.0,
        "Special Income Charges": NaN,
        "Other Special Charges": NaN,
        "Net Non Operating Interest Income Expense": 26400000.0,
        "Interest Expense Non Operating": 5200000.0,
        "Interest Income Non Operating": 31600000.0,
        "Operating Income": 279000000.0,
        "Operating Expense": 718000000.0,
        "Other Operating Expenses": -1100000.0,
        "Research And Development": 153300000.0,
        "Selling General And Administration": 565800000.0,
        "Selling And Marketing Expense": 515900000.0,
        "General And Administrative Expense": 49900000.0,
        "Other Gand A": 49900000.0,
        "Gross Profit": 997000000.0,
        "Cost Of Revenue": 295800000.0,
        "Total Revenue": 1292800000.0,
        "Operating Revenue": 1292800000.0
    },
    "2022-03-31": {
        "Diluted EPS": 0.17,
        "Total Revenue": 955,
        "Gross Profit": 701,
        "Operating Income": 151,
        "EBIT": 231,
        "Net Income": 138
    },
    "2021-12-31": {
        "Diluted EPS": 0.25,
        "Total Revenue": 964,
        "Gross Profit": 735,
        "Operating Income": 215,
        "EBIT": 291,
        "Net Income": 199
    },
    "2021-09-30": {
        "Diluted EPS": 0.19,
        "Total Revenue": 867,
        "Gross Profit": 656,
        "Operating Income": 166,
        "EBIT": 236,
        "Net Income": 163
    },
    "2021-06-30": {
        "Diluted EPS": 0.16,
        "Total Revenue": 801,
        "Gross Profit": 614,
        "Operating Income": 148,
        "EBIT": 210,
        "Net Income": 138
    },
    "2021-03-31": {
        "Diluted EPS": 0.13,
        "Total Revenue": 710,
        "Gross Profit": 554,
        "Operating Income": 122,
        "EBIT": 180,
        "Net Income": 107
    },
    "2020-12-31": {
        "Diluted EPS": 0.17,
        "Total Revenue": 748,
        "Gross Profit": 581,
        "Operating Income": 169,
        "EBIT": 225,
        "Net Income": 147
    },
    "2020-09-30": {
        "Diluted EPS": 0.15,
        "Total Revenue": 651,
        "Gross Profit": 512,
        "Operating Income": 127,
        "EBIT": 180,
        "Net Income": 123
    },
    "2020-06-30": {
        "Diluted EPS": 0.14,
        "Total Revenue": 618,
        "Gross Profit": 483,
        "Operating Income": 119,
        "EBIT": 170,
        "Net Income": 114
    },
    "2020-03-31": {
        "Diluted EPS": 0.12,
        "Total Revenue": 578,
        "Gross Profit": 449,
        "Operating Income": 117,
        "EBIT": 165,
        "Net Income": 105
    },
    "2019-12-31": {
        "Diluted EPS": 0.14,
        "Total Revenue": 621,
        "Gross Profit": 480,
        "Operating Income": 125,
        "EBIT": 168,
        "Net Income": 120
    },
    "2019-09-30": {
        "Diluted EPS": 0.09,
        "Total Revenue": 548,
        "Gross Profit": 424,
        "Operating Income": 101,
        "EBIT": 141,
        "Net Income": 80
    },
    "2019-06-30": {
        "Diluted EPS": 0.08,
        "Total Revenue": 522,
        "Gross Profit": 393,
        "Operating Income": 75,
        "EBIT": 114,
        "Net Income": 73
    },
    "2019-03-31": {
        "Diluted EPS": 0.07,
        "Total Revenue": 473,
        "Gross Profit": 360,
        "Operating Income": 51,
        "EBIT": 90,
        "Net Income": 59
    },
    "2018-12-31": {
        "Diluted EPS": 0.21,
        "Total Revenue": 510,
        "Gross Profit": 382,
        "Operating Income": 89,
        "EBIT": 127,
        "Net Income": 185
    },
    "2018-09-30": {
        "Diluted EPS": 0.07,
        "Total Revenue": 454,
        "Gross Profit": 342,
        "Operating Income": 63,
        "EBIT": 100,
        "Net Income": 59
    },
    "2018-06-30": {
        "Diluted EPS": 0.06,
        "Total Revenue": 441,
        "Gross Profit": 328,
        "Operating Income": 51,
        "EBIT": 87,
        "Net Income": 49
    },
    "2018-03-31": {
        "Diluted EPS": 0.05,
        "Total Revenue": 399,
        "Gross Profit": 302,
        "Operating Income": 32,
        "EBIT": 67,
        "Net Income": 42
    },
    "2017-12-31": {
        "Diluted EPS": -0.03,
        "Total Revenue": 417,
        "Gross Profit": 311,
        "Operating Income": 42,
        "EBIT": 57,
        "Net Income": -29
    },
    "2017-09-30": {
        "Diluted EPS": 0.03,
        "Total Revenue": 374,
        "Gross Profit": 281,
        "Operating Income": 34,
        "EBIT": 48,
        "Net Income": 27
    },
    "2017-06-30": {
        "Diluted EPS": 0.03,
        "Total Revenue": 364,
        "Gross Profit": 268,
        "Operating Income": 29,
        "EBIT": 43,
        "Net Income": 23
    },
    "2017-03-31": {
        "Diluted EPS": 0.01,
        "Total Revenue": 341,
        "Gross Profit": 250,
        "Operating Income": 5,
        "EBIT": 20,
        "Net Income": 11
    },
    "2016-12-31": {
        "Diluted EPS": 0.03,
        "Total Revenue": 363,
        "Gross Profit": 272,
        "Operating Income": 45,
        "EBIT": 60,
        "Net Income": 25
    },
    "2016-09-30": {
        "Diluted EPS": 0.01,
        "Total Revenue": 317,
        "Gross Profit": 232,
        "Operating Income": 5,
        "EBIT": 20,
        "Net Income": 6
    },
    "2016-06-30": {
        "Diluted EPS": -0.0,
        "Total Revenue": 311,
        "Gross Profit": 227,
        "Operating Income": -4,
        "EBIT": 9,
        "Net Income": -1
    },
    "2016-03-31": {
        "Diluted EPS": 0.0,
        "Total Revenue": 285,
        "Gross Profit": 207,
        "Operating Income": -4,
        "EBIT": 8,
        "Net Income": 2
    },
    "2015-12-31": {
        "Diluted EPS": -0.0,
        "Total Revenue": 297,
        "Gross Profit": 215,
        "Operating Income": 13,
        "EBIT": 24,
        "Net Income": -3
    },
    "2015-09-30": {
        "Diluted EPS": 0.01,
        "Total Revenue": 260,
        "Gross Profit": 188,
        "Operating Income": -2,
        "EBIT": 9,
        "Net Income": 8
    },
    "2015-06-30": {
        "Diluted EPS": 0.0,
        "Total Revenue": 240,
        "Gross Profit": 170,
        "Operating Income": 3,
        "EBIT": 12,
        "Net Income": 1
    },
    "2015-03-31": {
        "Diluted EPS": 0.0,
        "Total Revenue": 213,
        "Gross Profit": 149,
        "Operating Income": 1,
        "EBIT": 9,
        "Net Income": 2
    },
    "2014-12-31": {
        "Diluted EPS": 0.01,
        "Total Revenue": 224,
        "Gross Profit": 158,
        "Operating Income": 20,
        "EBIT": 27,
        "Net Income": 7
    },
    "2014-09-30": {
        "Diluted EPS": 0.0,
        "Total Revenue": 193,
        "Gross Profit": 136,
        "Operating Income": 15,
        "EBIT": 23,
        "Net Income": 4
    },
    "2014-06-30": {
        "Diluted EPS": 0.01,
        "Total Revenue": 184,
        "Gross Profit": 126,
        "Operating Income": 11,
        "EBIT": 20,
        "Net Income": 6
    },
    "2014-03-31": {
        "Diluted EPS": 0.01,
        "Total Revenue": 169,
        "Gross Profit": 118,
        "Operating Income": 13,
        "EBIT": 20,
        "Net Income": 8
    },
    "2013-12-31": {
        "Diluted EPS": 0.01,
        "Total Revenue": 177,
        "Gross Profit": 123,
        "Operating Income": 25,
        "EBIT": 31,
        "Net Income": 12
    },
    "2013-09-30": {
        "Diluted EPS": 0.01,
        "Total Revenue": 155,
        "Gross Profit": 111,
        "Operating Income": 18,
        "EBIT": 25,
        "Net Income": 11
    },
    "2013-06-30": {
        "Diluted EPS": 0.01,
        "Total Revenue": 147,
        "Gross Profit": 104,
        "Operating Income": 14,
        "EBIT": 20,
        "Net Income": 9
    },
    "2013-03-31": {
        "Diluted EPS": 0.01,
        "Total Revenue": 136,
        "Gross Profit": 97,
        "Operating Income": 15,
        "EBIT": 22,
        "Net Income": 12
    },
    "2012-12-31": {
        "Diluted EPS": 0.03,
        "Total Revenue": 151,
        "Gross Profit": 110,
        "Operating Income": 35,
        "EBIT": 41,
        "Net Income": 22
    },
    "2012-09-30": {
        "Diluted EPS": 0.02,
        "Total Revenue": 136,
        "Gross Profit": 98,
        "Operating Income": 26,
        "EBIT": 32,
        "Net Income": 17
    },
    "2012-06-30": {
        "Diluted EPS": 0.02,
        "Total Revenue": 129,
        "Gross Profit": 92,
        "Operating Income": 21,
        "EBIT": 27,
        "Net Income": 14
    },
    "2012-03-31": {
        "Diluted EPS": 0.02,
        "Total Revenue": 117,
        "Gross Profit": 86,
        "Operating Income": 19,
        "EBIT": 24,
        "Net Income": 14
    },
    "2011-12-31": {
        "Diluted EPS": 0.02,
        "Total Revenue": 121,
        "Gross Profit": 88,
        "Operating Income": 27,
        "EBIT": 31,
        "Net Income": 16
    },
    "2011-09-30": {
        "Diluted EPS": 0.02,
        "Total Revenue": 116,
        "Gross Profit": 85,
        "Operating Income": 26,
        "EBIT": 31,
        "Net Income": 18
    },
    "2011-06-30": {
        "Diluted EPS": 0.02,
        "Total Revenue": 103,
        "Gross Profit": 76,
        "Operating Income": 19,
        "EBIT": 23,
        "Net Income": 14
    },
    "2011-03-31": {
        "Diluted EPS": 0.02,
        "Total Revenue": 93,
        "Gross Profit": 70,
        "Operating Income": 17,
        "EBIT": 22,
        "Net Income": 14
    },
    "2010-12-31": {
        "Diluted EPS": 0.02,
        "Total Revenue": 94,
        "Gross Profit": 69,
        "Operating Income": 21,
        "EBIT": 25,
        "Net Income": 16
    },
    "2010-09-30": {
        "Diluted EPS": 0.02,
        "Total Revenue": 85,
        "Gross Profit": 64,
        "Operating Income": 18,
        "EBIT": 22,
        "Net Income": 14
    },
    "2010-06-30": {
        "Diluted EPS": 0.01,
        "Total Revenue": 76,
        "Gross Profit": 56,
        "Operating Income": 10,
        "EBIT": 13,
        "Net Income": 7
    },
    "2010-03-31": {
        "Diluted EPS": 0.01,
        "Total Revenue": 70,
        "Gross Profit": 50,
        "Operating Income": 7,
        "EBIT": 9,
        "Net Income": 4
    },
    "2009-12-31": {
        "Diluted EPS": 0.06,
        "Total Revenue": 71,
        "Gross Profit": 50,
        "Operating Income": 7,
        "EBIT": 9,
        "Net Income": 44
    },
    "2009-09-30": {
        "Diluted EPS": 0.01,
        "Total Revenue": 66,
        "Gross Profit": 48,
        "Operating Income": 10,
        "EBIT": 12,
        "Net Income": 6
    },
    "2009-06-30": {
        "Diluted EPS": 0.0,
        "Total Revenue": 61,
        "Gross Profit": 44,
        "Operating Income": 5,
        "EBIT": 7,
        "Net Income": 0
    },
    "2009-03-31": {
        "Diluted EPS": -0.01,
        "Total Revenue": 54,
        "Gross Profit": 40,
        "Operating Income": 3,
        "EBIT": 5,
        "Net Income": -1
    },
    "2023-09-30": {
        "Tax Effect Of Unusual Items": 0.0,
        "Tax Rate For Calcs": 0.0,
        "Normalized EBITDA": 360400000.0,
        "Total Unusual Items": 1100000.0,
        "Total Unusual Items Excluding Goodwill": 1100000.0,
        "Net Income From Continuing Operation Net Minority Interest": 322900000.0,
        "Reconciled Depreciation": 28300000.0,
        "Reconciled Cost Of Revenue": 317700000.0,
        "EBITDA": 361500000.0,
        "EBIT": 333200000.0,
        "Net Interest Income": 31600000.0,
        "Interest Expense": 5400000.0,
        "Interest Income": 37000000.0,
        "Normalized Income": 321800000.0,
        "Net Income From Continuing And Discontinued Operation": 322900000.0,
        "Total Expenses": 1032500000.0,
        "Total Operating Income As Reported": 303200000.0,
        "Diluted Average Shares": 791200000.0,
        "Basic Average Shares": 781200000.0,
        "Diluted EPS": 0.41,
        "Basic EPS": 0.41,
        "Diluted NI Availto Com Stockholders": 322900000.0,
        "Net Income Common Stockholders": 322900000.0,
        "Net Income": 322900000.0,
        "Minority Interests": 0.0,
        "Net Income Including Noncontrolling Interests": 322900000.0,
        "Net Income Continuous Operations": 322900000.0,
        "Earnings From Equity Interest Net Of Tax": -5200000.0,
        "Tax Provision": -300000.0,
        "Pretax Income": 327800000.0,
        "Other Income Expense": -5900000.0,
        "Other Non Operating Income Expenses": -7000000.0,
        "Special Income Charges": 1100000.0,
        "Other Special Charges": -1100000.0,
        "Net Non Operating Interest Income Expense": 31600000.0,
        "Interest Expense Non Operating": 5400000.0,
        "Interest Income Non Operating": 37000000.0,
        "Operating Income": 302100000.0,
        "Operating Expense": 714800000.0,
        "Other Operating Expenses": -1100000.0,
        "Research And Development": 156900000.0,
        "Selling General And Administration": 557900000.0,
        "Selling And Marketing Expense": 504400000.0,
        "General And Administrative Expense": 53500000.0,
        "Other Gand A": 53500000.0,
        "Gross Profit": 1016900000.0,
        "Cost Of Revenue": 317700000.0,
        "Total Revenue": 1334600000.0,
        "Operating Revenue": 1334600000.0
    },
    "2023-12-31": {
        "Tax Effect Of Unusual Items": 0.0,
        "Tax Rate For Calcs": 0.229066,
        "Normalized EBITDA": 451200000.0,
        "Total Unusual Items": 1200000.0,
        "Total Unusual Items Excluding Goodwill": 1200000.0,
        "Net Income From Continuing Operation Net Minority Interest": 310900000.0,
        "Reconciled Depreciation": 30200000.0,
        "Reconciled Cost Of Revenue": 315900000.0,
        "EBITDA": 451200000.0,
        "EBIT": 421000000.0,
        "Net Interest Income": 25100000.0,
        "Interest Expense": 5400000.0,
        "Interest Income": 30500000.0,
        "Normalized Income": 310900000.0,
        "Net Income From Continuing And Discontinued Operation": 310900000.0,
        "Total Expenses": 1029700000.0,
        "Total Operating Income As Reported": 385400000.0,
        "Diluted Average Shares": 772300000.0,
        "Basic Average Shares": 764900000.0,
        "Diluted EPS": 0.4,
        "Basic EPS": 0.41,
        "Diluted NI Availto Com Stockholders": 310900000.0,
        "Net Income Common Stockholders": 310900000.0,
        "Net Income": 310900000.0,
        "Minority Interests": 0.0,
        "Net Income Including Noncontrolling Interests": 310900000.0,
        "Net Income Continuous Operations": 310900000.0,
        "Earnings From Equity Interest Net Of Tax": -9500000.0,
        "Tax Provision": 95200000.0,
        "Pretax Income": 415600000.0,
        "Other Income Expense": 5100000.0,
        "Other Non Operating Income Expenses": 5100000.0,
        "Special Income Charges": 1200000.0,
        "Other Special Charges": -1200000.0,
        "Net Non Operating Interest Income Expense": 25100000.0,
        "Interest Expense Non Operating": 5400000.0,
        "Interest Income Non Operating": 30500000.0,
        "Operating Income": 385400000.0,
        "Operating Expense": 713800000.0,
        "Other Operating Expenses": -1200000.0,
        "Research And Development": 152500000.0,
        "Selling General And Administration": 562500000.0,
        "Selling And Marketing Expense": 507400000.0,
        "General And Administrative Expense": 55100000.0,
        "Other Gand A": 55100000.0,
        "Gross Profit": 1099200000.0,
        "Cost Of Revenue": 315900000.0,
        "Total Revenue": 1415100000.0,
        "Operating Revenue": 1415100000.0
    },
    "2024-03-31": {
        "Tax Effect Of Unusual Items": 121000.0,
        "Tax Rate For Calcs": 0.11,
        "Normalized EBITDA": 378000000.0,
        "Total Unusual Items": 1100000.0,
        "Total Unusual Items Excluding Goodwill": 1100000.0,
        "Net Income From Continuing Operation Net Minority Interest": 299300000.0,
        "Reconciled Depreciation": 28600000.0,
        "Reconciled Cost Of Revenue": 304700000.0,
        "EBITDA": 379100000.0,
        "EBIT": 350500000.0,
        "Net Interest Income": 27100000.0,
        "Interest Expense": 5100000.0,
        "Interest Income": 32200000.0,
        "Normalized Income": 298321000.0,
        "Net Income From Continuing And Discontinued Operation": 299300000.0,
        "Total Expenses": 1033200000.0,
        "Total Operating Income As Reported": 321200000.0,
        "Diluted Average Shares": 770500000.0,
        "Basic Average Shares": 762400000.0,
        "Diluted EPS": 0.39,
        "Basic EPS": 0.39,
        "Diluted NI Availto Com Stockholders": 299300000.0,
        "Net Income Common Stockholders": 299300000.0,
        "Net Income": 299300000.0,
        "Minority Interests": NaN,
        "Net Income Including Noncontrolling Interests": 299300000.0,
        "Net Income Continuous Operations": 299300000.0,
        "Earnings From Equity Interest Net Of Tax": -6600000.0,
        "Tax Provision": 39500000.0,
        "Pretax Income": 345400000.0,
        "Other Income Expense": -1800000.0,
        "Other Non Operating Income Expenses": -2900000.0,
        "Special Income Charges": 1100000.0,
        "Other Special Charges": -1100000.0,
        "Net Non Operating Interest Income Expense": 27100000.0,
        "Interest Expense Non Operating": 5100000.0,
        "Interest Income Non Operating": 32200000.0,
        "Operating Income": 320100000.0,
        "Operating Expense": 728500000.0,
        "Other Operating Expenses": -1100000.0,
        "Research And Development": 173000000.0,
        "Selling General And Administration": 555500000.0,
        "Selling And Marketing Expense": 501100000.0,
        "General And Administrative Expense": 54400000.0,
        "Other Gand A": 54400000.0,
        "Gross Profit": 1048600000.0,
        "Cost Of Revenue": 304700000.0,
        "Total Revenue": 1353300000.0,
        "Operating Revenue": 1353300000.0
    },
    "2024-06-30": {
        "Tax Effect Of Unusual Items": 0.0,
        "Tax Rate For Calcs": 0.16,
        "Normalized EBITDA": 502500000.0,
        "Total Unusual Items": NaN,
        "Total Unusual Items Excluding Goodwill": NaN,
        "Net Income From Continuing Operation Net Minority Interest": 379800000.0,
        "Reconciled Depreciation": 29200000.0,
        "Reconciled Cost Of Revenue": 275000000.0,
        "EBITDA": 502500000.0,
        "EBIT": 473300000.0,
        "Net Interest Income": 33300000.0,
        "Interest Expense": 5000000.0,
        "Interest Income": 38300000.0,
        "Normalized Income": 379800000.0,
        "Net Income From Continuing And Discontinued Operation": 379800000.0,
        "Total Expenses": 997100000.0,
        "Total Operating Income As Reported": 437200000.0,
        "Diluted Average Shares": 769900000.0,
        "Basic Average Shares": 763800000.0,
        "Diluted EPS": 0.49,
        "Basic EPS": 0.5,
        "Diluted NI Availto Com Stockholders": 379800000.0,
        "Net Income Common Stockholders": 379800000.0,
        "Net Income": 379800000.0,
        "Minority Interests": NaN,
        "Net Income Including Noncontrolling Interests": 379800000.0,
        "Net Income Continuous Operations": 379800000.0,
        "Earnings From Equity Interest Net Of Tax": -12000000.0,
        "Tax Provision": 76500000.0,
        "Pretax Income": 468300000.0,
        "Other Income Expense": -2200000.0,
        "Other Non Operating Income Expenses": -2200000.0,
        "Special Income Charges": NaN,
        "Other Special Charges": NaN,
        "Net Non Operating Interest Income Expense": 33300000.0,
        "Interest Expense Non Operating": 5000000.0,
        "Interest Income Non Operating": 38300000.0,
        "Operating Income": 437200000.0,
        "Operating Expense": 722100000.0,
        "Other Operating Expenses": -1200000.0,
        "Research And Development": 165400000.0,
        "Selling General And Administration": 557900000.0,
        "Selling And Marketing Expense": 501300000.0,
        "General And Administrative Expense": 56600000.0,
        "Other Gand A": 56600000.0,
        "Gross Profit": 1159300000.0,
        "Cost Of Revenue": 275000000.0,
        "Total Revenue": 1434300000.0,
        "Operating Revenue": 1434300000.0
    }
}