{
    "2023-06-30": {
        "Tax Effect Of Unusual Items": 0.0,
        "Tax Rate For Calcs": 0.168,
        "Total Unusual Items": 0.0,
        "Total Unusual Items Excluding Goodwill": 0.0,
        "Net Income From Continuing Operation Net Minority Interest": 79607000.0,
        "Reconciled Depreciation": 8428000.0,
        "Net Interest Income": 212852000.0,
        "Interest Expense": 102060000.0,
        "Interest Income": 314912000.0,
        "Normalized Income": 79607000.0,
        "Net Income From Continuing And Discontinued Operation": 79607000.0,
        "Diluted Average Shares": 167191000.0,
        "Basic Average Shares": 165854000.0,
        "Diluted EPS": 0.46,
        "Basic EPS": 0.46,
        "Diluted NI Availto Com Stockholders": 77045000.0,
        "Net Income Common Stockholders": 77045000.0,
        "Preferred Stock Dividends": 2562000.0,
        "Net Income": 79607000.0,
        "Net Income Including Noncontrolling Interests": 79607000.0,
        "Net Income Continuous Operations": 79607000.0,
        "Tax Provision": 16065000.0,
        "Pretax Income": 95672000.0,
        "Special Income Charges": 0.0,
        "Other Special Charges": NaN,
        "Restructuring And Mergern Acquisition": 0.0,
        "Gain On Sale Of Security": -4000.0,
        "Depreciation Amortization Depletion Income Statement": 1072000.0,
        "Depreciation And Amortization In Income Statement": 1072000.0,
        "Amortization": 1072000.0,
        "Amortization Of Intangibles Income Statement": 1072000.0,
        "Selling General And Administration": 100652000.0,
        "Selling And Marketing Expense": 1655000.0,
        "General And Administrative Expense": 98997000.0,
        "Insurance And Claims": 4895000.0,
        "Salaries And Wages": 94102000.0,
        "Total Revenue": 273437000.0,
        "Operating Revenue": 273437000.0
    },
    "2023-03-31": {
        "Tax Effect Of Unusual Items": 0.0,
        "Tax Rate For Calcs": 0.179,
        "Total Unusual Items": 0.0,
        "Total Unusual Items Excluding Goodwill": 0.0,
        "Net Income From Continuing Operation Net Minority Interest": 68314000.0,
        "Reconciled Depreciation": 7993000.0,
        "Net Interest Income": 215587000.0,
        "Interest Expense": 74233000.0,
        "Interest Income": 289820000.0,
        "Normalized Income": 68314000.0,
        "Net Income From Continuing And Discontinued Operation": 68314000.0,
        "Diluted Average Shares": 168401000.0,
        "Basic Average Shares": 166605000.0,
        "Diluted EPS": 0.39,
        "Basic EPS": 0.39,
        "Diluted NI Availto Com Stockholders": 65752000.0,
        "Net Income Common Stockholders": 65752000.0,
        "Preferred Stock Dividends": 2562000.0,
        "Net Income": 68314000.0,
        "Net Income Including Noncontrolling Interests": 68314000.0,
        "Net Income Continuous Operations": 68314000.0,
        "Tax Provision": 14866000.0,
        "Pretax Income": 83180000.0,
        "Special Income Charges": 0.0,
        "Other Special Charges": NaN,
        "Restructuring And Mergern Acquisition": 0.0,
        "Gain On Sale Of Security": 23000.0,
        "Depreciation Amortization Depletion Income Statement": 674000.0,
        "Depreciation And Amortization In Income Statement": 674000.0,
        "Amortization": 674000.0,
        "Amortization Of Intangibles Income Statement": 674000.0,
        "Selling General And Administration": 95964000.0,
        "Selling And Marketing Expense": 1886000.0,
        "General And Administrative Expense": 94078000.0,
        "Insurance And Claims": 4795000.0,
        "Salaries And Wages": 89283000.0,
        "Total Revenue": 267340000.0,
        "Operating Revenue": 267340000.0
    },
    "2022-12-31": {
        "Tax Effect Of Unusual Items": -300369.700896,
        "Tax Rate For Calcs": 0.15859,
        "Total Unusual Items": -1894000.0,
        "Total Unusual Items Excluding Goodwill": -1894000.0,
        "Net Income From Continuing Operation Net Minority Interest": 81833000.0,
        "Reconciled Depreciation": 8262000.0,
        "Net Interest Income": 225911000.0,
        "Interest Expense": 41936000.0,
        "Interest Income": 267847000.0,
        "Normalized Income": 83426630.299104,
        "Net Income From Continuing And Discontinued Operation": 81833000.0,
        "Diluted Average Shares": 169136000.0,
        "Basic Average Shares": 167504000.0,
        "Diluted EPS": 0.47,
        "Basic EPS": 0.47,
        "Diluted NI Availto Com Stockholders": 79271000.0,
        "Net Income Common Stockholders": 79271000.0,
        "Preferred Stock Dividends": 2562000.0,
        "Net Income": 81833000.0,
        "Net Income Including Noncontrolling Interests": 81833000.0,
        "Net Income Continuous Operations": 81833000.0,
        "Tax Provision": 15424000.0,
        "Pretax Income": 97257000.0,
        "Special Income Charges": -1894000.0,
        "Other Special Charges": NaN,
        "Restructuring And Mergern Acquisition": 1894000.0,
        "Gain On Sale Of Security": -1000.0,
        "Depreciation Amortization Depletion Income Statement": 688000.0,
        "Depreciation And Amortization In Income Statement": 688000.0,
        "Amortization": 688000.0,
        "Amortization Of Intangibles Income Statement": 688000.0,
        "Selling General And Administration": 98332000.0,
        "Selling And Marketing Expense": 2380000.0,
        "General And Administrative Expense": 95952000.0,
        "Insurance And Claims": 3219000.0,
        "Salaries And Wages": 92733000.0,
        "Total Revenue": 280232000.0,
        "Operating Revenue": 280232000.0
    },
    "2022-09-30": {
        "Tax Effect Of Unusual Items": -1247068.0,
        "Tax Rate For Calcs": 0.178,
        "Total Unusual Items": -7006000.0,
        "Total Unusual Items Excluding Goodwill": -7006000.0,
        "Net Income From Continuing Operation Net Minority Interest": 70871000.0,
        "Reconciled Depreciation": 690000.0,
        "Net Interest Income": 215582000.0,
        "Interest Expense": 18109000.0,
        "Interest Income": 233691000.0,
        "Normalized Income": 76629932.0,
        "Net Income From Continuing And Discontinued Operation": 70871000.0,
        "Diluted Average Shares": 168781000.0,
        "Basic Average Shares": 167353000.0,
        "Diluted EPS": 0.4,
        "Basic EPS": 0.41,
        "Diluted NI Availto Com Stockholders": 68309000.0,
        "Net Income Common Stockholders": 68309000.0,
        "Preferred Stock Dividends": 2562000.0,
        "Net Income": 70871000.0,
        "Net Income Including Noncontrolling Interests": 70871000.0,
        "Net Income Continuous Operations": 70871000.0,
        "Tax Provision": 15357000.0,
        "Pretax Income": 86228000.0,
        "Special Income Charges": -7006000.0,
        "Other Special Charges": NaN,
        "Restructuring And Mergern Acquisition": 7006000.0,
        "Gain On Sale Of Security": -53000.0,
        "Depreciation Amortization Depletion Income Statement": 690000.0,
        "Depreciation And Amortization In Income Statement": 690000.0,
        "Amortization": 690000.0,
        "Amortization Of Intangibles Income Statement": 690000.0,
        "Selling General And Administration": 99300000.0,
        "Selling And Marketing Expense": 1859000.0,
        "General And Administrative Expense": 97441000.0,
        "Insurance And Claims": 3158000.0,
        "Salaries And Wages": 94283000.0,
        "Total Revenue": 274744000.0,
        "Operating Revenue": 274744000.0
    },
    "2022-06-30": {
        "Tax Effect Of Unusual Items": -191022.0,
        "Tax Rate For Calcs": 0.186,
        "Total Unusual Items": -1027000.0,
        "Total Unusual Items Excluding Goodwill": -1027000.0,
        "Net Income From Continuing Operation Net Minority Interest": 69989000.0,
        "Reconciled Depreciation": 177000.0,
        "Net Interest Income": 178831000.0,
        "Interest Expense": 11468000.0,
        "Interest Income": 190299000.0,
        "Normalized Income": 70824978.0,
        "Net Income From Continuing And Discontinued Operation": 69989000.0,
        "Diluted Average Shares": 162075000.0,
        "Basic Average Shares": 160920000.0,
        "Diluted EPS": 0.42,
        "Basic EPS": 0.42,
        "Diluted NI Availto Com Stockholders": 67427000.0,
        "Net Income Common Stockholders": 67427000.0,
        "Preferred Stock Dividends": 2562000.0,
        "Net Income": 69989000.0,
        "Net Income Including Noncontrolling Interests": 69989000.0,
        "Net Income Continuous Operations": 69989000.0,
        "Tax Provision": 16003000.0,
        "Pretax Income": 85992000.0,
        "Special Income Charges": -1027000.0,
        "Restructuring And Mergern Acquisition": 1027000.0,
        "Gain On Sale Of Security": 8000.0,
        "Depreciation Amortization Depletion Income Statement": 177000.0,
        "Depreciation And Amortization In Income Statement": 177000.0,
        "Amortization": 177000.0,
        "Amortization Of Intangibles Income Statement": 177000.0,
        "Selling General And Administration": 89691000.0,
        "Selling And Marketing Expense": 1326000.0,
        "General And Administrative Expense": 88365000.0,
        "Insurance And Claims": 2961000.0,
        "Salaries And Wages": 85404000.0,
        "Total Revenue": 237222000.0,
        "Operating Revenue": 237222000.0
    },
    "2022-03-31": {
        "Diluted EPS": 0.38,
        "Total Revenue": 228,
        "Gross Profit": 217,
        "Operating Income": 78,
        "EBIT": NaN,
        "Net Income": 62
    },
    "2021-12-31": {
        "Diluted EPS": 0.36,
        "Total Revenue": 242,
        "Gross Profit": 229,
        "Operating Income": 80,
        "EBIT": NaN,
        "Net Income": 59
    },
    "2021-09-30": {
        "Diluted EPS": 0.45,
        "Total Revenue": 247,
        "Gross Profit": 234,
        "Operating Income": 90,
        "EBIT": NaN,
        "Net Income": 73
    },
    "2021-06-30": {
        "Diluted EPS": 0.38,
        "Total Revenue": 229,
        "Gross Profit": 214,
        "Operating Income": 77,
        "EBIT": NaN,
        "Net Income": 62
    },
    "2021-03-31": {
        "Diluted EPS": 0.43,
        "Total Revenue": 280,
        "Gross Profit": 260,
        "Operating Income": 87,
        "EBIT": NaN,
        "Net Income": 70
    },
    "2020-12-31": {
        "Diluted EPS": 0.3,
        "Total Revenue": 239,
        "Gross Profit": 217,
        "Operating Income": 56,
        "EBIT": NaN,
        "Net Income": 49
    },
    "2020-09-30": {
        "Diluted EPS": 0.38,
        "Total Revenue": 242,
        "Gross Profit": 217,
        "Operating Income": 71,
        "EBIT": NaN,
        "Net Income": 62
    },
    "2020-06-30": {
        "Diluted EPS": 0.24,
        "Total Revenue": 237,
        "Gross Profit": 209,
        "Operating Income": 46,
        "EBIT": NaN,
        "Net Income": 40
    },
    "2020-03-31": {
        "Diluted EPS": 0.16,
        "Total Revenue": 254,
        "Gross Profit": 215,
        "Operating Income": 29,
        "EBIT": NaN,
        "Net Income": 26
    },
    "2019-12-31": {
        "Diluted EPS": 0.3,
        "Total Revenue": 257,
        "Gross Profit": 215,
        "Operating Income": 55,
        "EBIT": NaN,
        "Net Income": 48
    },
    "2019-09-30": {
        "Diluted EPS": 0.37,
        "Total Revenue": 268,
        "Gross Profit": 221,
        "Operating Income": 72,
        "EBIT": NaN,
        "Net Income": 62
    },
    "2019-06-30": {
        "Diluted EPS": 0.35,
        "Total Revenue": 264,
        "Gross Profit": 219,
        "Operating Income": 70,
        "EBIT": NaN,
        "Net Income": 60
    },
    "2019-03-31": {
        "Diluted EPS": 0.33,
        "Total Revenue": 251,
        "Gross Profit": 210,
        "Operating Income": 67,
        "EBIT": NaN,
        "Net Income": 57
    },
    "2018-12-31": {
        "Diluted EPS": 0.33,
        "Total Revenue": 250,
        "Gross Profit": 212,
        "Operating Income": 64,
        "EBIT": NaN,
        "Net Income": 58
    },
    "2018-09-30": {
        "Diluted EPS": 0.37,
        "Total Revenue": 245,
        "Gross Profit": 211,
        "Operating Income": 74,
        "EBIT": NaN,
        "Net Income": 66
    },
    "2018-06-30": {
        "Diluted EPS": 0.2,
        "Total Revenue": 235,
        "Gross Profit": 205,
        "Operating Income": 39,
        "EBIT": NaN,
        "Net Income": 35
    },
    "2018-03-31": {
        "Diluted EPS": 0.28,
        "Total Revenue": 224,
        "Gross Profit": 197,
        "Operating Income": 57,
        "EBIT": NaN,
        "Net Income": 49
    },
    "2017-12-31": {
        "Diluted EPS": 0.19,
        "Total Revenue": 232,
        "Gross Profit": 206,
        "Operating Income": 61,
        "EBIT": NaN,
        "Net Income": 34
    },
    "2017-09-30": {
        "Diluted EPS": 0.28,
        "Total Revenue": 223,
        "Gross Profit": 199,
        "Operating Income": 62,
        "EBIT": NaN,
        "Net Income": 49
    },
    "2017-06-30": {
        "Diluted EPS": 0.26,
        "Total Revenue": 216,
        "Gross Profit": 194,
        "Operating Income": 55,
        "EBIT": NaN,
        "Net Income": 45
    },
    "2017-03-31": {
        "Diluted EPS": 0.25,
        "Total Revenue": 205,
        "Gross Profit": 184,
        "Operating Income": 57,
        "EBIT": NaN,
        "Net Income": 43
    },
    "2016-12-31": {
        "Diluted EPS": 0.24,
        "Total Revenue": 206,
        "Gross Profit": 185,
        "Operating Income": 52,
        "EBIT": NaN,
        "Net Income": 42
    },
    "2016-09-30": {
        "Diluted EPS": 0.24,
        "Total Revenue": 200,
        "Gross Profit": 179,
        "Operating Income": 55,
        "EBIT": NaN,
        "Net Income": 41
    },
    "2016-06-30": {
        "Diluted EPS": 0.23,
        "Total Revenue": 195,
        "Gross Profit": 175,
        "Operating Income": 51,
        "EBIT": NaN,
        "Net Income": 40
    },
    "2016-03-31": {
        "Diluted EPS": 0.22,
        "Total Revenue": 192,
        "Gross Profit": 172,
        "Operating Income": 50,
        "EBIT": NaN,
        "Net Income": 38
    },
    "2015-12-31": {
        "Diluted EPS": 0.22,
        "Total Revenue": 193,
        "Gross Profit": 174,
        "Operating Income": 52,
        "EBIT": NaN,
        "Net Income": 39
    },
    "2015-09-30": {
        "Diluted EPS": 0.2,
        "Total Revenue": 191,
        "Gross Profit": 170,
        "Operating Income": 45,
        "EBIT": NaN,
        "Net Income": 34
    },
    "2015-06-30": {
        "Diluted EPS": 0.21,
        "Total Revenue": 191,
        "Gross Profit": 169,
        "Operating Income": 49,
        "EBIT": NaN,
        "Net Income": 37
    },
    "2015-03-31": {
        "Diluted EPS": 0.22,
        "Total Revenue": 191,
        "Gross Profit": 168,
        "Operating Income": 54,
        "EBIT": NaN,
        "Net Income": 40
    },
    "2014-12-31": {
        "Diluted EPS": 0.2,
        "Total Revenue": 192,
        "Gross Profit": 170,
        "Operating Income": 49,
        "EBIT": NaN,
        "Net Income": 38
    },
    "2014-09-30": {
        "Diluted EPS": 0.21,
        "Total Revenue": 192,
        "Gross Profit": 171,
        "Operating Income": 52,
        "EBIT": NaN,
        "Net Income": 39
    },
    "2014-06-30": {
        "Diluted EPS": 0.21,
        "Total Revenue": 193,
        "Gross Profit": 173,
        "Operating Income": 53,
        "EBIT": NaN,
        "Net Income": 40
    },
    "2014-03-31": {
        "Diluted EPS": 0.22,
        "Total Revenue": 187,
        "Gross Profit": 168,
        "Operating Income": 56,
        "EBIT": NaN,
        "Net Income": 42
    },
    "2013-12-31": {
        "Diluted EPS": 0.21,
        "Total Revenue": 193,
        "Gross Profit": 174,
        "Operating Income": 54,
        "EBIT": NaN,
        "Net Income": 42
    },
    "2013-09-30": {
        "Diluted EPS": 0.21,
        "Total Revenue": 200,
        "Gross Profit": 180,
        "Operating Income": 54,
        "EBIT": NaN,
        "Net Income": 40
    },
    "2013-06-30": {
        "Diluted EPS": 0.21,
        "Total Revenue": 205,
        "Gross Profit": 184,
        "Operating Income": 54,
        "EBIT": NaN,
        "Net Income": 41
    },
    "2013-03-31": {
        "Diluted EPS": 0.2,
        "Total Revenue": 199,
        "Gross Profit": 177,
        "Operating Income": 51,
        "EBIT": NaN,
        "Net Income": 39
    },
    "2012-12-31": {
        "Diluted EPS": 0.2,
        "Total Revenue": 215,
        "Gross Profit": 192,
        "Operating Income": 58,
        "EBIT": NaN,
        "Net Income": 40
    },
    "2012-09-30": {
        "Diluted EPS": 0.21,
        "Total Revenue": 213,
        "Gross Profit": 188,
        "Operating Income": 55,
        "EBIT": NaN,
        "Net Income": 42
    },
    "2012-06-30": {
        "Diluted EPS": 0.2,
        "Total Revenue": 217,
        "Gross Profit": 191,
        "Operating Income": 53,
        "EBIT": NaN,
        "Net Income": 40
    },
    "2012-03-31": {
        "Diluted EPS": 0.19,
        "Total Revenue": 219,
        "Gross Profit": 190,
        "Operating Income": 52,
        "EBIT": NaN,
        "Net Income": 38
    },
    "2011-12-31": {
        "Diluted EPS": 0.18,
        "Total Revenue": 217,
        "Gross Profit": 187,
        "Operating Income": 48,
        "EBIT": NaN,
        "Net Income": 36
    },
    "2011-09-30": {
        "Diluted EPS": 0.2,
        "Total Revenue": 222,
        "Gross Profit": 190,
        "Operating Income": 53,
        "EBIT": NaN,
        "Net Income": 39
    },
    "2011-06-30": {
        "Diluted EPS": 0.18,
        "Total Revenue": 221,
        "Gross Profit": 186,
        "Operating Income": 50,
        "EBIT": NaN,
        "Net Income": 36
    },
    "2011-03-31": {
        "Diluted EPS": 0.17,
        "Total Revenue": 221,
        "Gross Profit": 185,
        "Operating Income": 46,
        "EBIT": NaN,
        "Net Income": 34
    },
    "2010-12-31": {
        "Diluted EPS": 0.16,
        "Total Revenue": 228,
        "Gross Profit": 187,
        "Operating Income": 43,
        "EBIT": NaN,
        "Net Income": 31
    },
    "2010-09-30": {
        "Diluted EPS": 0.16,
        "Total Revenue": 238,
        "Gross Profit": 193,
        "Operating Income": 50,
        "EBIT": NaN,
        "Net Income": 32
    },
    "2010-06-30": {
        "Diluted EPS": 0.14,
        "Total Revenue": 233,
        "Gross Profit": 184,
        "Operating Income": 43,
        "EBIT": NaN,
        "Net Income": 27
    },
    "2010-03-31": {
        "Diluted EPS": 0.13,
        "Total Revenue": 229,
        "Gross Profit": 177,
        "Operating Income": 37,
        "EBIT": NaN,
        "Net Income": 22
    },
    "2009-12-31": {
        "Diluted EPS": 0.11,
        "Total Revenue": 235,
        "Gross Profit": 177,
        "Operating Income": 30,
        "EBIT": NaN,
        "Net Income": 19
    },
    "2009-09-30": {
        "Diluted EPS": 0.1,
        "Total Revenue": 239,
        "Gross Profit": 174,
        "Operating Income": 29,
        "EBIT": NaN,
        "Net Income": 18
    },
    "2009-06-30": {
        "Diluted EPS": 0.05,
        "Total Revenue": 243,
        "Gross Profit": 173,
        "Operating Income": 16,
        "EBIT": NaN,
        "Net Income": 8
    },
    "2009-03-31": {
        "Diluted EPS": 0.05,
        "Total Revenue": 242,
        "Gross Profit": 171,
        "Operating Income": 15,
        "EBIT": NaN,
        "Net Income": 8
    },
    "2023-09-30": {
        "Tax Effect Of Unusual Items": 0.0,
        "Tax Rate For Calcs": 0.189,
        "Total Unusual Items": 0.0,
        "Total Unusual Items Excluding Goodwill": 0.0,
        "Net Income From Continuing Operation Net Minority Interest": 72097000.0,
        "Reconciled Depreciation": 8138000.0,
        "Net Interest Income": 213842000.0,
        "Interest Expense": 116529000.0,
        "Interest Income": 330371000.0,
        "Normalized Income": 72097000.0,
        "Net Income From Continuing And Discontinued Operation": 72097000.0,
        "Diluted Average Shares": 166023000.0,
        "Basic Average Shares": 164566000.0,
        "Diluted EPS": 0.42,
        "Basic EPS": 0.42,
        "Diluted NI Availto Com Stockholders": 69535000.0,
        "Net Income Common Stockholders": 69535000.0,
        "Preferred Stock Dividends": 2562000.0,
        "Net Income": 72097000.0,
        "Net Income Including Noncontrolling Interests": 72097000.0,
        "Net Income Continuous Operations": 72097000.0,
        "Tax Provision": 16749000.0,
        "Pretax Income": 88846000.0,
        "Special Income Charges": 0.0,
        "Other Special Charges": -500000.0,
        "Restructuring And Mergern Acquisition": 0.0,
        "Gain On Sale Of Security": 0.0,
        "Depreciation Amortization Depletion Income Statement": 601000.0,
        "Depreciation And Amortization In Income Statement": 601000.0,
        "Amortization": 601000.0,
        "Amortization Of Intangibles Income Statement": 601000.0,
        "Selling General And Administration": 103408000.0,
        "Selling And Marketing Expense": 1913000.0,
        "General And Administrative Expense": 101495000.0,
        "Insurance And Claims": 4738000.0,
        "Salaries And Wages": 96757000.0,
        "Total Revenue": 269803000.0,
        "Operating Revenue": 269803000.0
    }
}