{
    "2023-06-30": {
        "Tax Effect Of Unusual Items": 0.0,
        "Tax Rate For Calcs": 0.24379,
        "Total Unusual Items": 0.0,
        "Total Unusual Items Excluding Goodwill": 0.0,
        "Net Income From Continuing Operation Net Minority Interest": 4414000.0,
        "Reconciled Depreciation": 1011000.0,
        "Net Interest Income": 14174000.0,
        "Interest Expense": 5798000.0,
        "Interest Income": 19972000.0,
        "Normalized Income": 4414000.0,
        "Net Income From Continuing And Discontinued Operation": 4414000.0,
        "Rent Expense Supplemental": NaN,
        "Diluted Average Shares": 6718000.0,
        "Basic Average Shares": 6704000.0,
        "Diluted EPS": 0.66,
        "Basic EPS": 0.66,
        "Diluted NI Availto Com Stockholders": 4414000.0,
        "Net Income Common Stockholders": 4414000.0,
        "Net Income": 4414000.0,
        "Net Income Including Noncontrolling Interests": 4414000.0,
        "Net Income Continuous Operations": 4414000.0,
        "Tax Provision": 1423000.0,
        "Pretax Income": 5837000.0,
        "Special Income Charges": 0.0,
        "Other Special Charges": 79000.0,
        "Gain On Sale Of Security": 0.0,
        "Selling General And Administration": 7279000.0,
        "Selling And Marketing Expense": 137000.0,
        "General And Administrative Expense": 7142000.0,
        "Insurance And Claims": 277000.0,
        "Rent And Landing Fees": NaN,
        "Salaries And Wages": 6865000.0,
        "Total Revenue": 18743000.0,
        "Operating Revenue": 18743000.0
    },
    "2023-03-31": {
        "Tax Effect Of Unusual Items": 0.0,
        "Tax Rate For Calcs": 0.236,
        "Total Unusual Items": 0.0,
        "Total Unusual Items Excluding Goodwill": 0.0,
        "Net Income From Continuing Operation Net Minority Interest": 4375000.0,
        "Reconciled Depreciation": 1018000.0,
        "Net Interest Income": 14518000.0,
        "Interest Expense": 3311000.0,
        "Interest Income": 17829000.0,
        "Normalized Income": 4375000.0,
        "Net Income From Continuing And Discontinued Operation": 4375000.0,
        "Rent Expense Supplemental": 110000.0,
        "Diluted Average Shares": 6697000.0,
        "Basic Average Shares": 6675000.0,
        "Diluted EPS": 0.65,
        "Basic EPS": 0.66,
        "Diluted NI Availto Com Stockholders": 4375000.0,
        "Net Income Common Stockholders": 4375000.0,
        "Net Income": 4375000.0,
        "Net Income Including Noncontrolling Interests": 4375000.0,
        "Net Income Continuous Operations": 4375000.0,
        "Tax Provision": 1355000.0,
        "Pretax Income": 5730000.0,
        "Special Income Charges": 0.0,
        "Other Special Charges": 64000.0,
        "Gain On Sale Of Security": 0.0,
        "Selling General And Administration": 7710000.0,
        "Selling And Marketing Expense": 117000.0,
        "General And Administrative Expense": 7593000.0,
        "Insurance And Claims": 193000.0,
        "Rent And Landing Fees": 110000.0,
        "Salaries And Wages": 7290000.0,
        "Total Revenue": 18911000.0,
        "Operating Revenue": 18911000.0
    },
    "2022-12-31": {
        "Tax Effect Of Unusual Items": -123817.717786,
        "Tax Rate For Calcs": 0.209505,
        "Total Unusual Items": -591000.0,
        "Total Unusual Items Excluding Goodwill": -591000.0,
        "Net Income From Continuing Operation Net Minority Interest": 6969000.0,
        "Reconciled Depreciation": 753000.0,
        "Net Interest Income": 15180000.0,
        "Interest Expense": 2179000.0,
        "Interest Income": 17359000.0,
        "Normalized Income": 7436182.282214,
        "Net Income From Continuing And Discontinued Operation": 6969000.0,
        "Rent Expense Supplemental": 117000.0,
        "Diluted Average Shares": 6692039.0,
        "Basic Average Shares": 6666428.0,
        "Diluted EPS": 1.04,
        "Basic EPS": 1.05,
        "Diluted NI Availto Com Stockholders": 6969000.0,
        "Net Income Common Stockholders": 6969000.0,
        "Net Income": 6969000.0,
        "Net Income Including Noncontrolling Interests": 6969000.0,
        "Net Income Continuous Operations": 6969000.0,
        "Tax Provision": 1847000.0,
        "Pretax Income": 8816000.0,
        "Special Income Charges": -1000.0,
        "Other Special Charges": 1000.0,
        "Gain On Sale Of Security": 43000.0,
        "Selling General And Administration": 7012000.0,
        "Selling And Marketing Expense": 134000.0,
        "General And Administrative Expense": 6878000.0,
        "Insurance And Claims": 157000.0,
        "Rent And Landing Fees": 117000.0,
        "Salaries And Wages": 6239000.0,
        "Total Revenue": 19081000.0,
        "Operating Revenue": 19081000.0
    },
    "2022-09-30": {
        "Tax Effect Of Unusual Items": 0.0,
        "Tax Rate For Calcs": 0.278477,
        "Total Unusual Items": 0.0,
        "Total Unusual Items Excluding Goodwill": 0.0,
        "Net Income From Continuing Operation Net Minority Interest": 6936000.0,
        "Reconciled Depreciation": 970000.0,
        "Net Interest Income": 15141000.0,
        "Interest Expense": 1044000.0,
        "Interest Income": 16185000.0,
        "Normalized Income": 6936000.0,
        "Net Income From Continuing And Discontinued Operation": 6936000.0,
        "Rent Expense Supplemental": 112000.0,
        "Diluted Average Shares": 6669000.0,
        "Basic Average Shares": 6658000.0,
        "Diluted EPS": 1.04,
        "Basic EPS": 1.04,
        "Diluted NI Availto Com Stockholders": 6936000.0,
        "Net Income Common Stockholders": 6936000.0,
        "Net Income": 6936000.0,
        "Net Income Including Noncontrolling Interests": 6936000.0,
        "Net Income Continuous Operations": 6936000.0,
        "Tax Provision": 2677000.0,
        "Pretax Income": 9613000.0,
        "Special Income Charges": 0.0,
        "Other Special Charges": 121000.0,
        "Gain On Sale Of Security": 93000.0,
        "Selling General And Administration": 6544000.0,
        "Selling And Marketing Expense": 152000.0,
        "General And Administrative Expense": 6392000.0,
        "Other Gand A": 929000.0,
        "Insurance And Claims": 150000.0,
        "Rent And Landing Fees": 112000.0,
        "Salaries And Wages": 6130000.0,
        "Total Revenue": 19841000.0,
        "Operating Revenue": 19841000.0
    },
    "2022-06-30": {
        "Tax Effect Of Unusual Items": -8616.591928,
        "Tax Rate For Calcs": 0.23935,
        "Total Unusual Items": -36000.0,
        "Total Unusual Items Excluding Goodwill": -36000.0,
        "Net Income From Continuing Operation Net Minority Interest": 5428000.0,
        "Reconciled Depreciation": 964000.0,
        "Net Interest Income": 13971000.0,
        "Interest Expense": 760000.0,
        "Interest Income": 14731000.0,
        "Normalized Income": 5455383.408072,
        "Net Income From Continuing And Discontinued Operation": 5428000.0,
        "Rent Expense Supplemental": 139000.0,
        "Diluted Average Shares": 6661000.0,
        "Basic Average Shares": 6650000.0,
        "Diluted EPS": 0.82,
        "Basic EPS": 0.82,
        "Diluted NI Availto Com Stockholders": 5428000.0,
        "Net Income Common Stockholders": 5428000.0,
        "Net Income": 5428000.0,
        "Net Income Including Noncontrolling Interests": 5428000.0,
        "Net Income Continuous Operations": 5428000.0,
        "Tax Provision": 1708000.0,
        "Pretax Income": 7136000.0,
        "Special Income Charges": -36000.0,
        "Other Special Charges": 36000.0,
        "Gain On Sale Of Security": 0.0,
        "Selling General And Administration": 6238000.0,
        "Selling And Marketing Expense": 151000.0,
        "General And Administrative Expense": 6087000.0,
        "Other Gand A": 928000.0,
        "Insurance And Claims": 155000.0,
        "Rent And Landing Fees": 139000.0,
        "Salaries And Wages": 5793000.0,
        "Total Revenue": 18391000.0,
        "Operating Revenue": 18391000.0
    },
    "2022-03-31": {
        "Diluted EPS": 0.86,
        "Total Revenue": 19,
        "Gross Profit": 18,
        "Operating Income": 8,
        "EBIT": NaN,
        "Net Income": 6
    },
    "2021-12-31": {
        "Diluted EPS": 1.14,
        "Total Revenue": 21,
        "Gross Profit": 20,
        "Operating Income": 10,
        "EBIT": NaN,
        "Net Income": 8
    },
    "2021-09-30": {
        "Diluted EPS": 0.66,
        "Total Revenue": 20,
        "Gross Profit": 18,
        "Operating Income": 6,
        "EBIT": NaN,
        "Net Income": 4
    },
    "2021-06-30": {
        "Diluted EPS": 0.66,
        "Total Revenue": 19,
        "Gross Profit": 18,
        "Operating Income": 6,
        "EBIT": NaN,
        "Net Income": 4
    },
    "2021-03-31": {
        "Diluted EPS": 0.49,
        "Total Revenue": 19,
        "Gross Profit": 17,
        "Operating Income": 5,
        "EBIT": NaN,
        "Net Income": 3
    },
    "2020-12-31": {
        "Diluted EPS": 0.65,
        "Total Revenue": 19,
        "Gross Profit": 17,
        "Operating Income": 6,
        "EBIT": NaN,
        "Net Income": 5
    },
    "2020-09-30": {
        "Diluted EPS": 0.7,
        "Total Revenue": 19,
        "Gross Profit": 17,
        "Operating Income": 6,
        "EBIT": NaN,
        "Net Income": 5
    },
    "2020-06-30": {
        "Diluted EPS": 0.37,
        "Total Revenue": 19,
        "Gross Profit": 17,
        "Operating Income": 3,
        "EBIT": NaN,
        "Net Income": 3
    },
    "2020-03-31": {
        "Diluted EPS": 0.25,
        "Total Revenue": 19,
        "Gross Profit": 16,
        "Operating Income": 2,
        "EBIT": NaN,
        "Net Income": 2
    },
    "2019-12-31": {
        "Diluted EPS": 0.41,
        "Total Revenue": 19,
        "Gross Profit": 16,
        "Operating Income": 4,
        "EBIT": NaN,
        "Net Income": 3
    },
    "2019-09-30": {
        "Diluted EPS": 0.63,
        "Total Revenue": 20,
        "Gross Profit": 17,
        "Operating Income": 5,
        "EBIT": NaN,
        "Net Income": 4
    },
    "2019-06-30": {
        "Diluted EPS": 0.37,
        "Total Revenue": 18,
        "Gross Profit": 15,
        "Operating Income": 3,
        "EBIT": NaN,
        "Net Income": 3
    },
    "2019-03-31": {
        "Diluted EPS": 0.44,
        "Total Revenue": 18,
        "Gross Profit": 15,
        "Operating Income": 4,
        "EBIT": NaN,
        "Net Income": 3
    },
    "2018-12-31": {
        "Diluted EPS": 0.34,
        "Total Revenue": 18,
        "Gross Profit": 15,
        "Operating Income": 3,
        "EBIT": NaN,
        "Net Income": 2
    },
    "2018-09-30": {
        "Diluted EPS": 0.39,
        "Total Revenue": 17,
        "Gross Profit": 15,
        "Operating Income": 4,
        "EBIT": NaN,
        "Net Income": 3
    },
    "2018-06-30": {
        "Diluted EPS": 0.43,
        "Total Revenue": 17,
        "Gross Profit": 15,
        "Operating Income": 4,
        "EBIT": NaN,
        "Net Income": 3
    },
    "2018-03-31": {
        "Diluted EPS": 0.35,
        "Total Revenue": 16,
        "Gross Profit": 14,
        "Operating Income": 3,
        "EBIT": NaN,
        "Net Income": 3
    },
    "2017-12-31": {
        "Diluted EPS": -0.19,
        "Total Revenue": 16,
        "Gross Profit": 14,
        "Operating Income": 3,
        "EBIT": NaN,
        "Net Income": -1
    },
    "2017-09-30": {
        "Diluted EPS": 0.25,
        "Total Revenue": 16,
        "Gross Profit": 14,
        "Operating Income": 3,
        "EBIT": NaN,
        "Net Income": 2
    },
    "2017-06-30": {
        "Diluted EPS": 0.3,
        "Total Revenue": 15,
        "Gross Profit": 13,
        "Operating Income": 3,
        "EBIT": NaN,
        "Net Income": 2
    },
    "2017-03-31": {
        "Diluted EPS": 0.22,
        "Total Revenue": 15,
        "Gross Profit": 13,
        "Operating Income": 3,
        "EBIT": NaN,
        "Net Income": 1
    },
    "2016-12-31": {
        "Diluted EPS": 0.16,
        "Total Revenue": 15,
        "Gross Profit": 13,
        "Operating Income": 2,
        "EBIT": NaN,
        "Net Income": 1
    },
    "2016-09-30": {
        "Diluted EPS": 0.29,
        "Total Revenue": 15,
        "Gross Profit": 13,
        "Operating Income": 3,
        "EBIT": NaN,
        "Net Income": 2
    },
    "2016-06-30": {
        "Diluted EPS": 0.2,
        "Total Revenue": 15,
        "Gross Profit": 13,
        "Operating Income": 2,
        "EBIT": NaN,
        "Net Income": 1
    },
    "2016-03-31": {
        "Diluted EPS": 0.19,
        "Total Revenue": 15,
        "Gross Profit": 13,
        "Operating Income": 3,
        "EBIT": NaN,
        "Net Income": 1
    },
    "2015-12-31": {
        "Diluted EPS": 1.26,
        "Total Revenue": 27,
        "Gross Profit": 25,
        "Operating Income": 14,
        "EBIT": NaN,
        "Net Income": 8
    },
    "2015-09-30": {
        "Diluted EPS": 0.2,
        "Total Revenue": 15,
        "Gross Profit": 13,
        "Operating Income": 3,
        "EBIT": NaN,
        "Net Income": 1
    },
    "2015-06-30": {
        "Diluted EPS": 0.08,
        "Total Revenue": 15,
        "Gross Profit": 12,
        "Operating Income": 1,
        "EBIT": NaN,
        "Net Income": 1
    },
    "2015-03-31": {
        "Diluted EPS": 0.11,
        "Total Revenue": 14,
        "Gross Profit": 12,
        "Operating Income": 2,
        "EBIT": NaN,
        "Net Income": 1
    },
    "2014-12-31": {
        "Diluted EPS": 0.16,
        "Total Revenue": 15,
        "Gross Profit": 12,
        "Operating Income": 2,
        "EBIT": NaN,
        "Net Income": 1
    },
    "2014-09-30": {
        "Diluted EPS": 0.1,
        "Total Revenue": 15,
        "Gross Profit": 12,
        "Operating Income": 2,
        "EBIT": NaN,
        "Net Income": 1
    },
    "2014-06-30": {
        "Diluted EPS": 0.07,
        "Total Revenue": 16,
        "Gross Profit": 13,
        "Operating Income": 2,
        "EBIT": NaN,
        "Net Income": 0
    },
    "2014-03-31": {
        "Diluted EPS": 0.15,
        "Total Revenue": 15,
        "Gross Profit": 12,
        "Operating Income": 2,
        "EBIT": NaN,
        "Net Income": 1
    },
    "2013-12-31": {
        "Diluted EPS": 0.07,
        "Total Revenue": 15,
        "Gross Profit": 12,
        "Operating Income": 1,
        "EBIT": NaN,
        "Net Income": 0
    },
    "2013-09-30": {
        "Diluted EPS": 0.22,
        "Total Revenue": 17,
        "Gross Profit": 14,
        "Operating Income": 3,
        "EBIT": NaN,
        "Net Income": 1
    },
    "2013-06-30": {
        "Diluted EPS": 0.23,
        "Total Revenue": 15,
        "Gross Profit": 12,
        "Operating Income": 2,
        "EBIT": NaN,
        "Net Income": 1
    },
    "2013-03-31": {
        "Diluted EPS": 0.24,
        "Total Revenue": 16,
        "Gross Profit": 13,
        "Operating Income": 2,
        "EBIT": NaN,
        "Net Income": 1
    },
    "2012-12-31": {
        "Diluted EPS": 0.38,
        "Total Revenue": 17,
        "Gross Profit": 14,
        "Operating Income": 4,
        "EBIT": NaN,
        "Net Income": 2
    },
    "2012-09-30": {
        "Diluted EPS": 0.4,
        "Total Revenue": 16,
        "Gross Profit": 13,
        "Operating Income": 3,
        "EBIT": NaN,
        "Net Income": 2
    },
    "2012-06-30": {
        "Diluted EPS": 0.2,
        "Total Revenue": 17,
        "Gross Profit": 13,
        "Operating Income": 2,
        "EBIT": NaN,
        "Net Income": 1
    },
    "2012-03-31": {
        "Diluted EPS": -0.5,
        "Total Revenue": 19,
        "Gross Profit": 15,
        "Operating Income": -3,
        "EBIT": NaN,
        "Net Income": -3
    },
    "2011-12-31": {
        "Diluted EPS": 0.07,
        "Total Revenue": 20,
        "Gross Profit": 16,
        "Operating Income": 3,
        "EBIT": NaN,
        "Net Income": 0
    },
    "2011-09-30": {
        "Diluted EPS": 0.05,
        "Total Revenue": 17,
        "Gross Profit": 12,
        "Operating Income": 1,
        "EBIT": NaN,
        "Net Income": 0
    },
    "2011-06-30": {
        "Diluted EPS": 0.12,
        "Total Revenue": 20,
        "Gross Profit": 14,
        "Operating Income": 1,
        "EBIT": NaN,
        "Net Income": 1
    },
    "2011-03-31": {
        "Diluted EPS": 0.09,
        "Total Revenue": 19,
        "Gross Profit": 13,
        "Operating Income": 1,
        "EBIT": NaN,
        "Net Income": 1
    },
    "2010-12-31": {
        "Diluted EPS": -0.79,
        "Total Revenue": 17,
        "Gross Profit": 10,
        "Operating Income": -6,
        "EBIT": NaN,
        "Net Income": -5
    },
    "2010-09-30": {
        "Diluted EPS": -0.01,
        "Total Revenue": 20,
        "Gross Profit": 13,
        "Operating Income": -2,
        "EBIT": NaN,
        "Net Income": 0
    },
    "2010-06-30": {
        "Diluted EPS": -0.21,
        "Total Revenue": 21,
        "Gross Profit": 14,
        "Operating Income": -1,
        "EBIT": NaN,
        "Net Income": -1
    },
    "2010-03-31": {
        "Diluted EPS": -0.9,
        "Total Revenue": 14,
        "Gross Profit": 6,
        "Operating Income": -9,
        "EBIT": NaN,
        "Net Income": -6
    },
    "2009-12-31": {
        "Diluted EPS": -1.58,
        "Total Revenue": 9,
        "Gross Profit": 1,
        "Operating Income": -15,
        "EBIT": NaN,
        "Net Income": -10
    },
    "2009-09-30": {
        "Diluted EPS": -0.97,
        "Total Revenue": 17,
        "Gross Profit": 9,
        "Operating Income": -10,
        "EBIT": NaN,
        "Net Income": -6
    },
    "2009-06-30": {
        "Diluted EPS": 0.12,
        "Total Revenue": 24,
        "Gross Profit": 16,
        "Operating Income": 2,
        "EBIT": NaN,
        "Net Income": 1
    },
    "2009-03-31": {
        "Diluted EPS": 0.35,
        "Total Revenue": 25,
        "Gross Profit": 16,
        "Operating Income": 3,
        "EBIT": NaN,
        "Net Income": 2
    },
    "2023-09-30": {
        "Tax Effect Of Unusual Items": 0.0,
        "Tax Rate For Calcs": 0.226431,
        "Total Unusual Items": 0.0,
        "Total Unusual Items Excluding Goodwill": 0.0,
        "Net Income From Continuing Operation Net Minority Interest": 4513000.0,
        "Reconciled Depreciation": 996000.0,
        "Net Interest Income": 13984000.0,
        "Interest Expense": 7180000.0,
        "Interest Income": 21164000.0,
        "Normalized Income": 4513000.0,
        "Net Income From Continuing And Discontinued Operation": 4513000.0,
        "Rent Expense Supplemental": NaN,
        "Diluted Average Shares": 6728000.0,
        "Basic Average Shares": 6714000.0,
        "Diluted EPS": 0.67,
        "Basic EPS": 0.67,
        "Diluted NI Availto Com Stockholders": 4513000.0,
        "Net Income Common Stockholders": 4513000.0,
        "Net Income": 4513000.0,
        "Net Income Including Noncontrolling Interests": 4513000.0,
        "Net Income Continuous Operations": 4513000.0,
        "Tax Provision": 1321000.0,
        "Pretax Income": 5834000.0,
        "Special Income Charges": 0.0,
        "Other Special Charges": NaN,
        "Gain On Sale Of Security": -45000.0,
        "Selling General And Administration": 7431000.0,
        "Selling And Marketing Expense": 220000.0,
        "General And Administrative Expense": 7211000.0,
        "Insurance And Claims": 254000.0,
        "Rent And Landing Fees": NaN,
        "Salaries And Wages": 6957000.0,
        "Total Revenue": 18837000.0,
        "Operating Revenue": 18837000.0
    }
}