{
    "2023-06-30": {
        "Tax Effect Of Unusual Items": 0.0,
        "Tax Rate For Calcs": 0.242606,
        "Total Unusual Items": 0.0,
        "Total Unusual Items Excluding Goodwill": 0.0,
        "Net Income From Continuing Operation Net Minority Interest": 2023000.0,
        "Reconciled Depreciation": 447000.0,
        "Net Interest Income": 9323000.0,
        "Interest Expense": 3676000.0,
        "Interest Income": 12999000.0,
        "Normalized Income": 2023000.0,
        "Net Income From Continuing And Discontinued Operation": 2023000.0,
        "Diluted Average Shares": 6525806.0,
        "Basic Average Shares": 5950000.0,
        "Diluted EPS": 0.31,
        "Basic EPS": 0.34,
        "Diluted NI Availto Com Stockholders": 2023000.0,
        "Net Income Common Stockholders": 2023000.0,
        "Net Income": 2023000.0,
        "Net Income Including Noncontrolling Interests": 2023000.0,
        "Net Income Continuous Operations": 2023000.0,
        "Tax Provision": 648000.0,
        "Pretax Income": 2671000.0,
        "Special Income Charges": 0.0,
        "Other Special Charges": NaN,
        "Depreciation Amortization Depletion Income Statement": 103000.0,
        "Depreciation And Amortization In Income Statement": 103000.0,
        "Amortization": 103000.0,
        "Amortization Of Intangibles Income Statement": 103000.0,
        "Selling General And Administration": 4469000.0,
        "General And Administrative Expense": 4469000.0,
        "Insurance And Claims": 406000.0,
        "Salaries And Wages": 4063000.0,
        "Total Revenue": 10122000.0,
        "Operating Revenue": 10122000.0,
        "Occupancy And Equipment": 893000.0,
        "Professional Expense And Contract Services Expense": 159000.0,
        "Other Non Interest Expense": 1527000.0
    },
    "2023-03-31": {
        "Tax Effect Of Unusual Items": NaN,
        "Tax Rate For Calcs": NaN,
        "Total Unusual Items": 0.0,
        "Total Unusual Items Excluding Goodwill": 0.0,
        "Net Income From Continuing Operation Net Minority Interest": NaN,
        "Reconciled Depreciation": NaN,
        "Net Interest Income": NaN,
        "Interest Expense": NaN,
        "Interest Income": NaN,
        "Normalized Income": NaN,
        "Net Income From Continuing And Discontinued Operation": NaN,
        "Diluted Average Shares": NaN,
        "Basic Average Shares": NaN,
        "Diluted EPS": NaN,
        "Basic EPS": NaN,
        "Diluted NI Availto Com Stockholders": NaN,
        "Net Income Common Stockholders": NaN,
        "Net Income": NaN,
        "Net Income Including Noncontrolling Interests": NaN,
        "Net Income Continuous Operations": NaN,
        "Tax Provision": NaN,
        "Pretax Income": NaN,
        "Special Income Charges": 0.0,
        "Other Special Charges": NaN,
        "Depreciation Amortization Depletion Income Statement": NaN,
        "Depreciation And Amortization In Income Statement": NaN,
        "Amortization": NaN,
        "Amortization Of Intangibles Income Statement": NaN,
        "Selling General And Administration": NaN,
        "General And Administrative Expense": NaN,
        "Insurance And Claims": NaN,
        "Salaries And Wages": NaN,
        "Total Revenue": NaN,
        "Operating Revenue": NaN,
        "Occupancy And Equipment": NaN,
        "Professional Expense And Contract Services Expense": NaN,
        "Other Non Interest Expense": NaN
    },
    "2022-12-31": {
        "Tax Effect Of Unusual Items": NaN,
        "Tax Rate For Calcs": NaN,
        "Total Unusual Items": -14000.0,
        "Total Unusual Items Excluding Goodwill": -14000.0,
        "Net Income From Continuing Operation Net Minority Interest": NaN,
        "Reconciled Depreciation": NaN,
        "Net Interest Income": NaN,
        "Interest Expense": NaN,
        "Interest Income": NaN,
        "Normalized Income": NaN,
        "Net Income From Continuing And Discontinued Operation": NaN,
        "Diluted Average Shares": NaN,
        "Basic Average Shares": NaN,
        "Diluted EPS": NaN,
        "Basic EPS": NaN,
        "Diluted NI Availto Com Stockholders": NaN,
        "Net Income Common Stockholders": NaN,
        "Net Income": NaN,
        "Net Income Including Noncontrolling Interests": NaN,
        "Net Income Continuous Operations": NaN,
        "Tax Provision": NaN,
        "Pretax Income": NaN,
        "Special Income Charges": -14000.0,
        "Other Special Charges": 14000.0,
        "Gain On Sale Of Security": -83000.0,
        "Depreciation Amortization Depletion Income Statement": NaN,
        "Depreciation And Amortization In Income Statement": NaN,
        "Amortization": NaN,
        "Amortization Of Intangibles Income Statement": NaN,
        "Selling General And Administration": NaN,
        "Selling And Marketing Expense": 44000.0,
        "General And Administrative Expense": NaN,
        "Other Gand A": 773000.0,
        "Insurance And Claims": NaN,
        "Salaries And Wages": NaN,
        "Total Revenue": NaN,
        "Operating Revenue": NaN,
        "Occupancy And Equipment": NaN,
        "Professional Expense And Contract Services Expense": NaN,
        "Other Non Interest Expense": NaN
    },
    "2022-09-30": {
        "Tax Effect Of Unusual Items": NaN,
        "Tax Rate For Calcs": NaN,
        "Total Unusual Items": NaN,
        "Total Unusual Items Excluding Goodwill": NaN,
        "Net Income From Continuing Operation Net Minority Interest": NaN,
        "Reconciled Depreciation": NaN,
        "Net Interest Income": NaN,
        "Interest Expense": NaN,
        "Interest Income": NaN,
        "Normalized Income": NaN,
        "Net Income From Continuing And Discontinued Operation": NaN,
        "Diluted Average Shares": NaN,
        "Basic Average Shares": NaN,
        "Diluted EPS": NaN,
        "Basic EPS": NaN,
        "Diluted NI Availto Com Stockholders": NaN,
        "Net Income Common Stockholders": NaN,
        "Net Income": NaN,
        "Net Income Including Noncontrolling Interests": NaN,
        "Net Income Continuous Operations": NaN,
        "Tax Provision": NaN,
        "Pretax Income": NaN,
        "Special Income Charges": NaN,
        "Other Special Charges": -278000.0,
        "Gain On Sale Of Security": 0.0,
        "Depreciation Amortization Depletion Income Statement": NaN,
        "Depreciation And Amortization In Income Statement": NaN,
        "Amortization": NaN,
        "Amortization Of Intangibles Income Statement": NaN,
        "Selling General And Administration": NaN,
        "Selling And Marketing Expense": 47000.0,
        "General And Administrative Expense": NaN,
        "Other Gand A": 811000.0,
        "Insurance And Claims": NaN,
        "Salaries And Wages": NaN,
        "Total Revenue": NaN,
        "Operating Revenue": NaN
    },
    "2022-06-30": {
        "Tax Effect Of Unusual Items": 0.0,
        "Tax Rate For Calcs": 0.258774,
        "Total Unusual Items": -4000.0,
        "Total Unusual Items Excluding Goodwill": -4000.0,
        "Net Income From Continuing Operation Net Minority Interest": 1415000.0,
        "Reconciled Depreciation": 465000.0,
        "Net Interest Income": 8826000.0,
        "Interest Expense": 699000.0,
        "Interest Income": 9525000.0,
        "Normalized Income": 1415000.0,
        "Net Income From Continuing And Discontinued Operation": 1415000.0,
        "Diluted Average Shares": 6580724.0,
        "Basic Average Shares": 6161074.0,
        "Diluted EPS": 0.22,
        "Basic EPS": 0.23,
        "Diluted NI Availto Com Stockholders": 1415000.0,
        "Net Income Common Stockholders": 1415000.0,
        "Net Income": 1415000.0,
        "Net Income Including Noncontrolling Interests": 1415000.0,
        "Net Income Continuous Operations": 1415000.0,
        "Tax Provision": 494000.0,
        "Pretax Income": 1909000.0,
        "Special Income Charges": -4000.0,
        "Other Special Charges": 4000.0,
        "Gain On Sale Of Security": 0.0,
        "Depreciation Amortization Depletion Income Statement": 73000.0,
        "Depreciation And Amortization In Income Statement": 73000.0,
        "Amortization": 73000.0,
        "Amortization Of Intangibles Income Statement": 73000.0,
        "Selling General And Administration": 4482000.0,
        "Selling And Marketing Expense": 50000.0,
        "General And Administrative Expense": 4482000.0,
        "Other Gand A": 430000.0,
        "Insurance And Claims": 292000.0,
        "Salaries And Wages": 4052000.0,
        "Total Revenue": 9682000.0,
        "Operating Revenue": 9682000.0
    },
    "2022-03-31": {
        "Diluted EPS": 0.2,
        "Total Revenue": 10,
        "Gross Profit": 10,
        "Operating Income": 2,
        "EBIT": NaN,
        "Net Income": 1
    },
    "2021-12-31": {
        "Diluted EPS": 0.25,
        "Total Revenue": 11,
        "Gross Profit": 10,
        "Operating Income": 2,
        "EBIT": NaN,
        "Net Income": 2
    },
    "2021-09-30": {
        "Diluted EPS": 0.13,
        "Total Revenue": 11,
        "Gross Profit": 10,
        "Operating Income": 1,
        "EBIT": NaN,
        "Net Income": 1
    },
    "2021-06-30": {
        "Diluted EPS": 0.14,
        "Total Revenue": 11,
        "Gross Profit": 10,
        "Operating Income": 1,
        "EBIT": NaN,
        "Net Income": 1
    },
    "2021-03-31": {
        "Diluted EPS": 0.14,
        "Total Revenue": 11,
        "Gross Profit": 10,
        "Operating Income": 1,
        "EBIT": NaN,
        "Net Income": 1
    },
    "2020-12-31": {
        "Diluted EPS": 0.15,
        "Total Revenue": 11,
        "Gross Profit": 10,
        "Operating Income": 1,
        "EBIT": NaN,
        "Net Income": 1
    },
    "2020-09-30": {
        "Diluted EPS": 0.06,
        "Total Revenue": 11,
        "Gross Profit": 10,
        "Operating Income": 1,
        "EBIT": NaN,
        "Net Income": 0
    },
    "2020-06-30": {
        "Diluted EPS": 0.06,
        "Total Revenue": 11,
        "Gross Profit": 10,
        "Operating Income": 1,
        "EBIT": NaN,
        "Net Income": 0
    },
    "2020-03-31": {
        "Diluted EPS": 0.13,
        "Total Revenue": 12,
        "Gross Profit": 10,
        "Operating Income": 1,
        "EBIT": NaN,
        "Net Income": 1
    },
    "2019-12-31": {
        "Diluted EPS": 0.18,
        "Total Revenue": 12,
        "Gross Profit": 11,
        "Operating Income": 2,
        "EBIT": NaN,
        "Net Income": 1
    },
    "2019-09-30": {
        "Diluted EPS": 0.16,
        "Total Revenue": 12,
        "Gross Profit": 11,
        "Operating Income": 1,
        "EBIT": NaN,
        "Net Income": 1
    },
    "2019-06-30": {
        "Diluted EPS": 0.15,
        "Total Revenue": 12,
        "Gross Profit": 11,
        "Operating Income": 1,
        "EBIT": NaN,
        "Net Income": 1
    },
    "2019-03-31": {
        "Diluted EPS": 0.18,
        "Total Revenue": 12,
        "Gross Profit": 10,
        "Operating Income": 2,
        "EBIT": NaN,
        "Net Income": 1
    },
    "2018-12-31": {
        "Diluted EPS": 0.22,
        "Total Revenue": 12,
        "Gross Profit": 11,
        "Operating Income": 2,
        "EBIT": NaN,
        "Net Income": 1
    },
    "2018-09-30": {
        "Diluted EPS": 0.03,
        "Total Revenue": 12,
        "Gross Profit": 10,
        "Operating Income": 2,
        "EBIT": NaN,
        "Net Income": 0
    },
    "2018-06-30": {
        "Diluted EPS": 0.06,
        "Total Revenue": 10,
        "Gross Profit": 9,
        "Operating Income": 0,
        "EBIT": NaN,
        "Net Income": 0
    },
    "2018-03-31": {
        "Diluted EPS": 0.06,
        "Total Revenue": 9,
        "Gross Profit": 8,
        "Operating Income": 0,
        "EBIT": NaN,
        "Net Income": 0
    },
    "2017-12-31": {
        "Diluted EPS": -0.29,
        "Total Revenue": 9,
        "Gross Profit": 9,
        "Operating Income": 1,
        "EBIT": NaN,
        "Net Income": -2
    },
    "2017-09-30": {
        "Diluted EPS": 0.1,
        "Total Revenue": 9,
        "Gross Profit": 8,
        "Operating Income": 1,
        "EBIT": NaN,
        "Net Income": 1
    },
    "2017-06-30": {
        "Diluted EPS": 0.06,
        "Total Revenue": 9,
        "Gross Profit": 8,
        "Operating Income": 1,
        "EBIT": NaN,
        "Net Income": 0
    },
    "2017-03-31": {
        "Diluted EPS": 0.06,
        "Total Revenue": 9,
        "Gross Profit": 8,
        "Operating Income": 1,
        "EBIT": NaN,
        "Net Income": 0
    },
    "2016-12-31": {
        "Diluted EPS": -0.02,
        "Total Revenue": 9,
        "Gross Profit": 8,
        "Operating Income": 0,
        "EBIT": NaN,
        "Net Income": 0
    },
    "2016-09-30": {
        "Diluted EPS": 0.09,
        "Total Revenue": 9,
        "Gross Profit": 9,
        "Operating Income": 1,
        "EBIT": NaN,
        "Net Income": 1
    },
    "2016-06-30": {
        "Diluted EPS": 0.07,
        "Total Revenue": 9,
        "Gross Profit": 8,
        "Operating Income": 1,
        "EBIT": NaN,
        "Net Income": 0
    },
    "2016-03-31": {
        "Diluted EPS": 0.05,
        "Total Revenue": 8,
        "Gross Profit": 8,
        "Operating Income": 0,
        "EBIT": NaN,
        "Net Income": 0
    },
    "2015-12-31": {
        "Diluted EPS": 0.07,
        "Total Revenue": 9,
        "Gross Profit": 8,
        "Operating Income": 2,
        "EBIT": NaN,
        "Net Income": 0
    },
    "2015-09-30": {
        "Diluted EPS": 0.09,
        "Total Revenue": 8,
        "Gross Profit": 8,
        "Operating Income": 1,
        "EBIT": NaN,
        "Net Income": 1
    },
    "2015-06-30": {
        "Diluted EPS": 0.12,
        "Total Revenue": 9,
        "Gross Profit": 8,
        "Operating Income": 1,
        "EBIT": NaN,
        "Net Income": 1
    },
    "2015-03-31": {
        "Diluted EPS": 0.13,
        "Total Revenue": 9,
        "Gross Profit": 8,
        "Operating Income": 1,
        "EBIT": NaN,
        "Net Income": 1
    },
    "2014-12-31": {
        "Diluted EPS": 0.11,
        "Total Revenue": 9,
        "Gross Profit": 8,
        "Operating Income": 2,
        "EBIT": NaN,
        "Net Income": 1
    },
    "2014-09-30": {
        "Diluted EPS": 0.13,
        "Total Revenue": 9,
        "Gross Profit": 8,
        "Operating Income": 1,
        "EBIT": NaN,
        "Net Income": 1
    },
    "2014-06-30": {
        "Diluted EPS": 0.2,
        "Total Revenue": 9,
        "Gross Profit": 9,
        "Operating Income": 2,
        "EBIT": NaN,
        "Net Income": 1
    },
    "2014-03-31": {
        "Diluted EPS": 0.13,
        "Total Revenue": 9,
        "Gross Profit": 8,
        "Operating Income": 1,
        "EBIT": NaN,
        "Net Income": 1
    },
    "2013-12-31": {
        "Diluted EPS": 0.15,
        "Total Revenue": 9,
        "Gross Profit": 8,
        "Operating Income": 1,
        "EBIT": NaN,
        "Net Income": 1
    },
    "2013-09-30": {
        "Diluted EPS": 0.15,
        "Total Revenue": 10,
        "Gross Profit": 9,
        "Operating Income": 1,
        "EBIT": NaN,
        "Net Income": 1
    },
    "2013-06-30": {
        "Diluted EPS": 0.2,
        "Total Revenue": 10,
        "Gross Profit": 9,
        "Operating Income": 2,
        "EBIT": NaN,
        "Net Income": 1
    },
    "2013-03-31": {
        "Diluted EPS": 0.15,
        "Total Revenue": 10,
        "Gross Profit": 9,
        "Operating Income": 1,
        "EBIT": NaN,
        "Net Income": 1
    },
    "2012-12-31": {
        "Diluted EPS": 0.14,
        "Total Revenue": 11,
        "Gross Profit": 10,
        "Operating Income": -2,
        "EBIT": NaN,
        "Net Income": 1
    },
    "2012-09-30": {
        "Diluted EPS": 0.2,
        "Total Revenue": 11,
        "Gross Profit": 10,
        "Operating Income": 2,
        "EBIT": NaN,
        "Net Income": 1
    },
    "2012-06-30": {
        "Diluted EPS": 0.23,
        "Total Revenue": 11,
        "Gross Profit": 10,
        "Operating Income": 2,
        "EBIT": NaN,
        "Net Income": 1
    },
    "2012-03-31": {
        "Diluted EPS": -0.21,
        "Total Revenue": 11,
        "Gross Profit": 10,
        "Operating Income": 1,
        "EBIT": NaN,
        "Net Income": -1
    },
    "2011-12-31": {
        "Diluted EPS": -1.58,
        "Total Revenue": 14,
        "Gross Profit": 13,
        "Operating Income": -8,
        "EBIT": NaN,
        "Net Income": -9
    },
    "2011-09-30": {
        "Diluted EPS": -0.22,
        "Total Revenue": 12,
        "Gross Profit": 11,
        "Operating Income": 1,
        "EBIT": NaN,
        "Net Income": -1
    },
    "2011-06-30": {
        "Diluted EPS": 0.15,
        "Total Revenue": 13,
        "Gross Profit": 11,
        "Operating Income": 2,
        "EBIT": NaN,
        "Net Income": 1
    },
    "2011-03-31": {
        "Diluted EPS": 0.14,
        "Total Revenue": 12,
        "Gross Profit": 10,
        "Operating Income": 2,
        "EBIT": NaN,
        "Net Income": 1
    },
    "2010-12-31": {
        "Diluted EPS": -0.2,
        "Total Revenue": 10,
        "Gross Profit": 8,
        "Operating Income": -26,
        "EBIT": NaN,
        "Net Income": -1
    },
    "2010-09-30": {
        "Diluted EPS": 0.06,
        "Total Revenue": 13,
        "Gross Profit": 11,
        "Operating Income": 2,
        "EBIT": NaN,
        "Net Income": 0
    },
    "2010-06-30": {
        "Diluted EPS": -0.06,
        "Total Revenue": 13,
        "Gross Profit": 10,
        "Operating Income": -1,
        "EBIT": NaN,
        "Net Income": 0
    },
    "2010-03-31": {
        "Diluted EPS": 0.55,
        "Total Revenue": 17,
        "Gross Profit": 14,
        "Operating Income": 5,
        "EBIT": NaN,
        "Net Income": 3
    },
    "2009-12-31": {
        "Diluted EPS": -0.07,
        "Total Revenue": 13,
        "Gross Profit": 10,
        "Operating Income": -2,
        "EBIT": NaN,
        "Net Income": 0
    },
    "2009-09-30": {
        "Diluted EPS": 0.17,
        "Total Revenue": 13,
        "Gross Profit": 10,
        "Operating Income": 1,
        "EBIT": NaN,
        "Net Income": 1
    },
    "2009-06-30": {
        "Diluted EPS": 0.48,
        "Total Revenue": 16,
        "Gross Profit": 12,
        "Operating Income": 4,
        "EBIT": NaN,
        "Net Income": 3
    },
    "2009-03-31": {
        "Diluted EPS": 0.21,
        "Total Revenue": 13,
        "Gross Profit": 10,
        "Operating Income": 2,
        "EBIT": NaN,
        "Net Income": 1
    },
    "2023-09-30": {
        "Tax Effect Of Unusual Items": 4498.402556,
        "Tax Rate For Calcs": 0.249911,
        "Total Unusual Items": 18000.0,
        "Total Unusual Items Excluding Goodwill": 18000.0,
        "Net Income From Continuing Operation Net Minority Interest": 2113000.0,
        "Reconciled Depreciation": 425000.0,
        "Net Interest Income": 9483000.0,
        "Interest Expense": 4419000.0,
        "Interest Income": 13902000.0,
        "Normalized Income": 2099498.402556,
        "Net Income From Continuing And Discontinued Operation": 2113000.0,
        "Diluted Average Shares": 6403030.0,
        "Basic Average Shares": 6037143.0,
        "Diluted EPS": 0.33,
        "Basic EPS": 0.35,
        "Diluted NI Availto Com Stockholders": 2113000.0,
        "Net Income Common Stockholders": 2113000.0,
        "Net Income": 2113000.0,
        "Net Income Including Noncontrolling Interests": 2113000.0,
        "Net Income Continuous Operations": 2113000.0,
        "Tax Provision": 704000.0,
        "Pretax Income": 2817000.0,
        "Special Income Charges": 18000.0,
        "Other Special Charges": -18000.0,
        "Depreciation Amortization Depletion Income Statement": 86000.0,
        "Depreciation And Amortization In Income Statement": 86000.0,
        "Amortization": 86000.0,
        "Amortization Of Intangibles Income Statement": 86000.0,
        "Selling General And Administration": 4637000.0,
        "General And Administrative Expense": 4637000.0,
        "Insurance And Claims": 423000.0,
        "Salaries And Wages": 4214000.0,
        "Total Revenue": 10302000.0,
        "Operating Revenue": 10302000.0,
        "Occupancy And Equipment": 897000.0,
        "Professional Expense And Contract Services Expense": 331000.0,
        "Other Non Interest Expense": 1368000.0
    },
    "2023-12-31": {
        "Tax Effect Of Unusual Items": -255.639098,
        "Tax Rate For Calcs": 0.255639,
        "Total Unusual Items": -1000.0,
        "Total Unusual Items Excluding Goodwill": -1000.0,
        "Net Income From Continuing Operation Net Minority Interest": 2277000.0,
        "Reconciled Depreciation": 437000.0,
        "Net Interest Income": 9110000.0,
        "Interest Expense": 4835000.0,
        "Interest Income": 13945000.0,
        "Normalized Income": 2277744.360902,
        "Net Income From Continuing And Discontinued Operation": 2277000.0,
        "Diluted Average Shares": 6325000.0,
        "Basic Average Shares": 5992105.0,
        "Diluted EPS": 0.36,
        "Basic EPS": 0.38,
        "Diluted NI Availto Com Stockholders": 2277000.0,
        "Net Income Common Stockholders": 2277000.0,
        "Net Income": 2277000.0,
        "Net Income Including Noncontrolling Interests": 2277000.0,
        "Net Income Continuous Operations": 2277000.0,
        "Tax Provision": 782000.0,
        "Pretax Income": 3059000.0,
        "Special Income Charges": -1000.0,
        "Other Special Charges": 1000.0,
        "Depreciation Amortization Depletion Income Statement": 99000.0,
        "Depreciation And Amortization In Income Statement": 99000.0,
        "Amortization": 99000.0,
        "Amortization Of Intangibles Income Statement": 99000.0,
        "Selling General And Administration": 4380000.0,
        "General And Administrative Expense": 4380000.0,
        "Insurance And Claims": 427000.0,
        "Salaries And Wages": 3953000.0,
        "Total Revenue": 10027000.0,
        "Operating Revenue": 10027000.0,
        "Occupancy And Equipment": 854000.0,
        "Professional Expense And Contract Services Expense": 370000.0,
        "Other Non Interest Expense": 1698000.0
    },
    "2024-03-31": {
        "Tax Effect Of Unusual Items": 0.0,
        "Tax Rate For Calcs": 0.236,
        "Total Unusual Items": NaN,
        "Total Unusual Items Excluding Goodwill": NaN,
        "Net Income From Continuing Operation Net Minority Interest": 2107000.0,
        "Reconciled Depreciation": 428000.0,
        "Net Interest Income": 9040000.0,
        "Interest Expense": 5237000.0,
        "Interest Income": 14277000.0,
        "Normalized Income": 2107000.0,
        "Net Income From Continuing And Discontinued Operation": 2107000.0,
        "Diluted Average Shares": 6277131.0,
        "Basic Average Shares": 5874481.0,
        "Diluted EPS": 0.34,
        "Basic EPS": 0.36,
        "Diluted NI Availto Com Stockholders": 2107000.0,
        "Net Income Common Stockholders": 2107000.0,
        "Net Income": 2107000.0,
        "Net Income Including Noncontrolling Interests": 2107000.0,
        "Net Income Continuous Operations": 2107000.0,
        "Tax Provision": 651000.0,
        "Pretax Income": 2758000.0,
        "Special Income Charges": NaN,
        "Other Special Charges": NaN,
        "Depreciation Amortization Depletion Income Statement": 90000.0,
        "Depreciation And Amortization In Income Statement": 90000.0,
        "Amortization": 90000.0,
        "Amortization Of Intangibles Income Statement": 90000.0,
        "Selling General And Administration": 4575000.0,
        "General And Administrative Expense": 4575000.0,
        "Insurance And Claims": 391000.0,
        "Salaries And Wages": 4184000.0,
        "Total Revenue": 9905000.0,
        "Operating Revenue": 9905000.0,
        "Occupancy And Equipment": 894000.0,
        "Professional Expense And Contract Services Expense": 341000.0,
        "Other Non Interest Expense": 1247000.0
    },
    "2024-06-30": {
        "Tax Effect Of Unusual Items": 0.0,
        "Tax Rate For Calcs": 0.223439,
        "Total Unusual Items": NaN,
        "Total Unusual Items Excluding Goodwill": NaN,
        "Net Income From Continuing Operation Net Minority Interest": 2127000.0,
        "Reconciled Depreciation": 422000.0,
        "Net Interest Income": 9176000.0,
        "Interest Expense": 5370000.0,
        "Interest Income": 14546000.0,
        "Normalized Income": 2127000.0,
        "Net Income From Continuing And Discontinued Operation": 2127000.0,
        "Diluted Average Shares": 6208407.0,
        "Basic Average Shares": 5880707.0,
        "Diluted EPS": 0.34,
        "Basic EPS": 0.36,
        "Diluted NI Availto Com Stockholders": 2127000.0,
        "Net Income Common Stockholders": 2127000.0,
        "Net Income": 2127000.0,
        "Net Income Including Noncontrolling Interests": 2127000.0,
        "Net Income Continuous Operations": 2127000.0,
        "Tax Provision": 612000.0,
        "Pretax Income": 2739000.0,
        "Special Income Charges": NaN,
        "Other Special Charges": NaN,
        "Depreciation Amortization Depletion Income Statement": 87000.0,
        "Depreciation And Amortization In Income Statement": 87000.0,
        "Amortization": 87000.0,
        "Amortization Of Intangibles Income Statement": 87000.0,
        "Selling General And Administration": 4389000.0,
        "General And Administrative Expense": 4389000.0,
        "Insurance And Claims": 414000.0,
        "Salaries And Wages": 3975000.0,
        "Total Revenue": 10011000.0,
        "Operating Revenue": 10011000.0,
        "Occupancy And Equipment": 954000.0,
        "Professional Expense And Contract Services Expense": 364000.0,
        "Other Non Interest Expense": 1478000.0
    }
}