{
    "2023-03-31": {
        "Tax Effect Of Unusual Items": 0.0,
        "Tax Rate For Calcs": 0.144357,
        "Normalized EBITDA": 1404973000.0,
        "Net Income From Continuing Operation Net Minority Interest": 1192043000.0,
        "Reconciled Depreciation": NaN,
        "Reconciled Cost Of Revenue": 290810000.0,
        "EBITDA": 1404973000.0,
        "EBIT": 1404973000.0,
        "Net Interest Income": 1163420000.0,
        "Interest Expense": 130840000.0,
        "Interest Income": 1294260000.0,
        "Normalized Income": 1192043000.0,
        "Net Income From Continuing And Discontinued Operation": 1192043000.0,
        "Total Expenses": 1094880000.0,
        "Diluted Average Shares": 141192374.0,
        "Basic Average Shares": 139595937.0,
        "Diluted EPS": 8.48,
        "Basic EPS": 8.56,
        "Diluted NI Availto Com Stockholders": 1192043000.0,
        "Net Income Common Stockholders": 1192043000.0,
        "Net Income": 1192043000.0,
        "Minority Interests": 198000.0,
        "Net Income Including Noncontrolling Interests": 1191845000.0,
        "Net Income Continuous Operations": 1191845000.0,
        "Earnings From Equity Interest Net Of Tax": -3695000.0,
        "Tax Provision": 201701000.0,
        "Pretax Income": 1397241000.0,
        "Other Income Expense": -7732000.0,
        "Other Non Operating Income Expenses": -7732000.0,
        "Operating Income": 1404973000.0,
        "Operating Expense": 804070000.0,
        "Research And Development": 354899000.0,
        "Selling General And Administration": 449171000.0,
        "Selling And Marketing Expense": 141278000.0,
        "General And Administrative Expense": 307893000.0,
        "Other Gand A": 307893000.0,
        "Gross Profit": 2209043000.0,
        "Cost Of Revenue": 290810000.0,
        "Total Revenue": 2499853000.0,
        "Operating Revenue": 2499853000.0
    },
    "2022-12-31": {
        "Tax Effect Of Unusual Items": NaN,
        "Tax Rate For Calcs": NaN,
        "Normalized EBITDA": NaN,
        "Net Income From Continuing Operation Net Minority Interest": NaN,
        "Reconciled Depreciation": 42669000.0,
        "Reconciled Cost Of Revenue": NaN,
        "EBITDA": NaN,
        "EBIT": NaN,
        "Net Interest Income": 955865000.0,
        "Interest Expense": 181978000.0,
        "Interest Income": 1137843000.0,
        "Normalized Income": NaN,
        "Net Income From Continuing And Discontinued Operation": NaN,
        "Total Expenses": NaN,
        "Diluted Average Shares": NaN,
        "Basic Average Shares": NaN,
        "Diluted EPS": NaN,
        "Basic EPS": NaN,
        "Diluted NI Availto Com Stockholders": NaN,
        "Net Income Common Stockholders": NaN,
        "Net Income": NaN,
        "Minority Interests": NaN,
        "Net Income Including Noncontrolling Interests": NaN,
        "Net Income Continuous Operations": NaN,
        "Earnings From Equity Interest Net Of Tax": NaN,
        "Tax Provision": NaN,
        "Pretax Income": NaN,
        "Other Income Expense": NaN,
        "Other Non Operating Income Expenses": NaN,
        "Operating Income": NaN,
        "Operating Expense": NaN,
        "Research And Development": NaN,
        "Selling General And Administration": NaN,
        "Selling And Marketing Expense": NaN,
        "General And Administrative Expense": NaN,
        "Other Gand A": NaN,
        "Gross Profit": NaN,
        "Cost Of Revenue": NaN,
        "Total Revenue": NaN,
        "Operating Revenue": NaN
    },
    "2022-09-30": {
        "Tax Effect Of Unusual Items": NaN,
        "Tax Rate For Calcs": NaN,
        "Normalized EBITDA": NaN,
        "Net Income From Continuing Operation Net Minority Interest": NaN,
        "Reconciled Depreciation": 31493000.0,
        "Reconciled Cost Of Revenue": NaN,
        "EBITDA": NaN,
        "EBIT": NaN,
        "Net Interest Income": 836125000.0,
        "Interest Expense": 44698000.0,
        "Interest Income": 880823000.0,
        "Normalized Income": NaN,
        "Net Income From Continuing And Discontinued Operation": NaN,
        "Total Expenses": NaN,
        "Diluted Average Shares": NaN,
        "Basic Average Shares": NaN,
        "Diluted EPS": NaN,
        "Basic EPS": NaN,
        "Diluted NI Availto Com Stockholders": NaN,
        "Net Income Common Stockholders": NaN,
        "Net Income": NaN,
        "Minority Interests": NaN,
        "Net Income Including Noncontrolling Interests": NaN,
        "Net Income Continuous Operations": NaN,
        "Earnings From Equity Interest Net Of Tax": NaN,
        "Tax Provision": NaN,
        "Pretax Income": NaN,
        "Other Income Expense": NaN,
        "Other Non Operating Income Expenses": NaN,
        "Operating Income": NaN,
        "Operating Expense": NaN,
        "Research And Development": NaN,
        "Selling General And Administration": NaN,
        "Selling And Marketing Expense": NaN,
        "General And Administrative Expense": NaN,
        "Other Gand A": NaN,
        "Gross Profit": NaN,
        "Cost Of Revenue": NaN,
        "Total Revenue": NaN,
        "Operating Revenue": NaN
    },
    "2022-06-30": {
        "Tax Effect Of Unusual Items": 0.0,
        "Tax Rate For Calcs": 0.097889,
        "Net Income From Continuing Operation Net Minority Interest": 641685000.0,
        "Reconciled Depreciation": NaN,
        "Net Interest Income": 593837000.0,
        "Interest Expense": 26602000.0,
        "Interest Income": 620439000.0,
        "Normalized Income": 641685000.0,
        "Net Income From Continuing And Discontinued Operation": 641685000.0,
        "Diluted Average Shares": 143674868.0,
        "Basic Average Shares": 142427361.0,
        "Diluted EPS": 4.48,
        "Basic EPS": 4.48,
        "Diluted NI Availto Com Stockholders": 641685000.0,
        "Net Income Common Stockholders": 641685000.0,
        "Net Income": 641685000.0,
        "Minority Interests": NaN,
        "Net Income Including Noncontrolling Interests": 641685000.0,
        "Net Income Continuous Operations": 641685000.0,
        "Earnings From Equity Interest Net Of Tax": -9398000.0,
        "Tax Provision": 70650000.0,
        "Pretax Income": 721733000.0,
        "Other Non Operating Income Expenses": -95494000.0,
        "Selling General And Administration": 429880000.0,
        "Selling And Marketing Expense": 219090000.0,
        "General And Administrative Expense": 210790000.0,
        "Other Gand A": 210790000.0,
        "Total Revenue": 1538832000.0,
        "Operating Revenue": 1538832000.0
    },
    "2022-03-31": {
        "Diluted EPS": 0.49,
        "Total Revenue": 210,
        "Gross Profit": 180,
        "Operating Income": 85,
        "EBIT": 85,
        "Net Income": 73
    },
    "2021-12-31": {
        "Diluted EPS": 0.38,
        "Total Revenue": 203,
        "Gross Profit": 176,
        "Operating Income": 71,
        "EBIT": 71,
        "Net Income": 63
    },
    "2021-09-30": {
        "Diluted EPS": 0.5,
        "Total Revenue": 222,
        "Gross Profit": 188,
        "Operating Income": 90,
        "EBIT": 90,
        "Net Income": 79
    },
    "2021-06-30": {
        "Diluted EPS": 0.45,
        "Total Revenue": 203,
        "Gross Profit": 167,
        "Operating Income": 84,
        "EBIT": 84,
        "Net Income": 69
    },
    "2021-03-31": {
        "Diluted EPS": 1.03,
        "Total Revenue": 284,
        "Gross Profit": 227,
        "Operating Income": 164,
        "EBIT": 164,
        "Net Income": 149
    },
    "2020-12-31": {
        "Diluted EPS": 0.49,
        "Total Revenue": 153,
        "Gross Profit": 153,
        "Operating Income": 153,
        "EBIT": 153,
        "Net Income": 69
    },
    "2020-09-30": {
        "Diluted EPS": 0.39,
        "Total Revenue": 122,
        "Gross Profit": 122,
        "Operating Income": 122,
        "EBIT": 122,
        "Net Income": 52
    },
    "2020-06-30": {
        "Diluted EPS": 0.24,
        "Total Revenue": 89,
        "Gross Profit": 89,
        "Operating Income": 89,
        "EBIT": 89,
        "Net Income": 31
    },
    "2020-03-31": {
        "Diluted EPS": 0.16,
        "Total Revenue": 63,
        "Gross Profit": 63,
        "Operating Income": 63,
        "EBIT": 63,
        "Net Income": 20
    },
    "2019-12-31": {
        "Diluted EPS": 0.05,
        "Total Revenue": 40,
        "Gross Profit": 40,
        "Operating Income": 40,
        "EBIT": 40,
        "Net Income": 6
    },
    "2019-09-30": {
        "Diluted EPS": 0.02,
        "Total Revenue": 32,
        "Gross Profit": 32,
        "Operating Income": 32,
        "EBIT": 32,
        "Net Income": 3
    },
    "2019-06-30": {
        "Diluted EPS": 0.06,
        "Total Revenue": 33,
        "Gross Profit": 33,
        "Operating Income": 33,
        "EBIT": 33,
        "Net Income": 7
    },
    "2019-03-31": {
        "Diluted EPS": 0.07,
        "Total Revenue": 30,
        "Gross Profit": 30,
        "Operating Income": 30,
        "EBIT": 30,
        "Net Income": 6
    },
    "2023-06-30": {
        "Tax Effect Of Unusual Items": 0.0,
        "Tax Rate For Calcs": 0.157109,
        "Normalized EBITDA": 1258563000.0,
        "Net Income From Continuing Operation Net Minority Interest": 1119741000.0,
        "Reconciled Depreciation": NaN,
        "Reconciled Cost Of Revenue": 374534000.0,
        "EBITDA": 1258563000.0,
        "EBIT": 1258563000.0,
        "Net Interest Income": 1185330000.0,
        "Interest Expense": 220386000.0,
        "Interest Income": 1405716000.0,
        "Normalized Income": 1119741000.0,
        "Net Income From Continuing And Discontinued Operation": 1119741000.0,
        "Total Expenses": 1226325000.0,
        "Diluted Average Shares": 140091780.0,
        "Basic Average Shares": 138764104.0,
        "Diluted EPS": 8.0,
        "Basic EPS": 8.08,
        "Diluted NI Availto Com Stockholders": 1119741000.0,
        "Net Income Common Stockholders": 1119741000.0,
        "Net Income": 1119741000.0,
        "Minority Interests": 180000.0,
        "Net Income Including Noncontrolling Interests": 1119561000.0,
        "Net Income Continuous Operations": 1119561000.0,
        "Earnings From Equity Interest Net Of Tax": -4228000.0,
        "Tax Provision": 209467000.0,
        "Pretax Income": 1333256000.0,
        "Other Income Expense": 74693000.0,
        "Other Non Operating Income Expenses": 74693000.0,
        "Operating Income": 1258563000.0,
        "Operating Expense": 851791000.0,
        "Research And Development": 363348000.0,
        "Selling General And Administration": 488443000.0,
        "Selling And Marketing Expense": 174925000.0,
        "General And Administrative Expense": 313518000.0,
        "Other Gand A": 313518000.0,
        "Gross Profit": 2110354000.0,
        "Cost Of Revenue": 374534000.0,
        "Total Revenue": 2484888000.0,
        "Operating Revenue": 2484888000.0
    },
    "2023-09-30": {
        "Tax Effect Of Unusual Items": 0.0,
        "Tax Rate For Calcs": 0.162268,
        "Normalized EBITDA": 1320164000.0,
        "Net Income From Continuing Operation Net Minority Interest": 1091465000.0,
        "Reconciled Depreciation": NaN,
        "Reconciled Cost Of Revenue": 437397000.0,
        "EBITDA": 1320164000.0,
        "EBIT": 1320164000.0,
        "Net Interest Income": NaN,
        "Interest Expense": NaN,
        "Interest Income": NaN,
        "Normalized Income": 1091465000.0,
        "Net Income From Continuing And Discontinued Operation": 1091465000.0,
        "Total Expenses": 1330251000.0,
        "Diluted Average Shares": 138917128.0,
        "Basic Average Shares": 136984602.0,
        "Diluted EPS": 7.84,
        "Basic EPS": 8.0,
        "Diluted NI Availto Com Stockholders": 1091465000.0,
        "Net Income Common Stockholders": 1091465000.0,
        "Net Income": 1091465000.0,
        "Minority Interests": 308000.0,
        "Net Income Including Noncontrolling Interests": 1091157000.0,
        "Net Income Continuous Operations": 1091157000.0,
        "Earnings From Equity Interest Net Of Tax": -738000.0,
        "Tax Provision": 211499000.0,
        "Pretax Income": 1303394000.0,
        "Other Income Expense": -16770000.0,
        "Other Non Operating Income Expenses": -16770000.0,
        "Operating Income": 1320164000.0,
        "Operating Expense": 892854000.0,
        "Research And Development": 359514000.0,
        "Selling General And Administration": 533340000.0,
        "Selling And Marketing Expense": 211684000.0,
        "General And Administrative Expense": 321656000.0,
        "Other Gand A": 321656000.0,
        "Gross Profit": 2213018000.0,
        "Cost Of Revenue": 437397000.0,
        "Total Revenue": 2650415000.0,
        "Operating Revenue": 2650415000.0
    },
    "2023-12-31": {
        "Tax Effect Of Unusual Items": 0.0,
        "Tax Rate For Calcs": 0.124933,
        "Normalized EBITDA": 1023783000.0,
        "Net Income From Continuing Operation Net Minority Interest": 878225000.0,
        "Reconciled Depreciation": NaN,
        "Reconciled Cost Of Revenue": 433489000.0,
        "EBITDA": 1023783000.0,
        "EBIT": 1023783000.0,
        "Net Interest Income": NaN,
        "Interest Expense": NaN,
        "Interest Income": NaN,
        "Normalized Income": 878225000.0,
        "Net Income From Continuing And Discontinued Operation": 878225000.0,
        "Total Expenses": 1349479000.0,
        "Diluted Average Shares": 139096850.0,
        "Basic Average Shares": 137144396.0,
        "Diluted EPS": 6.32,
        "Basic EPS": 6.4,
        "Diluted NI Availto Com Stockholders": 878225000.0,
        "Net Income Common Stockholders": 878225000.0,
        "Net Income": 878225000.0,
        "Minority Interests": 1839000.0,
        "Net Income Including Noncontrolling Interests": 876386000.0,
        "Net Income Continuous Operations": 876386000.0,
        "Earnings From Equity Interest Net Of Tax": -4836000.0,
        "Tax Provision": 125812000.0,
        "Pretax Income": 1007034000.0,
        "Other Income Expense": -16749000.0,
        "Other Non Operating Income Expenses": -16749000.0,
        "Operating Income": 1023783000.0,
        "Operating Expense": 915990000.0,
        "Research And Development": 363132000.0,
        "Selling General And Administration": 552858000.0,
        "Selling And Marketing Expense": 182461000.0,
        "General And Administrative Expense": 370397000.0,
        "Other Gand A": 370397000.0,
        "Gross Profit": 1939773000.0,
        "Cost Of Revenue": 433489000.0,
        "Total Revenue": 2373262000.0,
        "Operating Revenue": 2328173000.0
    },
    "2024-03-31": {
        "Tax Effect Of Unusual Items": 0.0,
        "Tax Rate For Calcs": 0.15161,
        "Normalized EBITDA": 1192727000.0,
        "Net Income From Continuing Operation Net Minority Interest": 1038138000.0,
        "Reconciled Depreciation": NaN,
        "Reconciled Cost Of Revenue": 470246000.0,
        "EBITDA": 1192727000.0,
        "EBIT": 1192727000.0,
        "Net Interest Income": NaN,
        "Interest Expense": NaN,
        "Interest Income": NaN,
        "Normalized Income": 1038138000.0,
        "Net Income From Continuing And Discontinued Operation": 1038138000.0,
        "Total Expenses": 1399732000.0,
        "Diluted Average Shares": 139303678.0,
        "Basic Average Shares": 137866222.0,
        "Diluted EPS": 7.44,
        "Basic EPS": 7.52,
        "Diluted NI Availto Com Stockholders": 1038138000.0,
        "Net Income Common Stockholders": 1038138000.0,
        "Net Income": 1038138000.0,
        "Minority Interests": 3005000.0,
        "Net Income Including Noncontrolling Interests": 1035133000.0,
        "Net Income Continuous Operations": 1035133000.0,
        "Earnings From Equity Interest Net Of Tax": -3694000.0,
        "Tax Provision": 185641000.0,
        "Pretax Income": 1224468000.0,
        "Other Income Expense": 31741000.0,
        "Other Non Operating Income Expenses": 31741000.0,
        "Operating Income": 1192727000.0,
        "Operating Expense": 929486000.0,
        "Research And Development": 335487000.0,
        "Selling General And Administration": 593999000.0,
        "Selling And Marketing Expense": 292664000.0,
        "General And Administrative Expense": 301335000.0,
        "Other Gand A": 301335000.0,
        "Gross Profit": 2122213000.0,
        "Cost Of Revenue": 470246000.0,
        "Total Revenue": 2592459000.0,
        "Operating Revenue": 2592459000.0
    }
}