{
    "2023-06-30": {
        "Tax Effect Of Unusual Items": 0.0,
        "Tax Rate For Calcs": 0.224,
        "Total Unusual Items": 0.0,
        "Total Unusual Items Excluding Goodwill": 0.0,
        "Net Income From Continuing Operation Net Minority Interest": 4233000.0,
        "Reconciled Depreciation": 154000.0,
        "Net Interest Income": 14263000.0,
        "Interest Expense": 12815000.0,
        "Interest Income": 27078000.0,
        "Normalized Income": 4233000.0,
        "Net Income From Continuing And Discontinued Operation": 4233000.0,
        "Diluted Average Shares": 18059000.0,
        "Basic Average Shares": 17711000.0,
        "Diluted EPS": 0.23,
        "Basic EPS": 0.24,
        "Diluted NI Availto Com Stockholders": 4233000.0,
        "Net Income Common Stockholders": 4233000.0,
        "Net Income": 4233000.0,
        "Net Income Including Noncontrolling Interests": 4233000.0,
        "Net Income Continuous Operations": 4233000.0,
        "Tax Provision": 1225000.0,
        "Pretax Income": 5458000.0,
        "Special Income Charges": 0.0,
        "Restructuring And Mergern Acquisition": 0.0,
        "Gain On Sale Of Security": 0.0,
        "Depreciation Amortization Depletion Income Statement": 52000.0,
        "Depreciation And Amortization In Income Statement": 52000.0,
        "Amortization": 52000.0,
        "Amortization Of Intangibles Income Statement": 52000.0,
        "Selling General And Administration": 5835000.0,
        "Selling And Marketing Expense": 206000.0,
        "General And Administrative Expense": 5629000.0,
        "Insurance And Claims": 357000.0,
        "Salaries And Wages": 5272000.0,
        "Total Revenue": 14676000.0,
        "Operating Revenue": 14676000.0,
        "Occupancy And Equipment": 610000.0,
        "Professional Expense And Contract Services Expense": 247000.0,
        "Other Non Interest Expense": 1876000.0
    },
    "2023-03-31": {
        "Tax Effect Of Unusual Items": 0.0,
        "Tax Rate For Calcs": 0.21,
        "Total Unusual Items": 0.0,
        "Total Unusual Items Excluding Goodwill": 0.0,
        "Net Income From Continuing Operation Net Minority Interest": 621000.0,
        "Reconciled Depreciation": 160000.0,
        "Net Interest Income": 13767000.0,
        "Interest Expense": 11320000.0,
        "Interest Income": 25087000.0,
        "Normalized Income": 621000.0,
        "Net Income From Continuing And Discontinued Operation": 621000.0,
        "Diluted Average Shares": 18296000.0,
        "Basic Average Shares": 17578000.0,
        "Diluted EPS": 0.03,
        "Basic EPS": 0.04,
        "Diluted NI Availto Com Stockholders": 621000.0,
        "Net Income Common Stockholders": 621000.0,
        "Net Income": 621000.0,
        "Net Income Including Noncontrolling Interests": 621000.0,
        "Net Income Continuous Operations": 621000.0,
        "Tax Provision": -486000.0,
        "Pretax Income": 135000.0,
        "Special Income Charges": 0.0,
        "Restructuring And Mergern Acquisition": 0.0,
        "Gain On Sale Of Security": -4592000.0,
        "Depreciation Amortization Depletion Income Statement": 55000.0,
        "Depreciation And Amortization In Income Statement": 55000.0,
        "Amortization": 55000.0,
        "Amortization Of Intangibles Income Statement": 55000.0,
        "Selling General And Administration": 5651000.0,
        "Selling And Marketing Expense": 154000.0,
        "General And Administrative Expense": 5497000.0,
        "Insurance And Claims": 302000.0,
        "Salaries And Wages": 5195000.0,
        "Total Revenue": 9627000.0,
        "Operating Revenue": 9627000.0,
        "Occupancy And Equipment": 627000.0,
        "Professional Expense And Contract Services Expense": 184000.0,
        "Other Non Interest Expense": 1931000.0
    },
    "2022-12-31": {
        "Tax Effect Of Unusual Items": NaN,
        "Tax Rate For Calcs": NaN,
        "Total Unusual Items": 0.0,
        "Total Unusual Items Excluding Goodwill": 0.0,
        "Net Income From Continuing Operation Net Minority Interest": NaN,
        "Reconciled Depreciation": NaN,
        "Net Interest Income": NaN,
        "Interest Expense": NaN,
        "Interest Income": NaN,
        "Normalized Income": NaN,
        "Net Income From Continuing And Discontinued Operation": NaN,
        "Diluted Average Shares": NaN,
        "Basic Average Shares": NaN,
        "Diluted EPS": NaN,
        "Basic EPS": NaN,
        "Diluted NI Availto Com Stockholders": NaN,
        "Net Income Common Stockholders": NaN,
        "Net Income": NaN,
        "Net Income Including Noncontrolling Interests": NaN,
        "Net Income Continuous Operations": NaN,
        "Tax Provision": NaN,
        "Pretax Income": NaN,
        "Special Income Charges": 0.0,
        "Restructuring And Mergern Acquisition": 0.0,
        "Gain On Sale Of Security": NaN,
        "Depreciation Amortization Depletion Income Statement": NaN,
        "Depreciation And Amortization In Income Statement": NaN,
        "Amortization": NaN,
        "Amortization Of Intangibles Income Statement": NaN,
        "Selling General And Administration": NaN,
        "Selling And Marketing Expense": NaN,
        "General And Administrative Expense": NaN,
        "Insurance And Claims": NaN,
        "Salaries And Wages": NaN,
        "Total Revenue": NaN,
        "Operating Revenue": NaN,
        "Occupancy And Equipment": NaN,
        "Professional Expense And Contract Services Expense": NaN,
        "Other Non Interest Expense": NaN
    },
    "2022-09-30": {
        "Tax Effect Of Unusual Items": NaN,
        "Tax Rate For Calcs": NaN,
        "Total Unusual Items": NaN,
        "Total Unusual Items Excluding Goodwill": NaN,
        "Net Income From Continuing Operation Net Minority Interest": NaN,
        "Reconciled Depreciation": NaN,
        "Net Interest Income": NaN,
        "Interest Expense": NaN,
        "Interest Income": NaN,
        "Normalized Income": NaN,
        "Net Income From Continuing And Discontinued Operation": NaN,
        "Diluted Average Shares": NaN,
        "Basic Average Shares": NaN,
        "Diluted EPS": NaN,
        "Basic EPS": NaN,
        "Diluted NI Availto Com Stockholders": NaN,
        "Net Income Common Stockholders": NaN,
        "Net Income": NaN,
        "Net Income Including Noncontrolling Interests": NaN,
        "Net Income Continuous Operations": NaN,
        "Tax Provision": NaN,
        "Pretax Income": NaN,
        "Special Income Charges": NaN,
        "Restructuring And Mergern Acquisition": NaN,
        "Gain On Sale Of Security": NaN,
        "Depreciation Amortization Depletion Income Statement": NaN,
        "Depreciation And Amortization In Income Statement": NaN,
        "Amortization": NaN,
        "Amortization Of Intangibles Income Statement": NaN,
        "Selling General And Administration": NaN,
        "Selling And Marketing Expense": 93000.0,
        "General And Administrative Expense": NaN,
        "Other Gand A": 120000.0,
        "Insurance And Claims": NaN,
        "Salaries And Wages": NaN,
        "Total Revenue": NaN,
        "Operating Revenue": NaN
    },
    "2022-06-30": {
        "Tax Effect Of Unusual Items": 0.0,
        "Tax Rate For Calcs": 0.2,
        "Total Unusual Items": 0.0,
        "Total Unusual Items Excluding Goodwill": 0.0,
        "Net Income From Continuing Operation Net Minority Interest": 6425000.0,
        "Reconciled Depreciation": 235000.0,
        "Net Interest Income": 16787000.0,
        "Interest Expense": 2239000.0,
        "Interest Income": 19026000.0,
        "Normalized Income": 6425000.0,
        "Net Income From Continuing And Discontinued Operation": 6425000.0,
        "Diluted Average Shares": 18587000.0,
        "Basic Average Shares": 17462000.0,
        "Diluted EPS": 0.35,
        "Basic EPS": 0.37,
        "Diluted NI Availto Com Stockholders": 6425000.0,
        "Net Income Common Stockholders": 6425000.0,
        "Net Income": 6425000.0,
        "Net Income Including Noncontrolling Interests": 6425000.0,
        "Net Income Continuous Operations": 6425000.0,
        "Tax Provision": 1606000.0,
        "Pretax Income": 8031000.0,
        "Special Income Charges": 0.0,
        "Restructuring And Mergern Acquisition": 0.0,
        "Gain On Sale Of Security": 0.0,
        "Depreciation Amortization Depletion Income Statement": 131000.0,
        "Depreciation And Amortization In Income Statement": 131000.0,
        "Amortization": 131000.0,
        "Amortization Of Intangibles Income Statement": 131000.0,
        "Selling General And Administration": 4914000.0,
        "Selling And Marketing Expense": 89000.0,
        "General And Administrative Expense": 4914000.0,
        "Other Gand A": 550000.0,
        "Insurance And Claims": 180000.0,
        "Salaries And Wages": 4914000.0,
        "Total Revenue": 17430000.0,
        "Operating Revenue": 17430000.0
    },
    "2022-03-31": {
        "Diluted EPS": 0.36,
        "Total Revenue": 19,
        "Gross Profit": 17,
        "Operating Income": 8,
        "EBIT": NaN,
        "Net Income": 7
    },
    "2021-12-31": {
        "Diluted EPS": 0.35,
        "Total Revenue": 19,
        "Gross Profit": 17,
        "Operating Income": 8,
        "EBIT": NaN,
        "Net Income": 7
    },
    "2021-09-30": {
        "Diluted EPS": 0.26,
        "Total Revenue": 18,
        "Gross Profit": 16,
        "Operating Income": 7,
        "EBIT": NaN,
        "Net Income": 5
    },
    "2021-06-30": {
        "Diluted EPS": 0.29,
        "Total Revenue": 17,
        "Gross Profit": 15,
        "Operating Income": 7,
        "EBIT": NaN,
        "Net Income": 5
    },
    "2021-03-31": {
        "Diluted EPS": 0.3,
        "Total Revenue": 18,
        "Gross Profit": 15,
        "Operating Income": 7,
        "EBIT": NaN,
        "Net Income": 6
    },
    "2020-12-31": {
        "Diluted EPS": 0.28,
        "Total Revenue": 18,
        "Gross Profit": 15,
        "Operating Income": 6,
        "EBIT": NaN,
        "Net Income": 5
    },
    "2020-09-30": {
        "Diluted EPS": 0.22,
        "Total Revenue": 18,
        "Gross Profit": 14,
        "Operating Income": 5,
        "EBIT": NaN,
        "Net Income": 4
    },
    "2020-06-30": {
        "Diluted EPS": 0.17,
        "Total Revenue": 17,
        "Gross Profit": 13,
        "Operating Income": 4,
        "EBIT": NaN,
        "Net Income": 3
    },
    "2020-03-31": {
        "Diluted EPS": 0.21,
        "Total Revenue": 18,
        "Gross Profit": 13,
        "Operating Income": 5,
        "EBIT": NaN,
        "Net Income": 4
    },
    "2019-12-31": {
        "Diluted EPS": 0.19,
        "Total Revenue": 17,
        "Gross Profit": 12,
        "Operating Income": 5,
        "EBIT": NaN,
        "Net Income": 4
    },
    "2019-09-30": {
        "Diluted EPS": 0.22,
        "Total Revenue": 18,
        "Gross Profit": 13,
        "Operating Income": 5,
        "EBIT": NaN,
        "Net Income": 4
    },
    "2019-06-30": {
        "Diluted EPS": 0.22,
        "Total Revenue": 18,
        "Gross Profit": 13,
        "Operating Income": 5,
        "EBIT": NaN,
        "Net Income": 4
    },
    "2019-03-31": {
        "Diluted EPS": 0.22,
        "Total Revenue": 17,
        "Gross Profit": 13,
        "Operating Income": 5,
        "EBIT": NaN,
        "Net Income": 4
    },
    "2018-12-31": {
        "Diluted EPS": 0.08,
        "Total Revenue": 18,
        "Gross Profit": 15,
        "Operating Income": 5,
        "EBIT": NaN,
        "Net Income": 1
    },
    "2018-09-30": {
        "Diluted EPS": 0.22,
        "Total Revenue": 14,
        "Gross Profit": 11,
        "Operating Income": 5,
        "EBIT": NaN,
        "Net Income": 3
    },
    "2018-06-30": {
        "Diluted EPS": 0.21,
        "Total Revenue": 12,
        "Gross Profit": 10,
        "Operating Income": 4,
        "EBIT": NaN,
        "Net Income": 3
    },
    "2018-03-31": {
        "Diluted EPS": 0.2,
        "Total Revenue": 12,
        "Gross Profit": 9,
        "Operating Income": 4,
        "EBIT": NaN,
        "Net Income": 3
    },
    "2017-12-31": {
        "Diluted EPS": 0.06,
        "Total Revenue": 12,
        "Gross Profit": 12,
        "Operating Income": 12,
        "EBIT": NaN,
        "Net Income": 1
    },
    "2017-09-30": {
        "Diluted EPS": 0.15,
        "Total Revenue": 11,
        "Gross Profit": 11,
        "Operating Income": 11,
        "EBIT": NaN,
        "Net Income": 2
    },
    "2017-06-30": {
        "Diluted EPS": 0.15,
        "Total Revenue": 10,
        "Gross Profit": 10,
        "Operating Income": 10,
        "EBIT": NaN,
        "Net Income": 2
    },
    "2017-03-31": {
        "Diluted EPS": 0.17,
        "Total Revenue": 10,
        "Gross Profit": 10,
        "Operating Income": 10,
        "EBIT": NaN,
        "Net Income": 2
    },
    "2016-12-31": {
        "Diluted EPS": 0.13,
        "Total Revenue": 9,
        "Gross Profit": 9,
        "Operating Income": 9,
        "EBIT": NaN,
        "Net Income": 2
    },
    "2016-09-30": {
        "Diluted EPS": 0.12,
        "Total Revenue": 9,
        "Gross Profit": 9,
        "Operating Income": 9,
        "EBIT": NaN,
        "Net Income": 2
    },
    "2016-06-30": {
        "Diluted EPS": 0.13,
        "Total Revenue": 8,
        "Gross Profit": 8,
        "Operating Income": 8,
        "EBIT": NaN,
        "Net Income": 2
    },
    "2016-03-31": {
        "Diluted EPS": 0.13,
        "Total Revenue": 8,
        "Gross Profit": 8,
        "Operating Income": 8,
        "EBIT": NaN,
        "Net Income": 2
    },
    "2015-12-31": {
        "Diluted EPS": 0.08,
        "Total Revenue": 7,
        "Gross Profit": 7,
        "Operating Income": 7,
        "EBIT": NaN,
        "Net Income": 1
    },
    "2015-09-30": {
        "Diluted EPS": 0.12,
        "Total Revenue": 7,
        "Gross Profit": 7,
        "Operating Income": 7,
        "EBIT": NaN,
        "Net Income": 1
    },
    "2015-06-30": {
        "Diluted EPS": 0.12,
        "Total Revenue": 7,
        "Gross Profit": 7,
        "Operating Income": 7,
        "EBIT": NaN,
        "Net Income": 1
    },
    "2015-03-31": {
        "Diluted EPS": 0.11,
        "Total Revenue": 7,
        "Gross Profit": 7,
        "Operating Income": 7,
        "EBIT": NaN,
        "Net Income": 1
    },
    "2014-12-31": {
        "Diluted EPS": 0.0,
        "Total Revenue": NaN,
        "Gross Profit": NaN,
        "Operating Income": NaN,
        "EBIT": NaN,
        "Net Income": NaN
    },
    "2013-12-31": {
        "Diluted EPS": 0.0,
        "Total Revenue": NaN,
        "Gross Profit": NaN,
        "Operating Income": NaN,
        "EBIT": NaN,
        "Net Income": NaN
    },
    "2012-12-31": {
        "Diluted EPS": 0.0,
        "Total Revenue": NaN,
        "Gross Profit": NaN,
        "Operating Income": NaN,
        "EBIT": NaN,
        "Net Income": NaN
    },
    "2023-09-30": {
        "Tax Effect Of Unusual Items": 0.0,
        "Tax Rate For Calcs": 0.229346,
        "Total Unusual Items": 0.0,
        "Total Unusual Items Excluding Goodwill": 0.0,
        "Net Income From Continuing Operation Net Minority Interest": 4039000.0,
        "Reconciled Depreciation": 149000.0,
        "Net Interest Income": 13246000.0,
        "Interest Expense": 14092000.0,
        "Interest Income": 27338000.0,
        "Normalized Income": 4039000.0,
        "Net Income From Continuing And Discontinued Operation": 4039000.0,
        "Diluted Average Shares": 18274000.0,
        "Basic Average Shares": 17800000.0,
        "Diluted EPS": 0.22,
        "Basic EPS": 0.23,
        "Diluted NI Availto Com Stockholders": 4039000.0,
        "Net Income Common Stockholders": 4039000.0,
        "Net Income": 4039000.0,
        "Net Income Including Noncontrolling Interests": 4039000.0,
        "Net Income Continuous Operations": 4039000.0,
        "Tax Provision": 1202000.0,
        "Pretax Income": 5241000.0,
        "Special Income Charges": 0.0,
        "Restructuring And Mergern Acquisition": 0.0,
        "Gain On Sale Of Security": 0.0,
        "Depreciation Amortization Depletion Income Statement": 50000.0,
        "Depreciation And Amortization In Income Statement": 50000.0,
        "Amortization": 50000.0,
        "Amortization Of Intangibles Income Statement": 50000.0,
        "Selling General And Administration": 6045000.0,
        "Selling And Marketing Expense": 167000.0,
        "General And Administrative Expense": 5878000.0,
        "Insurance And Claims": 431000.0,
        "Salaries And Wages": 5447000.0,
        "Total Revenue": 13550000.0,
        "Operating Revenue": 13550000.0,
        "Occupancy And Equipment": 547000.0,
        "Professional Expense And Contract Services Expense": 213000.0,
        "Other Non Interest Expense": 1533000.0
    },
    "2023-12-31": {
        "Tax Effect Of Unusual Items": 0.0,
        "Tax Rate For Calcs": 0.231935,
        "Total Unusual Items": 0.0,
        "Total Unusual Items Excluding Goodwill": 0.0,
        "Net Income From Continuing Operation Net Minority Interest": -5070000.0,
        "Reconciled Depreciation": 132000.0,
        "Net Interest Income": 12474000.0,
        "Interest Expense": 13992000.0,
        "Interest Income": 26466000.0,
        "Normalized Income": -5070000.0,
        "Net Income From Continuing And Discontinued Operation": -5070000.0,
        "Diluted Average Shares": 18295894.0,
        "Basic Average Shares": 17802810.0,
        "Diluted EPS": -0.28,
        "Basic EPS": -0.28,
        "Diluted NI Availto Com Stockholders": -5070000.0,
        "Net Income Common Stockholders": -5070000.0,
        "Net Income": -5070000.0,
        "Net Income Including Noncontrolling Interests": -5070000.0,
        "Net Income Continuous Operations": -5070000.0,
        "Tax Provision": -1531000.0,
        "Pretax Income": -6601000.0,
        "Special Income Charges": 0.0,
        "Restructuring And Mergern Acquisition": 0.0,
        "Gain On Sale Of Security": -10985000.0,
        "Depreciation Amortization Depletion Income Statement": 48000.0,
        "Depreciation And Amortization In Income Statement": 48000.0,
        "Amortization": 48000.0,
        "Amortization Of Intangibles Income Statement": 48000.0,
        "Selling General And Administration": 5327000.0,
        "Selling And Marketing Expense": NaN,
        "General And Administrative Expense": 5854000.0,
        "Insurance And Claims": 465000.0,
        "Salaries And Wages": 5389000.0,
        "Total Revenue": 4283000.0,
        "Operating Revenue": 4283000.0,
        "Occupancy And Equipment": 572000.0,
        "Professional Expense And Contract Services Expense": 214000.0,
        "Other Non Interest Expense": 5044000.0
    },
    "2024-03-31": {
        "Tax Effect Of Unusual Items": 0.0,
        "Tax Rate For Calcs": 0.4,
        "Total Unusual Items": NaN,
        "Total Unusual Items Excluding Goodwill": NaN,
        "Net Income From Continuing Operation Net Minority Interest": 1340000.0,
        "Reconciled Depreciation": 122000.0,
        "Net Interest Income": 12616000.0,
        "Interest Expense": 14035000.0,
        "Interest Income": 26651000.0,
        "Normalized Income": 1340000.0,
        "Net Income From Continuing And Discontinued Operation": 1340000.0,
        "Diluted Average Shares": 18317000.0,
        "Basic Average Shares": 17829000.0,
        "Diluted EPS": 0.07,
        "Basic EPS": 0.08,
        "Diluted NI Availto Com Stockholders": 1340000.0,
        "Net Income Common Stockholders": 1340000.0,
        "Net Income": 1340000.0,
        "Net Income Including Noncontrolling Interests": 1340000.0,
        "Net Income Continuous Operations": 1340000.0,
        "Tax Provision": 3222000.0,
        "Pretax Income": 4562000.0,
        "Special Income Charges": NaN,
        "Restructuring And Mergern Acquisition": NaN,
        "Gain On Sale Of Security": 0.0,
        "Depreciation Amortization Depletion Income Statement": 45000.0,
        "Depreciation And Amortization In Income Statement": 45000.0,
        "Amortization": 45000.0,
        "Amortization Of Intangibles Income Statement": 45000.0,
        "Selling General And Administration": 5321000.0,
        "Selling And Marketing Expense": 204000.0,
        "General And Administrative Expense": 5117000.0,
        "Insurance And Claims": 451000.0,
        "Salaries And Wages": 4666000.0,
        "Total Revenue": 12696000.0,
        "Operating Revenue": 12696000.0,
        "Occupancy And Equipment": 522000.0,
        "Professional Expense And Contract Services Expense": 243000.0,
        "Other Non Interest Expense": 1800000.0
    }
}