{
    "2023-03-31": {
        "Tax Effect Of Unusual Items": 0.0,
        "Tax Rate For Calcs": 0.21,
        "Normalized EBITDA": -5421000.0,
        "Total Unusual Items": NaN,
        "Total Unusual Items Excluding Goodwill": NaN,
        "Net Income From Continuing Operation Net Minority Interest": -4272000.0,
        "Reconciled Depreciation": 1725000.0,
        "Reconciled Cost Of Revenue": 15666000.0,
        "EBITDA": -5421000.0,
        "EBIT": -7146000.0,
        "Net Interest Income": 3084000.0,
        "Interest Income": NaN,
        "Normalized Income": -4272000.0,
        "Net Income From Continuing And Discontinued Operation": -4272000.0,
        "Total Expenses": 95102000.0,
        "Total Operating Income As Reported": -7146000.0,
        "Diluted Average Shares": 37691691.0,
        "Basic Average Shares": 37691691.0,
        "Diluted EPS": -0.11,
        "Basic EPS": -0.11,
        "Diluted NI Availto Com Stockholders": -4272000.0,
        "Net Income Common Stockholders": -4272000.0,
        "Net Income": -4272000.0,
        "Net Income Including Noncontrolling Interests": -4272000.0,
        "Net Income Continuous Operations": -4272000.0,
        "Tax Provision": 210000.0,
        "Pretax Income": -4062000.0,
        "Other Income Expense": NaN,
        "Special Income Charges": NaN,
        "Impairment Of Capital Assets": NaN,
        "Net Non Operating Interest Income Expense": 3084000.0,
        "Total Other Finance Cost": -3084000.0,
        "Interest Income Non Operating": NaN,
        "Operating Income": -7146000.0,
        "Operating Expense": 79436000.0,
        "Research And Development": 21887000.0,
        "Selling General And Administration": 57549000.0,
        "Selling And Marketing Expense": 42050000.0,
        "General And Administrative Expense": 15499000.0,
        "Other Gand A": 15499000.0,
        "Gross Profit": 72290000.0,
        "Cost Of Revenue": 15666000.0,
        "Total Revenue": 87956000.0,
        "Operating Revenue": 87956000.0
    },
    "2022-12-31": {
        "Tax Effect Of Unusual Items": 55860.0,
        "Tax Rate For Calcs": 0.21,
        "Normalized EBITDA": -21971000.0,
        "Total Unusual Items": 266000.0,
        "Total Unusual Items Excluding Goodwill": 266000.0,
        "Net Income From Continuing Operation Net Minority Interest": -1299000.0,
        "Reconciled Depreciation": 1995000.0,
        "Reconciled Cost Of Revenue": 15814000.0,
        "EBITDA": -21705000.0,
        "EBIT": -23700000.0,
        "Net Interest Income": 1125000.0,
        "Interest Income": NaN,
        "Normalized Income": -1509140.0,
        "Net Income From Continuing And Discontinued Operation": -1299000.0,
        "Total Expenses": 85352000.0,
        "Total Operating Income As Reported": -2222000.0,
        "Diluted Average Shares": 37411657.0,
        "Basic Average Shares": 37411657.0,
        "Diluted EPS": -0.03,
        "Basic EPS": -0.03,
        "Diluted NI Availto Com Stockholders": -1299000.0,
        "Net Income Common Stockholders": -1299000.0,
        "Net Income": -1299000.0,
        "Net Income Including Noncontrolling Interests": -1299000.0,
        "Net Income Continuous Operations": -1299000.0,
        "Tax Provision": 468000.0,
        "Pretax Income": -831000.0,
        "Other Income Expense": 266000.0,
        "Special Income Charges": 0.0,
        "Impairment Of Capital Assets": 0.0,
        "Net Non Operating Interest Income Expense": 1125000.0,
        "Total Other Finance Cost": 2829000.0,
        "Interest Income Non Operating": NaN,
        "Operating Income": -2222000.0,
        "Operating Expense": 69538000.0,
        "Research And Development": 21328000.0,
        "Selling General And Administration": 48210000.0,
        "Selling And Marketing Expense": 40448000.0,
        "General And Administrative Expense": 7762000.0,
        "Other Gand A": 7762000.0,
        "Gross Profit": 67316000.0,
        "Cost Of Revenue": 15814000.0,
        "Total Revenue": 83130000.0,
        "Operating Revenue": 83130000.0
    },
    "2022-09-30": {
        "Tax Effect Of Unusual Items": 0.0,
        "Tax Rate For Calcs": 0.4,
        "Normalized EBITDA": -10538000.0,
        "Total Unusual Items": 0.0,
        "Total Unusual Items Excluding Goodwill": 0.0,
        "Net Income From Continuing Operation Net Minority Interest": -11350000.0,
        "Reconciled Depreciation": 1938000.0,
        "Reconciled Cost Of Revenue": 15631000.0,
        "EBITDA": -10538000.0,
        "EBIT": -12476000.0,
        "Net Interest Income": 1162000.0,
        "Interest Income": NaN,
        "Normalized Income": -11350000.0,
        "Net Income From Continuing And Discontinued Operation": -11350000.0,
        "Total Expenses": 95017000.0,
        "Total Operating Income As Reported": -12476000.0,
        "Diluted Average Shares": 37205489.0,
        "Basic Average Shares": 37205489.0,
        "Diluted EPS": -0.31,
        "Basic EPS": -0.31,
        "Diluted NI Availto Com Stockholders": -11350000.0,
        "Net Income Common Stockholders": -11350000.0,
        "Net Income": -11350000.0,
        "Net Income Including Noncontrolling Interests": -11350000.0,
        "Net Income Continuous Operations": -11350000.0,
        "Tax Provision": 36000.0,
        "Pretax Income": -11314000.0,
        "Other Income Expense": NaN,
        "Special Income Charges": 0.0,
        "Impairment Of Capital Assets": 0.0,
        "Net Non Operating Interest Income Expense": 1162000.0,
        "Total Other Finance Cost": -1162000.0,
        "Interest Income Non Operating": NaN,
        "Operating Income": -12476000.0,
        "Operating Expense": 79386000.0,
        "Research And Development": 22938000.0,
        "Selling General And Administration": 56448000.0,
        "Selling And Marketing Expense": 41959000.0,
        "General And Administrative Expense": 14489000.0,
        "Other Gand A": 14489000.0,
        "Gross Profit": 66910000.0,
        "Cost Of Revenue": 15631000.0,
        "Total Revenue": 82541000.0,
        "Operating Revenue": 82541000.0
    },
    "2022-06-30": {
        "Tax Effect Of Unusual Items": -11051600.0,
        "Tax Rate For Calcs": 0.4,
        "Normalized EBITDA": 15749000.0,
        "Total Unusual Items": -27629000.0,
        "Total Unusual Items Excluding Goodwill": -27629000.0,
        "Net Income From Continuing Operation Net Minority Interest": -41863000.0,
        "Reconciled Depreciation": 3142000.0,
        "Reconciled Cost Of Revenue": 17526000.0,
        "EBITDA": -11880000.0,
        "EBIT": -15022000.0,
        "Net Interest Income": 841000.0,
        "Interest Income": NaN,
        "Normalized Income": -25285600.0,
        "Net Income From Continuing And Discontinued Operation": -41863000.0,
        "Total Expenses": 100032000.0,
        "Total Operating Income As Reported": -42651000.0,
        "Diluted Average Shares": 37027317.0,
        "Basic Average Shares": 37027317.0,
        "Diluted EPS": -1.13,
        "Basic EPS": -1.13,
        "Diluted NI Availto Com Stockholders": -41863000.0,
        "Net Income Common Stockholders": -41863000.0,
        "Net Income": -41863000.0,
        "Net Income Including Noncontrolling Interests": -41863000.0,
        "Net Income Continuous Operations": -41863000.0,
        "Tax Provision": 53000.0,
        "Pretax Income": -41810000.0,
        "Other Income Expense": -27629000.0,
        "Special Income Charges": -27629000.0,
        "Impairment Of Capital Assets": 27629000.0,
        "Net Non Operating Interest Income Expense": 841000.0,
        "Total Other Finance Cost": -841000.0,
        "Interest Income Non Operating": NaN,
        "Operating Income": -15022000.0,
        "Operating Expense": 82506000.0,
        "Research And Development": 24523000.0,
        "Selling General And Administration": 57983000.0,
        "Selling And Marketing Expense": 44325000.0,
        "General And Administrative Expense": 13658000.0,
        "Other Gand A": 13658000.0,
        "Gross Profit": 67484000.0,
        "Cost Of Revenue": 17526000.0,
        "Total Revenue": 85010000.0,
        "Operating Revenue": 85010000.0
    },
    "2022-03-31": {
        "Diluted EPS": -0.46,
        "Total Revenue": 87,
        "Gross Profit": 70,
        "Operating Income": -17,
        "EBIT": -12,
        "Net Income": -17
    },
    "2021-12-31": {
        "Diluted EPS": -0.56,
        "Total Revenue": 80,
        "Gross Profit": 65,
        "Operating Income": -14,
        "EBIT": -4,
        "Net Income": -20
    },
    "2021-09-30": {
        "Diluted EPS": -0.39,
        "Total Revenue": 74,
        "Gross Profit": 62,
        "Operating Income": -9,
        "EBIT": -1,
        "Net Income": -14
    },
    "2021-06-30": {
        "Diluted EPS": -0.37,
        "Total Revenue": 75,
        "Gross Profit": 63,
        "Operating Income": -8,
        "EBIT": 0,
        "Net Income": -13
    },
    "2021-03-31": {
        "Diluted EPS": -0.49,
        "Total Revenue": 68,
        "Gross Profit": 57,
        "Operating Income": -14,
        "EBIT": -6,
        "Net Income": -18
    },
    "2020-12-31": {
        "Diluted EPS": -0.26,
        "Total Revenue": 56,
        "Gross Profit": 46,
        "Operating Income": -4,
        "EBIT": 2,
        "Net Income": -8
    },
    "2020-09-30": {
        "Diluted EPS": -0.01,
        "Total Revenue": 52,
        "Gross Profit": 44,
        "Operating Income": -1,
        "EBIT": 1,
        "Net Income": 0
    },
    "2020-06-30": {
        "Diluted EPS": 0.0,
        "Total Revenue": 47,
        "Gross Profit": 39,
        "Operating Income": -1,
        "EBIT": 0,
        "Net Income": 0
    },
    "2020-03-31": {
        "Diluted EPS": -0.19,
        "Total Revenue": 34,
        "Gross Profit": 27,
        "Operating Income": -6,
        "EBIT": -6,
        "Net Income": -6
    },
    "2019-12-31": {
        "Diluted EPS": 0.73,
        "Total Revenue": 30,
        "Gross Profit": 23,
        "Operating Income": -8,
        "EBIT": -8,
        "Net Income": -7
    },
    "2019-09-30": {
        "Diluted EPS": -0.26,
        "Total Revenue": 28,
        "Gross Profit": 22,
        "Operating Income": -9,
        "EBIT": -8,
        "Net Income": -8
    },
    "2019-06-30": {
        "Diluted EPS": -0.88,
        "Total Revenue": 26,
        "Gross Profit": 21,
        "Operating Income": -9,
        "EBIT": -8,
        "Net Income": -9
    },
    "2019-03-31": {
        "Diluted EPS": -1.26,
        "Total Revenue": 24,
        "Gross Profit": 19,
        "Operating Income": -9,
        "EBIT": -8,
        "Net Income": -9
    },
    "2018-12-31": {
        "Diluted EPS": -0.78,
        "Total Revenue": 21,
        "Gross Profit": 17,
        "Operating Income": -6,
        "EBIT": -5,
        "Net Income": -6
    },
    "2018-09-30": {
        "Diluted EPS": -1.1,
        "Total Revenue": 20,
        "Gross Profit": 16,
        "Operating Income": -7,
        "EBIT": -7,
        "Net Income": -7
    },
    "2018-06-30": {
        "Diluted EPS": -1.03,
        "Total Revenue": 18,
        "Gross Profit": 14,
        "Operating Income": -7,
        "EBIT": -6,
        "Net Income": -7
    },
    "2018-03-31": {
        "Diluted EPS": -2.51,
        "Total Revenue": 17,
        "Gross Profit": 13,
        "Operating Income": -16,
        "EBIT": -16,
        "Net Income": -16
    },
    "2017-12-31": {
        "Diluted EPS": 0.0,
        "Total Revenue": NaN,
        "Gross Profit": NaN,
        "Operating Income": NaN,
        "EBIT": NaN,
        "Net Income": NaN
    },
    "2023-06-30": {
        "Tax Effect Of Unusual Items": 0.0,
        "Tax Rate For Calcs": 0.21,
        "Normalized EBITDA": -2356000.0,
        "Total Unusual Items": 0.0,
        "Total Unusual Items Excluding Goodwill": 0.0,
        "Net Income From Continuing Operation Net Minority Interest": 227000.0,
        "Reconciled Depreciation": 1654000.0,
        "Reconciled Cost Of Revenue": 15632000.0,
        "EBITDA": -2356000.0,
        "EBIT": -4010000.0,
        "Net Interest Income": 4487000.0,
        "Interest Income": 4487000.0,
        "Normalized Income": 227000.0,
        "Net Income From Continuing And Discontinued Operation": 227000.0,
        "Total Expenses": 93395000.0,
        "Total Operating Income As Reported": -4010000.0,
        "Diluted Average Shares": 41192132.0,
        "Basic Average Shares": 37906971.0,
        "Diluted EPS": 0.01,
        "Basic EPS": 0.01,
        "Diluted NI Availto Com Stockholders": 227000.0,
        "Net Income Common Stockholders": 227000.0,
        "Net Income": 227000.0,
        "Net Income Including Noncontrolling Interests": 227000.0,
        "Net Income Continuous Operations": 227000.0,
        "Tax Provision": 250000.0,
        "Pretax Income": 477000.0,
        "Other Income Expense": NaN,
        "Special Income Charges": 0.0,
        "Impairment Of Capital Assets": 0.0,
        "Net Non Operating Interest Income Expense": 4487000.0,
        "Total Other Finance Cost": -4487000.0,
        "Interest Income Non Operating": 4487000.0,
        "Operating Income": -4010000.0,
        "Operating Expense": 77763000.0,
        "Research And Development": 23289000.0,
        "Selling General And Administration": 54474000.0,
        "Selling And Marketing Expense": 38870000.0,
        "General And Administrative Expense": 15604000.0,
        "Other Gand A": 15604000.0,
        "Gross Profit": 73753000.0,
        "Cost Of Revenue": 15632000.0,
        "Total Revenue": 89385000.0,
        "Operating Revenue": 89385000.0
    },
    "2023-09-30": {
        "Tax Effect Of Unusual Items": 0.0,
        "Tax Rate For Calcs": 0.092409,
        "Normalized EBITDA": -1024000.0,
        "Total Unusual Items": 0.0,
        "Total Unusual Items Excluding Goodwill": 0.0,
        "Net Income From Continuing Operation Net Minority Interest": 3025000.0,
        "Reconciled Depreciation": 1321000.0,
        "Reconciled Cost Of Revenue": 15075000.0,
        "EBITDA": -1024000.0,
        "EBIT": -2345000.0,
        "Net Interest Income": 5678000.0,
        "Interest Income": NaN,
        "Normalized Income": 3025000.0,
        "Net Income From Continuing And Discontinued Operation": 3025000.0,
        "Total Expenses": 94877000.0,
        "Total Operating Income As Reported": -2345000.0,
        "Diluted Average Shares": 41389621.0,
        "Basic Average Shares": 38164996.0,
        "Diluted EPS": 0.07,
        "Basic EPS": 0.08,
        "Diluted NI Availto Com Stockholders": 3025000.0,
        "Net Income Common Stockholders": 3025000.0,
        "Net Income": 3025000.0,
        "Net Income Including Noncontrolling Interests": 3025000.0,
        "Net Income Continuous Operations": 3025000.0,
        "Tax Provision": 308000.0,
        "Pretax Income": 3333000.0,
        "Other Income Expense": NaN,
        "Special Income Charges": 0.0,
        "Impairment Of Capital Assets": 0.0,
        "Net Non Operating Interest Income Expense": 5678000.0,
        "Total Other Finance Cost": -5678000.0,
        "Interest Income Non Operating": NaN,
        "Operating Income": -2345000.0,
        "Operating Expense": 79802000.0,
        "Research And Development": 23490000.0,
        "Selling General And Administration": 56312000.0,
        "Selling And Marketing Expense": 40521000.0,
        "General And Administrative Expense": 15791000.0,
        "Other Gand A": 15791000.0,
        "Gross Profit": 77457000.0,
        "Cost Of Revenue": 15075000.0,
        "Total Revenue": 92532000.0,
        "Operating Revenue": 92532000.0
    },
    "2023-12-31": {
        "Tax Effect Of Unusual Items": -30101.771579,
        "Tax Rate For Calcs": 0.114022,
        "Normalized EBITDA": 22647000.0,
        "Total Unusual Items": -264000.0,
        "Total Unusual Items Excluding Goodwill": -264000.0,
        "Net Income From Continuing Operation Net Minority Interest": 4701000.0,
        "Reconciled Depreciation": 1287000.0,
        "Reconciled Cost Of Revenue": 15473000.0,
        "EBITDA": 22383000.0,
        "EBIT": 21096000.0,
        "Net Interest Income": 7178000.0,
        "Interest Income": NaN,
        "Normalized Income": 4934898.228421,
        "Net Income From Continuing And Discontinued Operation": 4701000.0,
        "Total Expenses": 93110000.0,
        "Total Operating Income As Reported": -1608000.0,
        "Diluted Average Shares": NaN,
        "Basic Average Shares": NaN,
        "Diluted EPS": NaN,
        "Basic EPS": NaN,
        "Diluted NI Availto Com Stockholders": 4701000.0,
        "Net Income Common Stockholders": 4701000.0,
        "Net Income": 4701000.0,
        "Net Income Including Noncontrolling Interests": 4701000.0,
        "Net Income Continuous Operations": 4701000.0,
        "Tax Provision": 605000.0,
        "Pretax Income": 5306000.0,
        "Other Income Expense": NaN,
        "Special Income Charges": 0.0,
        "Impairment Of Capital Assets": 0.0,
        "Net Non Operating Interest Income Expense": 7178000.0,
        "Total Other Finance Cost": 13434000.0,
        "Interest Income Non Operating": NaN,
        "Operating Income": -1608000.0,
        "Operating Expense": 77637000.0,
        "Research And Development": 22054000.0,
        "Selling General And Administration": 55583000.0,
        "Selling And Marketing Expense": 39767000.0,
        "General And Administrative Expense": 15816000.0,
        "Other Gand A": 15816000.0,
        "Gross Profit": 76029000.0,
        "Cost Of Revenue": 15473000.0,
        "Total Revenue": 91502000.0,
        "Operating Revenue": 91502000.0
    }
}