{
    "2023-03-31": {
        "Tax Effect Of Unusual Items": 0.0,
        "Tax Rate For Calcs": 0.244756,
        "Normalized EBITDA": 64144000.0,
        "Net Income From Continuing Operation Net Minority Interest": 36368000.0,
        "Reconciled Depreciation": 13635000.0,
        "Reconciled Cost Of Revenue": 311404000.0,
        "EBIT": 50509000.0,
        "Net Interest Income": -2355000.0,
        "Interest Expense": 2355000.0,
        "Normalized Income": 36368000.0,
        "Net Income From Continuing And Discontinued Operation": 36368000.0,
        "Total Expenses": 376557000.0,
        "Rent Expense Supplemental": 27248000.0,
        "Total Operating Income As Reported": 50509000.0,
        "Diluted Average Shares": 26479000.0,
        "Basic Average Shares": 26350000.0,
        "Diluted EPS": 1.37,
        "Basic EPS": 1.37,
        "Diluted NI Availto Com Stockholders": 36368000.0,
        "Average Dilution Earnings": NaN,
        "Net Income Common Stockholders": 36368000.0,
        "Otherunder Preferred Stock Dividend": 185000.0,
        "Net Income": 36368000.0,
        "Net Income Including Noncontrolling Interests": 36368000.0,
        "Net Income Discontinuous Operations": NaN,
        "Net Income Continuous Operations": 36368000.0,
        "Tax Provision": 11786000.0,
        "Pretax Income": 48154000.0,
        "Net Non Operating Interest Income Expense": -2355000.0,
        "Interest Expense Non Operating": 2355000.0,
        "Operating Income": 50509000.0,
        "Operating Expense": 65153000.0,
        "Other Operating Expenses": 51371000.0,
        "Selling General And Administration": 13782000.0,
        "General And Administrative Expense": 13782000.0,
        "Insurance And Claims": 13782000.0,
        "Gross Profit": 115662000.0,
        "Cost Of Revenue": 311404000.0,
        "Total Revenue": 427066000.0,
        "Operating Revenue": 427103000.0
    },
    "2022-12-31": {
        "Tax Effect Of Unusual Items": 0.0,
        "Tax Rate For Calcs": 0.281882,
        "Normalized EBITDA": 73807000.0,
        "Net Income From Continuing Operation Net Minority Interest": 42942000.0,
        "Reconciled Depreciation": 12392000.0,
        "Reconciled Cost Of Revenue": 342698000.0,
        "EBIT": 61415000.0,
        "Net Interest Income": -1617000.0,
        "Interest Expense": 1617000.0,
        "Normalized Income": 42942000.0,
        "Net Income From Continuing And Discontinued Operation": 42942000.0,
        "Total Expenses": 419785000.0,
        "Rent Expense Supplemental": 25997000.0,
        "Total Operating Income As Reported": 61415000.0,
        "Diluted Average Shares": 26701000.0,
        "Basic Average Shares": 26672050.0,
        "Diluted EPS": 1.6,
        "Basic EPS": 1.61,
        "Diluted NI Availto Com Stockholders": 42678000.0,
        "Average Dilution Earnings": -264000.0,
        "Net Income Common Stockholders": 42942000.0,
        "Otherunder Preferred Stock Dividend": 232000.0,
        "Net Income": 42942000.0,
        "Net Income Including Noncontrolling Interests": 42942000.0,
        "Net Income Discontinuous Operations": 0.0,
        "Net Income Continuous Operations": 42942000.0,
        "Tax Provision": 16856000.0,
        "Pretax Income": 59798000.0,
        "Net Non Operating Interest Income Expense": -1617000.0,
        "Interest Expense Non Operating": 1617000.0,
        "Operating Income": 61415000.0,
        "Operating Expense": 77087000.0,
        "Other Operating Expenses": 64585000.0,
        "Selling General And Administration": 12502000.0,
        "General And Administrative Expense": 12502000.0,
        "Insurance And Claims": 12502000.0,
        "Gross Profit": 138502000.0,
        "Cost Of Revenue": 342698000.0,
        "Total Revenue": 481200000.0,
        "Operating Revenue": 481253000.0
    },
    "2022-09-30": {
        "Tax Effect Of Unusual Items": 0.0,
        "Tax Rate For Calcs": 0.256528,
        "Normalized EBITDA": 83934000.0,
        "Net Income From Continuing Operation Net Minority Interest": 52133000.0,
        "Reconciled Depreciation": 12269000.0,
        "Reconciled Cost Of Revenue": 364087000.0,
        "EBIT": 71665000.0,
        "Net Interest Income": -1544000.0,
        "Interest Expense": 1544000.0,
        "Normalized Income": 52133000.0,
        "Net Income From Continuing And Discontinued Operation": 52133000.0,
        "Total Expenses": 438358000.0,
        "Rent Expense Supplemental": 24965000.0,
        "Total Operating Income As Reported": 71665000.0,
        "Diluted Average Shares": 26902000.0,
        "Basic Average Shares": 26769000.0,
        "Diluted EPS": 1.93,
        "Basic EPS": 1.94,
        "Diluted NI Availto Com Stockholders": 52133000.0,
        "Average Dilution Earnings": NaN,
        "Net Income Common Stockholders": 52133000.0,
        "Otherunder Preferred Stock Dividend": 325000.0,
        "Net Income": 52133000.0,
        "Net Income Including Noncontrolling Interests": 52133000.0,
        "Net Income Discontinuous Operations": 0.0,
        "Net Income Continuous Operations": 52133000.0,
        "Tax Provision": 17988000.0,
        "Pretax Income": 70121000.0,
        "Net Non Operating Interest Income Expense": -1544000.0,
        "Interest Expense Non Operating": 1544000.0,
        "Operating Income": 71665000.0,
        "Operating Expense": 74271000.0,
        "Other Operating Expenses": 62178000.0,
        "Selling General And Administration": 12093000.0,
        "General And Administrative Expense": 12093000.0,
        "Insurance And Claims": 12093000.0,
        "Gross Profit": 145936000.0,
        "Cost Of Revenue": 364087000.0,
        "Total Revenue": 510023000.0,
        "Operating Revenue": 510056000.0
    },
    "2022-06-30": {
        "Tax Effect Of Unusual Items": 0.0,
        "Tax Rate For Calcs": 0.254492,
        "Normalized EBITDA": 87140000.0,
        "Net Income From Continuing Operation Net Minority Interest": 55430000.0,
        "Reconciled Depreciation": 11595000.0,
        "Reconciled Cost Of Revenue": 369216000.0,
        "EBIT": 75545000.0,
        "Net Interest Income": -1193000.0,
        "Interest Expense": 1193000.0,
        "Normalized Income": 55430000.0,
        "Net Income From Continuing And Discontinued Operation": 55430000.0,
        "Total Expenses": 439674000.0,
        "Rent Expense Supplemental": 23459000.0,
        "Total Operating Income As Reported": 75545000.0,
        "Diluted Average Shares": 26989000.0,
        "Basic Average Shares": 26869000.0,
        "Diluted EPS": 2.04,
        "Basic EPS": 2.05,
        "Diluted NI Availto Com Stockholders": 55430000.0,
        "Average Dilution Earnings": NaN,
        "Net Income Common Stockholders": 55430000.0,
        "Otherunder Preferred Stock Dividend": 346000.0,
        "Net Income": 55430000.0,
        "Net Income Including Noncontrolling Interests": 55430000.0,
        "Net Income Discontinuous Operations": 0.0,
        "Net Income Continuous Operations": 55430000.0,
        "Tax Provision": 18922000.0,
        "Pretax Income": 74352000.0,
        "Net Non Operating Interest Income Expense": -1193000.0,
        "Interest Expense Non Operating": 1193000.0,
        "Operating Income": 75545000.0,
        "Operating Expense": 70458000.0,
        "Other Operating Expenses": 57262000.0,
        "Selling General And Administration": 13196000.0,
        "General And Administrative Expense": 13196000.0,
        "Insurance And Claims": 13196000.0,
        "Gross Profit": 146003000.0,
        "Cost Of Revenue": 369216000.0,
        "Total Revenue": 515219000.0,
        "Operating Revenue": 515268000.0
    },
    "2023-06-30": {
        "Tax Effect Of Unusual Items": 0.0,
        "Tax Rate For Calcs": 0.277818,
        "Normalized EBITDA": 44724000.0,
        "Net Income From Continuing Operation Net Minority Interest": 19951000.0,
        "Reconciled Depreciation": 14513000.0,
        "Reconciled Cost Of Revenue": 314300000.0,
        "EBIT": 30211000.0,
        "Net Interest Income": -2585000.0,
        "Interest Expense": 2585000.0,
        "Normalized Income": 19951000.0,
        "Net Income From Continuing And Discontinued Operation": 19951000.0,
        "Total Expenses": 371971000.0,
        "Rent Expense Supplemental": 26184000.0,
        "Total Operating Income As Reported": 30211000.0,
        "Diluted Average Shares": 26035000.0,
        "Basic Average Shares": 25935000.0,
        "Diluted EPS": 0.76,
        "Basic EPS": 0.76,
        "Diluted NI Availto Com Stockholders": 19830000.0,
        "Average Dilution Earnings": NaN,
        "Net Income Common Stockholders": 19830000.0,
        "Otherunder Preferred Stock Dividend": 121000.0,
        "Net Income": 19951000.0,
        "Net Income Including Noncontrolling Interests": 19951000.0,
        "Net Income Discontinuous Operations": NaN,
        "Net Income Continuous Operations": 19951000.0,
        "Tax Provision": 7675000.0,
        "Pretax Income": 27626000.0,
        "Net Non Operating Interest Income Expense": -2585000.0,
        "Interest Expense Non Operating": 2585000.0,
        "Operating Income": 30211000.0,
        "Operating Expense": 57671000.0,
        "Other Operating Expenses": 44311000.0,
        "Selling General And Administration": 13360000.0,
        "General And Administrative Expense": 13360000.0,
        "Insurance And Claims": 13360000.0,
        "Gross Profit": 87882000.0,
        "Cost Of Revenue": 314300000.0,
        "Total Revenue": 402182000.0,
        "Operating Revenue": 402247000.0
    },
    "2022-03-31": {
        "Diluted EPS": 1.57,
        "Total Revenue": 467,
        "Gross Profit": 236,
        "Operating Income": 57,
        "EBIT": 68,
        "Net Income": 42
    },
    "2021-12-31": {
        "Diluted EPS": 1.48,
        "Total Revenue": 460,
        "Gross Profit": 227,
        "Operating Income": 52,
        "EBIT": 63,
        "Net Income": 41
    },
    "2021-09-30": {
        "Diluted EPS": 0.86,
        "Total Revenue": 420,
        "Gross Profit": 210,
        "Operating Income": 42,
        "EBIT": 52,
        "Net Income": 24
    },
    "2021-06-30": {
        "Diluted EPS": 1.11,
        "Total Revenue": 421,
        "Gross Profit": 201,
        "Operating Income": 42,
        "EBIT": 52,
        "Net Income": 30
    },
    "2021-03-31": {
        "Diluted EPS": 0.4,
        "Total Revenue": 362,
        "Gross Profit": 174,
        "Operating Income": 23,
        "EBIT": 32,
        "Net Income": 11
    },
    "2020-12-31": {
        "Diluted EPS": -0.17,
        "Total Revenue": 350,
        "Gross Profit": 162,
        "Operating Income": 21,
        "EBIT": 30,
        "Net Income": -4
    },
    "2020-09-30": {
        "Diluted EPS": 0.6,
        "Total Revenue": 332,
        "Gross Profit": 156,
        "Operating Income": 24,
        "EBIT": 33,
        "Net Income": 17
    },
    "2020-06-30": {
        "Diluted EPS": 0.11,
        "Total Revenue": 282,
        "Gross Profit": 137,
        "Operating Income": 14,
        "EBIT": 23,
        "Net Income": 3
    },
    "2020-03-31": {
        "Diluted EPS": 0.3,
        "Total Revenue": 306,
        "Gross Profit": 151,
        "Operating Income": 16,
        "EBIT": 25,
        "Net Income": 8
    },
    "2019-12-31": {
        "Diluted EPS": 0.84,
        "Total Revenue": 277,
        "Gross Profit": 126,
        "Operating Income": 29,
        "EBIT": 38,
        "Net Income": 24
    },
    "2019-09-30": {
        "Diluted EPS": 0.78,
        "Total Revenue": 314,
        "Gross Profit": 159,
        "Operating Income": 29,
        "EBIT": 38,
        "Net Income": 22
    },
    "2019-06-30": {
        "Diluted EPS": 0.78,
        "Total Revenue": 303,
        "Gross Profit": 155,
        "Operating Income": 29,
        "EBIT": 37,
        "Net Income": 22
    },
    "2019-03-31": {
        "Diluted EPS": 0.64,
        "Total Revenue": 321,
        "Gross Profit": 172,
        "Operating Income": 25,
        "EBIT": 36,
        "Net Income": 18
    },
    "2018-12-31": {
        "Diluted EPS": 0.94,
        "Total Revenue": 173,
        "Gross Profit": 60,
        "Operating Income": 30,
        "EBIT": 35,
        "Net Income": 28
    },
    "2018-09-30": {
        "Diluted EPS": 0.76,
        "Total Revenue": 331,
        "Gross Profit": 170,
        "Operating Income": 30,
        "EBIT": 40,
        "Net Income": 22
    },
    "2018-06-30": {
        "Diluted EPS": 0.82,
        "Total Revenue": 330,
        "Gross Profit": 169,
        "Operating Income": 33,
        "EBIT": 43,
        "Net Income": 24
    },
    "2018-03-31": {
        "Diluted EPS": 0.6,
        "Total Revenue": 303,
        "Gross Profit": 157,
        "Operating Income": 24,
        "EBIT": 35,
        "Net Income": 18
    },
    "2017-12-31": {
        "Diluted EPS": 1.15,
        "Total Revenue": 325,
        "Gross Profit": 164,
        "Operating Income": 28,
        "EBIT": 38,
        "Net Income": 34
    },
    "2017-09-30": {
        "Diluted EPS": 0.61,
        "Total Revenue": 298,
        "Gross Profit": 154,
        "Operating Income": 27,
        "EBIT": 38,
        "Net Income": 18
    },
    "2017-06-30": {
        "Diluted EPS": 0.65,
        "Total Revenue": 284,
        "Gross Profit": 149,
        "Operating Income": 30,
        "EBIT": 40,
        "Net Income": 20
    },
    "2017-03-31": {
        "Diluted EPS": 0.48,
        "Total Revenue": 262,
        "Gross Profit": 141,
        "Operating Income": 24,
        "EBIT": 34,
        "Net Income": 15
    },
    "2016-12-31": {
        "Diluted EPS": 0.41,
        "Total Revenue": 312,
        "Gross Profit": 149,
        "Operating Income": 28,
        "EBIT": 38,
        "Net Income": 12
    },
    "2016-09-30": {
        "Diluted EPS": 0.39,
        "Total Revenue": 250,
        "Gross Profit": 141,
        "Operating Income": 25,
        "EBIT": 34,
        "Net Income": 12
    },
    "2016-06-30": {
        "Diluted EPS": -0.33,
        "Total Revenue": 239,
        "Gross Profit": 136,
        "Operating Income": -14,
        "EBIT": 37,
        "Net Income": -10
    },
    "2016-03-31": {
        "Diluted EPS": 0.43,
        "Total Revenue": 230,
        "Gross Profit": 130,
        "Operating Income": 21,
        "EBIT": 31,
        "Net Income": 13
    },
    "2015-12-31": {
        "Diluted EPS": 0.74,
        "Total Revenue": 256,
        "Gross Profit": 145,
        "Operating Income": 29,
        "EBIT": 39,
        "Net Income": 23
    },
    "2015-09-30": {
        "Diluted EPS": 0.5,
        "Total Revenue": 247,
        "Gross Profit": 139,
        "Operating Income": 25,
        "EBIT": 34,
        "Net Income": 16
    },
    "2015-06-30": {
        "Diluted EPS": 0.38,
        "Total Revenue": 250,
        "Gross Profit": 138,
        "Operating Income": 20,
        "EBIT": 29,
        "Net Income": 12
    },
    "2015-03-31": {
        "Diluted EPS": 0.16,
        "Total Revenue": 206,
        "Gross Profit": 113,
        "Operating Income": 8,
        "EBIT": 17,
        "Net Income": 5
    },
    "2014-12-31": {
        "Diluted EPS": 0.54,
        "Total Revenue": 214,
        "Gross Profit": 117,
        "Operating Income": 26,
        "EBIT": 34,
        "Net Income": 17
    },
    "2014-09-30": {
        "Diluted EPS": 0.54,
        "Total Revenue": 201,
        "Gross Profit": 111,
        "Operating Income": 27,
        "EBIT": 35,
        "Net Income": 17
    },
    "2014-06-30": {
        "Diluted EPS": 0.55,
        "Total Revenue": 194,
        "Gross Profit": 106,
        "Operating Income": 28,
        "EBIT": 35,
        "Net Income": 17
    },
    "2014-03-31": {
        "Diluted EPS": 0.33,
        "Total Revenue": 172,
        "Gross Profit": 93,
        "Operating Income": 16,
        "EBIT": 23,
        "Net Income": 10
    },
    "2013-12-31": {
        "Diluted EPS": 0.5,
        "Total Revenue": 181,
        "Gross Profit": 97,
        "Operating Income": 23,
        "EBIT": 29,
        "Net Income": 16
    },
    "2013-09-30": {
        "Diluted EPS": 0.46,
        "Total Revenue": 170,
        "Gross Profit": 91,
        "Operating Income": 23,
        "EBIT": 29,
        "Net Income": 14
    },
    "2013-06-30": {
        "Diluted EPS": 0.45,
        "Total Revenue": 160,
        "Gross Profit": 86,
        "Operating Income": 23,
        "EBIT": 28,
        "Net Income": 14
    },
    "2013-03-31": {
        "Diluted EPS": 0.36,
        "Total Revenue": 142,
        "Gross Profit": 78,
        "Operating Income": 16,
        "EBIT": 21,
        "Net Income": 11
    },
    "2012-12-31": {
        "Diluted EPS": 0.54,
        "Total Revenue": 156,
        "Gross Profit": 88,
        "Operating Income": 24,
        "EBIT": 29,
        "Net Income": 16
    },
    "2012-09-30": {
        "Diluted EPS": 0.41,
        "Total Revenue": 144,
        "Gross Profit": 78,
        "Operating Income": 20,
        "EBIT": 25,
        "Net Income": 12
    },
    "2012-06-30": {
        "Diluted EPS": 0.48,
        "Total Revenue": 148,
        "Gross Profit": 81,
        "Operating Income": 23,
        "EBIT": 28,
        "Net Income": 14
    },
    "2012-03-31": {
        "Diluted EPS": 0.35,
        "Total Revenue": 137,
        "Gross Profit": 75,
        "Operating Income": 17,
        "EBIT": 22,
        "Net Income": 10
    },
    "2011-12-31": {
        "Diluted EPS": 0.49,
        "Total Revenue": 148,
        "Gross Profit": 83,
        "Operating Income": 24,
        "EBIT": 29,
        "Net Income": 14
    },
    "2011-09-30": {
        "Diluted EPS": 0.44,
        "Total Revenue": 136,
        "Gross Profit": 77,
        "Operating Income": 20,
        "EBIT": 26,
        "Net Income": 13
    },
    "2011-06-30": {
        "Diluted EPS": 0.4,
        "Total Revenue": 132,
        "Gross Profit": 75,
        "Operating Income": 20,
        "EBIT": 25,
        "Net Income": 12
    },
    "2011-03-31": {
        "Diluted EPS": 0.27,
        "Total Revenue": 120,
        "Gross Profit": 67,
        "Operating Income": 13,
        "EBIT": 18,
        "Net Income": 8
    },
    "2010-12-31": {
        "Diluted EPS": 0.4,
        "Total Revenue": 133,
        "Gross Profit": 76,
        "Operating Income": 19,
        "EBIT": 24,
        "Net Income": 12
    },
    "2010-09-30": {
        "Diluted EPS": 0.31,
        "Total Revenue": 122,
        "Gross Profit": 68,
        "Operating Income": 16,
        "EBIT": 21,
        "Net Income": 9
    },
    "2010-06-30": {
        "Diluted EPS": 0.27,
        "Total Revenue": 122,
        "Gross Profit": 69,
        "Operating Income": 14,
        "EBIT": 19,
        "Net Income": 8
    },
    "2010-03-31": {
        "Diluted EPS": 0.12,
        "Total Revenue": 107,
        "Gross Profit": 60,
        "Operating Income": 6,
        "EBIT": 11,
        "Net Income": 3
    },
    "2009-12-31": {
        "Diluted EPS": 0.22,
        "Total Revenue": 118,
        "Gross Profit": 67,
        "Operating Income": 12,
        "EBIT": 17,
        "Net Income": 6
    },
    "2009-09-30": {
        "Diluted EPS": 0.13,
        "Total Revenue": 103,
        "Gross Profit": 58,
        "Operating Income": 7,
        "EBIT": 12,
        "Net Income": 4
    },
    "2009-06-30": {
        "Diluted EPS": 0.1,
        "Total Revenue": 100,
        "Gross Profit": 56,
        "Operating Income": 5,
        "EBIT": 10,
        "Net Income": 3
    },
    "2009-03-31": {
        "Diluted EPS": -0.11,
        "Total Revenue": 97,
        "Gross Profit": 55,
        "Operating Income": -5,
        "EBIT": 7,
        "Net Income": -3
    }
}