{
    "2023-06-30": {
        "Tax Effect Of Unusual Items": 0.0,
        "Tax Rate For Calcs": 0.198,
        "Net Income From Continuing Operation Net Minority Interest": 3505000.0,
        "Reconciled Depreciation": 401000.0,
        "Net Interest Income": 10717000.0,
        "Interest Expense": 3541000.0,
        "Interest Income": 14258000.0,
        "Normalized Income": 3505000.0,
        "Net Income From Continuing And Discontinued Operation": 3505000.0,
        "Diluted Average Shares": 6277161.0,
        "Basic Average Shares": 6269668.0,
        "Diluted EPS": 0.56,
        "Basic EPS": 0.56,
        "Diluted NI Availto Com Stockholders": 3505000.0,
        "Net Income Common Stockholders": 3505000.0,
        "Net Income": 3505000.0,
        "Net Income Including Noncontrolling Interests": 3505000.0,
        "Net Income Continuous Operations": 3505000.0,
        "Tax Provision": 866000.0,
        "Pretax Income": 4371000.0,
        "Gain On Sale Of Security": 0.0,
        "Depreciation Amortization Depletion Income Statement": 4000.0,
        "Depreciation And Amortization In Income Statement": 4000.0,
        "Amortization": 4000.0,
        "Amortization Of Intangibles Income Statement": 4000.0,
        "Selling General And Administration": 5649000.0,
        "Selling And Marketing Expense": 248000.0,
        "General And Administrative Expense": 5401000.0,
        "Insurance And Claims": 212000.0,
        "Salaries And Wages": 5189000.0,
        "Total Revenue": 13204000.0,
        "Operating Revenue": 13204000.0
    },
    "2023-03-31": {
        "Tax Effect Of Unusual Items": 0.0,
        "Tax Rate For Calcs": 0.19,
        "Net Income From Continuing Operation Net Minority Interest": 3849000.0,
        "Reconciled Depreciation": 403000.0,
        "Net Interest Income": 11149000.0,
        "Interest Expense": 2352000.0,
        "Interest Income": 13501000.0,
        "Normalized Income": 3849000.0,
        "Net Income From Continuing And Discontinued Operation": 3849000.0,
        "Diluted Average Shares": 6281116.0,
        "Basic Average Shares": 6273913.0,
        "Diluted EPS": 0.61,
        "Basic EPS": 0.61,
        "Diluted NI Availto Com Stockholders": 3849000.0,
        "Net Income Common Stockholders": 3849000.0,
        "Net Income": 3849000.0,
        "Net Income Including Noncontrolling Interests": 3849000.0,
        "Net Income Continuous Operations": 3849000.0,
        "Tax Provision": 905000.0,
        "Pretax Income": 4754000.0,
        "Gain On Sale Of Security": 0.0,
        "Depreciation Amortization Depletion Income Statement": 5000.0,
        "Depreciation And Amortization In Income Statement": 5000.0,
        "Amortization": 5000.0,
        "Amortization Of Intangibles Income Statement": 5000.0,
        "Selling General And Administration": 5720000.0,
        "Selling And Marketing Expense": 268000.0,
        "General And Administrative Expense": 5452000.0,
        "Insurance And Claims": 106000.0,
        "Salaries And Wages": 5346000.0,
        "Total Revenue": 13554000.0,
        "Operating Revenue": 13554000.0
    },
    "2022-12-31": {
        "Tax Effect Of Unusual Items": 0.0,
        "Tax Rate For Calcs": 0.191507,
        "Net Income From Continuing Operation Net Minority Interest": 4779000.0,
        "Reconciled Depreciation": 381000.0,
        "Net Interest Income": 11983000.0,
        "Interest Expense": 1730000.0,
        "Interest Income": 13713000.0,
        "Normalized Income": 4779000.0,
        "Net Income From Continuing And Discontinued Operation": 4779000.0,
        "Diluted Average Shares": 6272409.0,
        "Basic Average Shares": 6262821.0,
        "Diluted EPS": 0.76,
        "Basic EPS": 0.76,
        "Diluted NI Availto Com Stockholders": 4779000.0,
        "Net Income Common Stockholders": 4779000.0,
        "Net Income": 4779000.0,
        "Net Income Including Noncontrolling Interests": 4779000.0,
        "Net Income Continuous Operations": 4779000.0,
        "Tax Provision": 1132000.0,
        "Pretax Income": 5911000.0,
        "Gain On Sale Of Security": 881000.0,
        "Depreciation Amortization Depletion Income Statement": 4000.0,
        "Depreciation And Amortization In Income Statement": 4000.0,
        "Amortization": 4000.0,
        "Amortization Of Intangibles Income Statement": 4000.0,
        "Selling General And Administration": 5623000.0,
        "Selling And Marketing Expense": 228000.0,
        "General And Administrative Expense": 5395000.0,
        "Insurance And Claims": 70000.0,
        "Salaries And Wages": 5325000.0,
        "Total Revenue": 15754000.0,
        "Operating Revenue": 15754000.0
    },
    "2022-09-30": {
        "Tax Effect Of Unusual Items": 0.0,
        "Tax Rate For Calcs": 0.185889,
        "Net Income From Continuing Operation Net Minority Interest": 4454000.0,
        "Reconciled Depreciation": 5000.0,
        "Net Interest Income": 11704000.0,
        "Interest Expense": 1065000.0,
        "Interest Income": 12769000.0,
        "Normalized Income": 4454000.0,
        "Net Income From Continuing And Discontinued Operation": 4454000.0,
        "Diluted Average Shares": 6264107.0,
        "Basic Average Shares": 6257040.0,
        "Diluted EPS": 0.71,
        "Basic EPS": 0.71,
        "Diluted NI Availto Com Stockholders": 4454000.0,
        "Net Income Common Stockholders": 4454000.0,
        "Net Income": 4454000.0,
        "Net Income Including Noncontrolling Interests": 4454000.0,
        "Net Income Continuous Operations": 4454000.0,
        "Tax Provision": 1017000.0,
        "Pretax Income": 5471000.0,
        "Gain On Sale Of Security": 0.0,
        "Depreciation Amortization Depletion Income Statement": 5000.0,
        "Depreciation And Amortization In Income Statement": 5000.0,
        "Amortization": 5000.0,
        "Amortization Of Intangibles Income Statement": 5000.0,
        "Selling General And Administration": 5494000.0,
        "Selling And Marketing Expense": 211000.0,
        "General And Administrative Expense": 5283000.0,
        "Other Gand A": 360000.0,
        "Insurance And Claims": 109000.0,
        "Salaries And Wages": 5174000.0,
        "Total Revenue": 14422000.0,
        "Operating Revenue": 14422000.0
    },
    "2022-06-30": {
        "Tax Effect Of Unusual Items": 0.0,
        "Tax Rate For Calcs": 0.192971,
        "Net Income From Continuing Operation Net Minority Interest": 3835000.0,
        "Reconciled Depreciation": 5000.0,
        "Net Interest Income": 11269000.0,
        "Interest Expense": 549000.0,
        "Interest Income": 11818000.0,
        "Normalized Income": 3835000.0,
        "Net Income From Continuing And Discontinued Operation": 3835000.0,
        "Diluted Average Shares": 6257478.0,
        "Basic Average Shares": 6250329.0,
        "Diluted EPS": 0.61,
        "Basic EPS": 0.61,
        "Diluted NI Availto Com Stockholders": 3835000.0,
        "Net Income Common Stockholders": 3835000.0,
        "Net Income": 3835000.0,
        "Net Income Including Noncontrolling Interests": 3835000.0,
        "Net Income Continuous Operations": 3835000.0,
        "Tax Provision": 917000.0,
        "Pretax Income": 4752000.0,
        "Gain On Sale Of Security": 0.0,
        "Depreciation Amortization Depletion Income Statement": 5000.0,
        "Depreciation And Amortization In Income Statement": 5000.0,
        "Amortization": 5000.0,
        "Amortization Of Intangibles Income Statement": 5000.0,
        "Selling General And Administration": 5441000.0,
        "Selling And Marketing Expense": 223000.0,
        "General And Administrative Expense": 5218000.0,
        "Other Gand A": 352000.0,
        "Insurance And Claims": 132000.0,
        "Salaries And Wages": 5086000.0,
        "Total Revenue": 13723000.0,
        "Operating Revenue": 13723000.0
    },
    "2022-03-31": {
        "Diluted EPS": 0.6,
        "Total Revenue": 14,
        "Gross Profit": 13,
        "Operating Income": 5,
        "EBIT": NaN,
        "Net Income": 4
    },
    "2021-12-31": {
        "Diluted EPS": 0.29,
        "Total Revenue": 14,
        "Gross Profit": 13,
        "Operating Income": 3,
        "EBIT": NaN,
        "Net Income": 2
    },
    "2021-09-30": {
        "Diluted EPS": 0.38,
        "Total Revenue": 13,
        "Gross Profit": 12,
        "Operating Income": 3,
        "EBIT": NaN,
        "Net Income": 2
    },
    "2021-06-30": {
        "Diluted EPS": 0.69,
        "Total Revenue": 10,
        "Gross Profit": 10,
        "Operating Income": 4,
        "EBIT": NaN,
        "Net Income": 3
    },
    "2021-03-31": {
        "Diluted EPS": 0.5,
        "Total Revenue": 10,
        "Gross Profit": 10,
        "Operating Income": 3,
        "EBIT": NaN,
        "Net Income": 2
    },
    "2020-12-31": {
        "Diluted EPS": 0.66,
        "Total Revenue": 10,
        "Gross Profit": 10,
        "Operating Income": 4,
        "EBIT": NaN,
        "Net Income": 3
    },
    "2020-09-30": {
        "Diluted EPS": 0.36,
        "Total Revenue": 11,
        "Gross Profit": 10,
        "Operating Income": 2,
        "EBIT": NaN,
        "Net Income": 2
    },
    "2020-06-30": {
        "Diluted EPS": 0.46,
        "Total Revenue": 10,
        "Gross Profit": 9,
        "Operating Income": 3,
        "EBIT": NaN,
        "Net Income": 2
    },
    "2020-03-31": {
        "Diluted EPS": 0.34,
        "Total Revenue": 10,
        "Gross Profit": 9,
        "Operating Income": 2,
        "EBIT": NaN,
        "Net Income": 2
    },
    "2019-12-31": {
        "Diluted EPS": 0.54,
        "Total Revenue": 11,
        "Gross Profit": 9,
        "Operating Income": 3,
        "EBIT": NaN,
        "Net Income": 3
    },
    "2019-09-30": {
        "Diluted EPS": 0.5,
        "Total Revenue": 11,
        "Gross Profit": 9,
        "Operating Income": 3,
        "EBIT": NaN,
        "Net Income": 2
    },
    "2019-06-30": {
        "Diluted EPS": 0.42,
        "Total Revenue": 10,
        "Gross Profit": 9,
        "Operating Income": 3,
        "EBIT": NaN,
        "Net Income": 2
    },
    "2019-03-31": {
        "Diluted EPS": 0.46,
        "Total Revenue": 10,
        "Gross Profit": 9,
        "Operating Income": 3,
        "EBIT": NaN,
        "Net Income": 2
    },
    "2018-12-31": {
        "Diluted EPS": 0.47,
        "Total Revenue": 10,
        "Gross Profit": 9,
        "Operating Income": 3,
        "EBIT": NaN,
        "Net Income": 2
    },
    "2018-09-30": {
        "Diluted EPS": 0.54,
        "Total Revenue": 10,
        "Gross Profit": 9,
        "Operating Income": 3,
        "EBIT": NaN,
        "Net Income": 3
    },
    "2018-06-30": {
        "Diluted EPS": 0.49,
        "Total Revenue": 10,
        "Gross Profit": 9,
        "Operating Income": 3,
        "EBIT": NaN,
        "Net Income": 2
    },
    "2018-03-31": {
        "Diluted EPS": 0.54,
        "Total Revenue": 10,
        "Gross Profit": 9,
        "Operating Income": 3,
        "EBIT": NaN,
        "Net Income": 3
    },
    "2017-12-31": {
        "Diluted EPS": 0.26,
        "Total Revenue": 10,
        "Gross Profit": 9,
        "Operating Income": 3,
        "EBIT": NaN,
        "Net Income": 1
    },
    "2017-09-30": {
        "Diluted EPS": 0.37,
        "Total Revenue": 9,
        "Gross Profit": 8,
        "Operating Income": 3,
        "EBIT": NaN,
        "Net Income": 2
    },
    "2017-06-30": {
        "Diluted EPS": 0.36,
        "Total Revenue": 9,
        "Gross Profit": 8,
        "Operating Income": 3,
        "EBIT": NaN,
        "Net Income": 2
    },
    "2017-03-31": {
        "Diluted EPS": 0.31,
        "Total Revenue": 8,
        "Gross Profit": 8,
        "Operating Income": 2,
        "EBIT": NaN,
        "Net Income": 2
    },
    "2016-12-31": {
        "Diluted EPS": 0.35,
        "Total Revenue": 9,
        "Gross Profit": 8,
        "Operating Income": 2,
        "EBIT": NaN,
        "Net Income": 2
    },
    "2016-09-30": {
        "Diluted EPS": 0.34,
        "Total Revenue": 9,
        "Gross Profit": 8,
        "Operating Income": 2,
        "EBIT": NaN,
        "Net Income": 2
    },
    "2016-06-30": {
        "Diluted EPS": 0.29,
        "Total Revenue": 8,
        "Gross Profit": 8,
        "Operating Income": 2,
        "EBIT": NaN,
        "Net Income": 1
    },
    "2016-03-31": {
        "Diluted EPS": 0.22,
        "Total Revenue": 8,
        "Gross Profit": 8,
        "Operating Income": 2,
        "EBIT": NaN,
        "Net Income": 1
    },
    "2015-12-31": {
        "Diluted EPS": 0.17,
        "Total Revenue": 8,
        "Gross Profit": 8,
        "Operating Income": 1,
        "EBIT": NaN,
        "Net Income": 1
    },
    "2015-09-30": {
        "Diluted EPS": 0.08,
        "Total Revenue": 8,
        "Gross Profit": 8,
        "Operating Income": 1,
        "EBIT": NaN,
        "Net Income": 0
    },
    "2015-06-30": {
        "Diluted EPS": 0.02,
        "Total Revenue": 8,
        "Gross Profit": 7,
        "Operating Income": 1,
        "EBIT": NaN,
        "Net Income": 0
    },
    "2015-03-31": {
        "Diluted EPS": 0.04,
        "Total Revenue": 7,
        "Gross Profit": 6,
        "Operating Income": 1,
        "EBIT": NaN,
        "Net Income": 0
    },
    "2014-12-31": {
        "Diluted EPS": 0.68,
        "Total Revenue": 8,
        "Gross Profit": 7,
        "Operating Income": 6,
        "EBIT": NaN,
        "Net Income": 3
    },
    "2014-09-30": {
        "Diluted EPS": 0.19,
        "Total Revenue": 7,
        "Gross Profit": 6,
        "Operating Income": 2,
        "EBIT": NaN,
        "Net Income": 1
    },
    "2014-06-30": {
        "Diluted EPS": 0.26,
        "Total Revenue": 7,
        "Gross Profit": 6,
        "Operating Income": 2,
        "EBIT": NaN,
        "Net Income": 1
    },
    "2014-03-31": {
        "Diluted EPS": 0.19,
        "Total Revenue": 7,
        "Gross Profit": 6,
        "Operating Income": 2,
        "EBIT": NaN,
        "Net Income": 1
    },
    "2013-12-31": {
        "Diluted EPS": 1.46,
        "Total Revenue": 7,
        "Gross Profit": 6,
        "Operating Income": 3,
        "EBIT": NaN,
        "Net Income": 7
    },
    "2013-09-30": {
        "Diluted EPS": 0.21,
        "Total Revenue": 7,
        "Gross Profit": 6,
        "Operating Income": 1,
        "EBIT": NaN,
        "Net Income": 1
    },
    "2013-06-30": {
        "Diluted EPS": 0.01,
        "Total Revenue": 7,
        "Gross Profit": 7,
        "Operating Income": -1,
        "EBIT": NaN,
        "Net Income": 0
    },
    "2013-03-31": {
        "Diluted EPS": 0.15,
        "Total Revenue": 7,
        "Gross Profit": 6,
        "Operating Income": 1,
        "EBIT": NaN,
        "Net Income": 1
    },
    "2012-12-31": {
        "Diluted EPS": 0.15,
        "Total Revenue": 7,
        "Gross Profit": 6,
        "Operating Income": 1,
        "EBIT": NaN,
        "Net Income": 1
    },
    "2012-09-30": {
        "Diluted EPS": 0.09,
        "Total Revenue": 7,
        "Gross Profit": 6,
        "Operating Income": 1,
        "EBIT": NaN,
        "Net Income": 0
    },
    "2012-06-30": {
        "Diluted EPS": 0.16,
        "Total Revenue": 7,
        "Gross Profit": 6,
        "Operating Income": 1,
        "EBIT": NaN,
        "Net Income": 0
    },
    "2012-03-31": {
        "Diluted EPS": 0.08,
        "Total Revenue": 9,
        "Gross Profit": 8,
        "Operating Income": 1,
        "EBIT": NaN,
        "Net Income": 0
    },
    "2011-12-31": {
        "Diluted EPS": -2.82,
        "Total Revenue": 8,
        "Gross Profit": 7,
        "Operating Income": -3,
        "EBIT": NaN,
        "Net Income": -8
    },
    "2011-09-30": {
        "Diluted EPS": -1.05,
        "Total Revenue": 8,
        "Gross Profit": 7,
        "Operating Income": -4,
        "EBIT": NaN,
        "Net Income": -3
    },
    "2011-06-30": {
        "Diluted EPS": -0.4,
        "Total Revenue": 8,
        "Gross Profit": 7,
        "Operating Income": -1,
        "EBIT": NaN,
        "Net Income": -1
    },
    "2011-03-31": {
        "Diluted EPS": 0.26,
        "Total Revenue": 8,
        "Gross Profit": 6,
        "Operating Income": 1,
        "EBIT": NaN,
        "Net Income": 1
    },
    "2010-12-31": {
        "Diluted EPS": -2.12,
        "Total Revenue": 9,
        "Gross Profit": 7,
        "Operating Income": -9,
        "EBIT": NaN,
        "Net Income": -6
    },
    "2010-09-30": {
        "Diluted EPS": 0.16,
        "Total Revenue": 8,
        "Gross Profit": 7,
        "Operating Income": 1,
        "EBIT": NaN,
        "Net Income": 0
    },
    "2010-06-30": {
        "Diluted EPS": 0.18,
        "Total Revenue": 8,
        "Gross Profit": 7,
        "Operating Income": 1,
        "EBIT": NaN,
        "Net Income": 1
    },
    "2010-03-31": {
        "Diluted EPS": 0.27,
        "Total Revenue": 8,
        "Gross Profit": 6,
        "Operating Income": 1,
        "EBIT": NaN,
        "Net Income": 1
    },
    "2009-12-31": {
        "Diluted EPS": 0.28,
        "Total Revenue": 9,
        "Gross Profit": 6,
        "Operating Income": 1,
        "EBIT": NaN,
        "Net Income": 1
    },
    "2009-09-30": {
        "Diluted EPS": 0.2,
        "Total Revenue": 8,
        "Gross Profit": 6,
        "Operating Income": 1,
        "EBIT": NaN,
        "Net Income": 1
    },
    "2009-06-30": {
        "Diluted EPS": 0.01,
        "Total Revenue": 8,
        "Gross Profit": 6,
        "Operating Income": 0,
        "EBIT": NaN,
        "Net Income": 0
    },
    "2009-03-31": {
        "Diluted EPS": 0.0,
        "Total Revenue": 8,
        "Gross Profit": 5,
        "Operating Income": 0,
        "EBIT": NaN,
        "Net Income": 0
    },
    "2023-09-30": {
        "Tax Effect Of Unusual Items": 0.0,
        "Tax Rate For Calcs": 0.19,
        "Net Income From Continuing Operation Net Minority Interest": 3121000.0,
        "Reconciled Depreciation": 405000.0,
        "Net Interest Income": 10657000.0,
        "Interest Expense": 3948000.0,
        "Interest Income": 14605000.0,
        "Normalized Income": 3121000.0,
        "Net Income From Continuing And Discontinued Operation": 3121000.0,
        "Diluted Average Shares": 6271351.0,
        "Basic Average Shares": 6256663.0,
        "Diluted EPS": 0.5,
        "Basic EPS": 0.5,
        "Diluted NI Availto Com Stockholders": 3121000.0,
        "Net Income Common Stockholders": 3121000.0,
        "Net Income": 3121000.0,
        "Net Income Including Noncontrolling Interests": 3121000.0,
        "Net Income Continuous Operations": 3121000.0,
        "Tax Provision": 731000.0,
        "Pretax Income": 3852000.0,
        "Gain On Sale Of Security": 0.0,
        "Depreciation Amortization Depletion Income Statement": 5000.0,
        "Depreciation And Amortization In Income Statement": 5000.0,
        "Amortization": 5000.0,
        "Amortization Of Intangibles Income Statement": 5000.0,
        "Selling General And Administration": 5870000.0,
        "Selling And Marketing Expense": 204000.0,
        "General And Administrative Expense": 5666000.0,
        "Insurance And Claims": 161000.0,
        "Salaries And Wages": 5505000.0,
        "Total Revenue": 13296000.0,
        "Operating Revenue": 13296000.0
    },
    "2023-12-31": {
        "Tax Effect Of Unusual Items": 0.0,
        "Tax Rate For Calcs": 0.273891,
        "Net Income From Continuing Operation Net Minority Interest": -851000.0,
        "Reconciled Depreciation": 407000.0,
        "Net Interest Income": 10779000.0,
        "Interest Expense": 4465000.0,
        "Interest Income": 15244000.0,
        "Normalized Income": -851000.0,
        "Net Income From Continuing And Discontinued Operation": -851000.0,
        "Diluted Average Shares": 6282815.0,
        "Basic Average Shares": 6261500.0,
        "Diluted EPS": -0.14,
        "Basic EPS": -0.14,
        "Diluted NI Availto Com Stockholders": -851000.0,
        "Net Income Common Stockholders": -851000.0,
        "Net Income": -851000.0,
        "Net Income Including Noncontrolling Interests": -851000.0,
        "Net Income Continuous Operations": -851000.0,
        "Tax Provision": -321000.0,
        "Pretax Income": -1172000.0,
        "Gain On Sale Of Security": 186000.0,
        "Depreciation Amortization Depletion Income Statement": 4000.0,
        "Depreciation And Amortization In Income Statement": 4000.0,
        "Amortization": 4000.0,
        "Amortization Of Intangibles Income Statement": 4000.0,
        "Selling General And Administration": 5343000.0,
        "Selling And Marketing Expense": 190000.0,
        "General And Administrative Expense": 5153000.0,
        "Insurance And Claims": 154000.0,
        "Salaries And Wages": 4999000.0,
        "Total Revenue": 13518000.0,
        "Operating Revenue": 13518000.0
    },
    "2024-03-31": {
        "Tax Effect Of Unusual Items": NaN,
        "Tax Rate For Calcs": NaN,
        "Net Income From Continuing Operation Net Minority Interest": NaN,
        "Reconciled Depreciation": NaN,
        "Net Interest Income": NaN,
        "Interest Expense": NaN,
        "Interest Income": NaN,
        "Normalized Income": NaN,
        "Net Income From Continuing And Discontinued Operation": NaN,
        "Diluted Average Shares": 6282534.0,
        "Basic Average Shares": 6269790.0,
        "Diluted EPS": 0.51,
        "Basic EPS": 0.51,
        "Diluted NI Availto Com Stockholders": NaN,
        "Net Income Common Stockholders": NaN,
        "Net Income": NaN,
        "Net Income Including Noncontrolling Interests": NaN,
        "Net Income Continuous Operations": NaN,
        "Tax Provision": NaN,
        "Pretax Income": NaN,
        "Gain On Sale Of Security": NaN,
        "Depreciation Amortization Depletion Income Statement": NaN,
        "Depreciation And Amortization In Income Statement": NaN,
        "Amortization": NaN,
        "Amortization Of Intangibles Income Statement": NaN,
        "Selling General And Administration": NaN,
        "Selling And Marketing Expense": NaN,
        "General And Administrative Expense": NaN,
        "Insurance And Claims": NaN,
        "Salaries And Wages": NaN,
        "Total Revenue": NaN,
        "Operating Revenue": NaN
    }
}