{
    "2023-06-30": {
        "Tax Effect Of Unusual Items": 0.0,
        "Tax Rate For Calcs": 0.17691,
        "Total Unusual Items": 0.0,
        "Total Unusual Items Excluding Goodwill": 0.0,
        "Net Income From Continuing Operation Net Minority Interest": 22123000.0,
        "Reconciled Depreciation": 2411000.0,
        "Net Interest Income": 48258000.0,
        "Interest Expense": 15256000.0,
        "Interest Income": 63514000.0,
        "Normalized Income": 22123000.0,
        "Net Income From Continuing And Discontinued Operation": 22123000.0,
        "Diluted Average Shares": 29573042.0,
        "Basic Average Shares": 29573042.0,
        "Diluted EPS": 0.75,
        "Basic EPS": 0.75,
        "Diluted NI Availto Com Stockholders": 22123000.0,
        "Net Income Common Stockholders": 22123000.0,
        "Net Income": 22123000.0,
        "Net Income Including Noncontrolling Interests": 22123000.0,
        "Net Income Continuous Operations": 22123000.0,
        "Tax Provision": 4755000.0,
        "Pretax Income": 26878000.0,
        "Special Income Charges": 0.0,
        "Other Special Charges": NaN,
        "Gain On Sale Of Security": 38000.0,
        "Depreciation Amortization Depletion Income Statement": 734000.0,
        "Depreciation And Amortization In Income Statement": 734000.0,
        "Amortization": 734000.0,
        "Amortization Of Intangibles Income Statement": 734000.0,
        "Selling General And Administration": 22051000.0,
        "Selling And Marketing Expense": 1261000.0,
        "General And Administrative Expense": 20790000.0,
        "Insurance And Claims": 687000.0,
        "Salaries And Wages": 20103000.0,
        "Total Revenue": 63154000.0,
        "Operating Revenue": 63154000.0,
        "Occupancy And Equipment": 3443000.0,
        "Professional Expense And Contract Services Expense": 1614000.0,
        "Other Non Interest Expense": 7884000.0
    },
    "2023-03-31": {
        "Tax Effect Of Unusual Items": 0.0,
        "Tax Rate For Calcs": 0.176,
        "Net Income From Continuing Operation Net Minority Interest": 20807000.0,
        "Reconciled Depreciation": 2429000.0,
        "Net Interest Income": 49009000.0,
        "Interest Expense": 11480000.0,
        "Interest Income": 60489000.0,
        "Normalized Income": 20807000.0,
        "Net Income From Continuing And Discontinued Operation": 20807000.0,
        "Diluted Average Shares": 29507446.0,
        "Basic Average Shares": 29507446.0,
        "Diluted EPS": 0.71,
        "Basic EPS": 0.71,
        "Diluted NI Availto Com Stockholders": 20807000.0,
        "Net Income Common Stockholders": 20807000.0,
        "Net Income": 20807000.0,
        "Net Income Including Noncontrolling Interests": 20807000.0,
        "Net Income Continuous Operations": 20807000.0,
        "Tax Provision": 4453000.0,
        "Pretax Income": 25260000.0,
        "Gain On Sale Of Security": 2000.0,
        "Depreciation Amortization Depletion Income Statement": 785000.0,
        "Depreciation And Amortization In Income Statement": 785000.0,
        "Amortization": 785000.0,
        "Amortization Of Intangibles Income Statement": 785000.0,
        "Selling General And Administration": 23754000.0,
        "Selling And Marketing Expense": 1167000.0,
        "General And Administrative Expense": 22587000.0,
        "Insurance And Claims": 741000.0,
        "Salaries And Wages": 21846000.0,
        "Total Revenue": 63976000.0,
        "Operating Revenue": 63976000.0,
        "Occupancy And Equipment": 3820000.0,
        "Professional Expense And Contract Services Expense": 1562000.0,
        "Other Non Interest Expense": 7695000.0
    },
    "2022-12-31": {
        "Tax Effect Of Unusual Items": 0.0,
        "Tax Rate For Calcs": 0.1844,
        "Net Income From Continuing Operation Net Minority Interest": 24415000.0,
        "Reconciled Depreciation": 2373000.0,
        "Net Interest Income": 52381000.0,
        "Interest Expense": 8480000.0,
        "Interest Income": 60861000.0,
        "Normalized Income": 24415000.0,
        "Net Income From Continuing And Discontinued Operation": 24415000.0,
        "Diluted Average Shares": 29485940.0,
        "Basic Average Shares": 29485940.0,
        "Diluted EPS": 0.83,
        "Basic EPS": 0.83,
        "Diluted NI Availto Com Stockholders": 24415000.0,
        "Net Income Common Stockholders": 24415000.0,
        "Net Income": 24415000.0,
        "Net Income Including Noncontrolling Interests": 24415000.0,
        "Net Income Continuous Operations": 24415000.0,
        "Tax Provision": 5520000.0,
        "Pretax Income": 29935000.0,
        "Gain On Sale Of Security": 89000.0,
        "Depreciation Amortization Depletion Income Statement": 840000.0,
        "Depreciation And Amortization In Income Statement": 840000.0,
        "Amortization": 840000.0,
        "Amortization Of Intangibles Income Statement": 840000.0,
        "Selling General And Administration": 22400000.0,
        "Selling And Marketing Expense": 1036000.0,
        "General And Administrative Expense": 21364000.0,
        "Insurance And Claims": 442000.0,
        "Salaries And Wages": 20922000.0,
        "Total Revenue": 66049000.0,
        "Operating Revenue": 66049000.0
    },
    "2022-09-30": {
        "Tax Effect Of Unusual Items": 0.0,
        "Tax Rate For Calcs": 0.199583,
        "Net Income From Continuing Operation Net Minority Interest": 24596000.0,
        "Reconciled Depreciation": 897000.0,
        "Net Interest Income": 51698000.0,
        "Interest Expense": 4826000.0,
        "Interest Income": 56524000.0,
        "Normalized Income": 24596000.0,
        "Net Income From Continuing And Discontinued Operation": 24596000.0,
        "Diluted Average Shares": 29484394.0,
        "Basic Average Shares": 29484394.0,
        "Diluted EPS": 0.83,
        "Basic EPS": 0.83,
        "Diluted NI Availto Com Stockholders": 24596000.0,
        "Net Income Common Stockholders": 24596000.0,
        "Net Income": 24596000.0,
        "Net Income Including Noncontrolling Interests": 24596000.0,
        "Net Income Continuous Operations": 24596000.0,
        "Tax Provision": 6133000.0,
        "Pretax Income": 30729000.0,
        "Gain On Sale Of Security": 23000.0,
        "Depreciation Amortization Depletion Income Statement": 897000.0,
        "Depreciation And Amortization In Income Statement": 897000.0,
        "Amortization": 897000.0,
        "Amortization Of Intangibles Income Statement": 897000.0,
        "Selling General And Administration": 21443000.0,
        "Selling And Marketing Expense": 1215000.0,
        "General And Administrative Expense": 20228000.0,
        "Insurance And Claims": 477000.0,
        "Salaries And Wages": 19751000.0,
        "Total Revenue": 65795000.0,
        "Operating Revenue": 65795000.0
    },
    "2022-06-30": {
        "Tax Effect Of Unusual Items": 0.0,
        "Tax Rate For Calcs": 0.174764,
        "Net Income From Continuing Operation Net Minority Interest": 23747000.0,
        "Reconciled Depreciation": 957000.0,
        "Net Interest Income": 49597000.0,
        "Interest Expense": 2669000.0,
        "Interest Income": 52266000.0,
        "Normalized Income": 23747000.0,
        "Net Income From Continuing And Discontinued Operation": 23747000.0,
        "Diluted Average Shares": 29483848.0,
        "Basic Average Shares": 29483848.0,
        "Diluted EPS": 0.81,
        "Basic EPS": 0.81,
        "Diluted NI Availto Com Stockholders": 23747000.0,
        "Net Income Common Stockholders": 23747000.0,
        "Net Income": 23747000.0,
        "Net Income Including Noncontrolling Interests": 23747000.0,
        "Net Income Continuous Operations": 23747000.0,
        "Tax Provision": 5029000.0,
        "Pretax Income": 28776000.0,
        "Gain On Sale Of Security": 78000.0,
        "Depreciation Amortization Depletion Income Statement": 957000.0,
        "Depreciation And Amortization In Income Statement": 957000.0,
        "Amortization": 957000.0,
        "Amortization Of Intangibles Income Statement": 957000.0,
        "Selling General And Administration": 21876000.0,
        "Selling And Marketing Expense": 1027000.0,
        "General And Administrative Expense": 20849000.0,
        "Other Gand A": 2460000.0,
        "Insurance And Claims": 465000.0,
        "Salaries And Wages": 20384000.0,
        "Total Revenue": 64777000.0,
        "Operating Revenue": 64777000.0
    },
    "2022-03-31": {
        "Diluted EPS": 0.31,
        "Total Revenue": 65,
        "Gross Profit": 63,
        "Operating Income": 10,
        "EBIT": NaN,
        "Net Income": 9
    },
    "2021-12-31": {
        "Diluted EPS": 0.72,
        "Total Revenue": 58,
        "Gross Profit": 56,
        "Operating Income": 22,
        "EBIT": NaN,
        "Net Income": 19
    },
    "2021-09-30": {
        "Diluted EPS": 0.81,
        "Total Revenue": 59,
        "Gross Profit": 57,
        "Operating Income": 26,
        "EBIT": NaN,
        "Net Income": 21
    },
    "2021-06-30": {
        "Diluted EPS": 0.9,
        "Total Revenue": 56,
        "Gross Profit": 54,
        "Operating Income": 30,
        "EBIT": NaN,
        "Net Income": 24
    },
    "2021-03-31": {
        "Diluted EPS": 0.74,
        "Total Revenue": 57,
        "Gross Profit": 54,
        "Operating Income": 24,
        "EBIT": NaN,
        "Net Income": 20
    },
    "2020-12-31": {
        "Diluted EPS": 0.78,
        "Total Revenue": 60,
        "Gross Profit": 57,
        "Operating Income": 26,
        "EBIT": NaN,
        "Net Income": 21
    },
    "2020-09-30": {
        "Diluted EPS": 0.55,
        "Total Revenue": 55,
        "Gross Profit": 52,
        "Operating Income": 18,
        "EBIT": NaN,
        "Net Income": 15
    },
    "2020-06-30": {
        "Diluted EPS": 0.54,
        "Total Revenue": 56,
        "Gross Profit": 51,
        "Operating Income": 17,
        "EBIT": NaN,
        "Net Income": 14
    },
    "2020-03-31": {
        "Diluted EPS": 0.47,
        "Total Revenue": 58,
        "Gross Profit": 50,
        "Operating Income": 15,
        "EBIT": NaN,
        "Net Income": 12
    },
    "2019-12-31": {
        "Diluted EPS": 0.59,
        "Total Revenue": 59,
        "Gross Profit": 51,
        "Operating Income": 19,
        "EBIT": NaN,
        "Net Income": 16
    },
    "2019-09-30": {
        "Diluted EPS": 0.49,
        "Total Revenue": 59,
        "Gross Profit": 51,
        "Operating Income": 16,
        "EBIT": NaN,
        "Net Income": 13
    },
    "2019-06-30": {
        "Diluted EPS": 0.61,
        "Total Revenue": 52,
        "Gross Profit": 44,
        "Operating Income": 18,
        "EBIT": NaN,
        "Net Income": 15
    },
    "2019-03-31": {
        "Diluted EPS": 0.6,
        "Total Revenue": 53,
        "Gross Profit": 45,
        "Operating Income": 18,
        "EBIT": NaN,
        "Net Income": 15
    },
    "2018-12-31": {
        "Diluted EPS": 0.45,
        "Total Revenue": 49,
        "Gross Profit": 43,
        "Operating Income": 13,
        "EBIT": NaN,
        "Net Income": 11
    },
    "2018-09-30": {
        "Diluted EPS": 0.55,
        "Total Revenue": 42,
        "Gross Profit": 38,
        "Operating Income": 15,
        "EBIT": NaN,
        "Net Income": 13
    },
    "2018-06-30": {
        "Diluted EPS": 0.48,
        "Total Revenue": 40,
        "Gross Profit": 36,
        "Operating Income": 13,
        "EBIT": NaN,
        "Net Income": 11
    },
    "2018-03-31": {
        "Diluted EPS": 0.51,
        "Total Revenue": 39,
        "Gross Profit": 35,
        "Operating Income": 14,
        "EBIT": NaN,
        "Net Income": 12
    },
    "2017-12-31": {
        "Diluted EPS": 0.5,
        "Total Revenue": 36,
        "Gross Profit": 33,
        "Operating Income": 12,
        "EBIT": NaN,
        "Net Income": 12
    },
    "2017-09-30": {
        "Diluted EPS": 0.42,
        "Total Revenue": 36,
        "Gross Profit": 33,
        "Operating Income": 13,
        "EBIT": NaN,
        "Net Income": 10
    },
    "2017-06-30": {
        "Diluted EPS": 0.43,
        "Total Revenue": 35,
        "Gross Profit": 33,
        "Operating Income": 13,
        "EBIT": NaN,
        "Net Income": 10
    },
    "2017-03-31": {
        "Diluted EPS": 0.42,
        "Total Revenue": 35,
        "Gross Profit": 33,
        "Operating Income": 13,
        "EBIT": NaN,
        "Net Income": 10
    },
    "2016-12-31": {
        "Diluted EPS": 0.44,
        "Total Revenue": 35,
        "Gross Profit": 33,
        "Operating Income": 14,
        "EBIT": NaN,
        "Net Income": 10
    },
    "2016-09-30": {
        "Diluted EPS": 0.45,
        "Total Revenue": 35,
        "Gross Profit": 33,
        "Operating Income": 14,
        "EBIT": NaN,
        "Net Income": 10
    },
    "2016-06-30": {
        "Diluted EPS": 0.43,
        "Total Revenue": 35,
        "Gross Profit": 33,
        "Operating Income": 14,
        "EBIT": NaN,
        "Net Income": 10
    },
    "2016-03-31": {
        "Diluted EPS": 0.25,
        "Total Revenue": 30,
        "Gross Profit": 28,
        "Operating Income": 7,
        "EBIT": NaN,
        "Net Income": 5
    },
    "2015-12-31": {
        "Diluted EPS": 0.39,
        "Total Revenue": 27,
        "Gross Profit": 26,
        "Operating Income": 11,
        "EBIT": NaN,
        "Net Income": 8
    },
    "2015-09-30": {
        "Diluted EPS": 0.39,
        "Total Revenue": 28,
        "Gross Profit": 27,
        "Operating Income": 10,
        "EBIT": NaN,
        "Net Income": 8
    },
    "2015-06-30": {
        "Diluted EPS": 0.37,
        "Total Revenue": 26,
        "Gross Profit": 25,
        "Operating Income": 10,
        "EBIT": NaN,
        "Net Income": 7
    },
    "2015-03-31": {
        "Diluted EPS": 0.37,
        "Total Revenue": 27,
        "Gross Profit": 26,
        "Operating Income": 11,
        "EBIT": NaN,
        "Net Income": 7
    },
    "2014-12-31": {
        "Diluted EPS": 0.38,
        "Total Revenue": 26,
        "Gross Profit": 25,
        "Operating Income": 11,
        "EBIT": NaN,
        "Net Income": 8
    },
    "2014-09-30": {
        "Diluted EPS": 0.39,
        "Total Revenue": 27,
        "Gross Profit": 25,
        "Operating Income": 11,
        "EBIT": NaN,
        "Net Income": 8
    },
    "2014-06-30": {
        "Diluted EPS": 0.34,
        "Total Revenue": 25,
        "Gross Profit": 24,
        "Operating Income": 9,
        "EBIT": NaN,
        "Net Income": 7
    },
    "2014-03-31": {
        "Diluted EPS": 0.32,
        "Total Revenue": 26,
        "Gross Profit": 24,
        "Operating Income": 9,
        "EBIT": NaN,
        "Net Income": 6
    },
    "2013-12-31": {
        "Diluted EPS": 0.33,
        "Total Revenue": 26,
        "Gross Profit": 25,
        "Operating Income": 9,
        "EBIT": NaN,
        "Net Income": 7
    },
    "2013-09-30": {
        "Diluted EPS": 0.34,
        "Total Revenue": 24,
        "Gross Profit": 23,
        "Operating Income": 9,
        "EBIT": NaN,
        "Net Income": 6
    },
    "2013-06-30": {
        "Diluted EPS": 0.35,
        "Total Revenue": 25,
        "Gross Profit": 23,
        "Operating Income": 10,
        "EBIT": NaN,
        "Net Income": 7
    },
    "2013-03-31": {
        "Diluted EPS": 0.31,
        "Total Revenue": 24,
        "Gross Profit": 22,
        "Operating Income": 8,
        "EBIT": NaN,
        "Net Income": 6
    },
    "2012-12-31": {
        "Diluted EPS": 0.33,
        "Total Revenue": 25,
        "Gross Profit": 23,
        "Operating Income": 9,
        "EBIT": NaN,
        "Net Income": 6
    },
    "2012-09-30": {
        "Diluted EPS": 0.33,
        "Total Revenue": 25,
        "Gross Profit": 23,
        "Operating Income": 9,
        "EBIT": NaN,
        "Net Income": 6
    },
    "2012-06-30": {
        "Diluted EPS": 0.31,
        "Total Revenue": 24,
        "Gross Profit": 21,
        "Operating Income": 9,
        "EBIT": NaN,
        "Net Income": 6
    },
    "2012-03-31": {
        "Diluted EPS": 0.29,
        "Total Revenue": 25,
        "Gross Profit": 21,
        "Operating Income": 8,
        "EBIT": NaN,
        "Net Income": 6
    },
    "2011-12-31": {
        "Diluted EPS": 0.29,
        "Total Revenue": 27,
        "Gross Profit": 23,
        "Operating Income": 8,
        "EBIT": NaN,
        "Net Income": 6
    },
    "2011-09-30": {
        "Diluted EPS": 0.27,
        "Total Revenue": 25,
        "Gross Profit": 21,
        "Operating Income": 7,
        "EBIT": NaN,
        "Net Income": 5
    },
    "2011-06-30": {
        "Diluted EPS": 0.26,
        "Total Revenue": 25,
        "Gross Profit": 21,
        "Operating Income": 7,
        "EBIT": NaN,
        "Net Income": 5
    },
    "2011-03-31": {
        "Diluted EPS": 0.25,
        "Total Revenue": 26,
        "Gross Profit": 21,
        "Operating Income": 6,
        "EBIT": NaN,
        "Net Income": 5
    },
    "2010-12-31": {
        "Diluted EPS": 0.19,
        "Total Revenue": 20,
        "Gross Profit": 17,
        "Operating Income": 5,
        "EBIT": NaN,
        "Net Income": 3
    },
    "2010-09-30": {
        "Diluted EPS": 0.21,
        "Total Revenue": 21,
        "Gross Profit": 17,
        "Operating Income": 5,
        "EBIT": NaN,
        "Net Income": 4
    },
    "2010-06-30": {
        "Diluted EPS": 0.21,
        "Total Revenue": 20,
        "Gross Profit": 16,
        "Operating Income": 5,
        "EBIT": NaN,
        "Net Income": 3
    },
    "2010-03-31": {
        "Diluted EPS": 0.19,
        "Total Revenue": 20,
        "Gross Profit": 16,
        "Operating Income": 4,
        "EBIT": NaN,
        "Net Income": 3
    },
    "2009-12-31": {
        "Diluted EPS": 0.19,
        "Total Revenue": 20,
        "Gross Profit": 15,
        "Operating Income": 4,
        "EBIT": NaN,
        "Net Income": 3
    },
    "2009-09-30": {
        "Diluted EPS": 0.19,
        "Total Revenue": 20,
        "Gross Profit": 16,
        "Operating Income": 4,
        "EBIT": NaN,
        "Net Income": 3
    },
    "2009-06-30": {
        "Diluted EPS": 0.17,
        "Total Revenue": 20,
        "Gross Profit": 15,
        "Operating Income": 4,
        "EBIT": NaN,
        "Net Income": 3
    },
    "2009-03-31": {
        "Diluted EPS": 0.18,
        "Total Revenue": 20,
        "Gross Profit": 15,
        "Operating Income": 4,
        "EBIT": NaN,
        "Net Income": 3
    },
    "2023-09-30": {
        "Tax Effect Of Unusual Items": 0.0,
        "Tax Rate For Calcs": 0.176,
        "Total Unusual Items": NaN,
        "Total Unusual Items Excluding Goodwill": NaN,
        "Net Income From Continuing Operation Net Minority Interest": 21451000.0,
        "Reconciled Depreciation": 2368000.0,
        "Net Interest Income": 47559000.0,
        "Interest Expense": 18083000.0,
        "Interest Income": 65642000.0,
        "Normalized Income": 21451000.0,
        "Net Income From Continuing And Discontinued Operation": 21451000.0,
        "Diluted Average Shares": 29573461.0,
        "Basic Average Shares": 29573461.0,
        "Diluted EPS": 0.73,
        "Basic EPS": 0.73,
        "Diluted NI Availto Com Stockholders": 21451000.0,
        "Net Income Common Stockholders": 21451000.0,
        "Net Income": 21451000.0,
        "Net Income Including Noncontrolling Interests": 21451000.0,
        "Net Income Continuous Operations": 21451000.0,
        "Tax Provision": 4591000.0,
        "Pretax Income": 26042000.0,
        "Special Income Charges": NaN,
        "Other Special Charges": NaN,
        "Gain On Sale Of Security": 0.0,
        "Depreciation Amortization Depletion Income Statement": 685000.0,
        "Depreciation And Amortization In Income Statement": 685000.0,
        "Amortization": 685000.0,
        "Amortization Of Intangibles Income Statement": 685000.0,
        "Selling General And Administration": 22325000.0,
        "Selling And Marketing Expense": 1278000.0,
        "General And Administrative Expense": 21047000.0,
        "Insurance And Claims": 700000.0,
        "Salaries And Wages": 20347000.0,
        "Total Revenue": 62363000.0,
        "Operating Revenue": 62363000.0,
        "Occupancy And Equipment": 3691000.0,
        "Professional Expense And Contract Services Expense": 1229000.0,
        "Other Non Interest Expense": 7491000.0
    },
    "2023-12-31": {
        "Tax Effect Of Unusual Items": 0.0,
        "Tax Rate For Calcs": 0.155495,
        "Total Unusual Items": NaN,
        "Total Unusual Items Excluding Goodwill": NaN,
        "Net Income From Continuing Operation Net Minority Interest": 21507000.0,
        "Reconciled Depreciation": 2352000.0,
        "Net Interest Income": 45607000.0,
        "Interest Expense": 21404000.0,
        "Interest Income": 67011000.0,
        "Normalized Income": 21507000.0,
        "Net Income From Continuing And Discontinued Operation": 21507000.0,
        "Diluted Average Shares": 29575398.0,
        "Basic Average Shares": 29575398.0,
        "Diluted EPS": 0.73,
        "Basic EPS": 0.73,
        "Diluted NI Availto Com Stockholders": 21507000.0,
        "Net Income Common Stockholders": 21507000.0,
        "Net Income": 21507000.0,
        "Net Income Including Noncontrolling Interests": 21507000.0,
        "Net Income Continuous Operations": 21507000.0,
        "Tax Provision": 3960000.0,
        "Pretax Income": 25467000.0,
        "Special Income Charges": NaN,
        "Other Special Charges": NaN,
        "Gain On Sale Of Security": 0.0,
        "Depreciation Amortization Depletion Income Statement": 636000.0,
        "Depreciation And Amortization In Income Statement": 636000.0,
        "Amortization": 636000.0,
        "Amortization Of Intangibles Income Statement": 636000.0,
        "Selling General And Administration": 22800000.0,
        "Selling And Marketing Expense": 1151000.0,
        "General And Administrative Expense": 21649000.0,
        "Insurance And Claims": 701000.0,
        "Salaries And Wages": 20948000.0,
        "Total Revenue": 61201000.0,
        "Operating Revenue": 61201000.0,
        "Occupancy And Equipment": 3513000.0,
        "Professional Expense And Contract Services Expense": 1170000.0,
        "Other Non Interest Expense": 7615000.0
    },
    "2024-03-31": {
        "Tax Effect Of Unusual Items": 0.0,
        "Tax Rate For Calcs": 0.179,
        "Total Unusual Items": NaN,
        "Total Unusual Items Excluding Goodwill": NaN,
        "Net Income From Continuing Operation Net Minority Interest": 19022000.0,
        "Reconciled Depreciation": 2339000.0,
        "Net Interest Income": 44994000.0,
        "Interest Expense": 23264000.0,
        "Interest Income": 68258000.0,
        "Normalized Income": 19022000.0,
        "Net Income From Continuing And Discontinued Operation": 19022000.0,
        "Diluted Average Shares": 29599491.0,
        "Basic Average Shares": 29599491.0,
        "Diluted EPS": 0.64,
        "Basic EPS": 0.64,
        "Diluted NI Availto Com Stockholders": 19022000.0,
        "Net Income Common Stockholders": 19022000.0,
        "Net Income": 19022000.0,
        "Net Income Including Noncontrolling Interests": 19022000.0,
        "Net Income Continuous Operations": 19022000.0,
        "Tax Provision": 4156000.0,
        "Pretax Income": 23178000.0,
        "Special Income Charges": NaN,
        "Other Special Charges": NaN,
        "Gain On Sale Of Security": 35000.0,
        "Depreciation Amortization Depletion Income Statement": 578000.0,
        "Depreciation And Amortization In Income Statement": 578000.0,
        "Amortization": 578000.0,
        "Amortization Of Intangibles Income Statement": 578000.0,
        "Selling General And Administration": 23045000.0,
        "Selling And Marketing Expense": 1138000.0,
        "General And Administrative Expense": 21907000.0,
        "Insurance And Claims": 729000.0,
        "Salaries And Wages": 21178000.0,
        "Total Revenue": 60816000.0,
        "Operating Revenue": 60816000.0,
        "Occupancy And Equipment": 3804000.0,
        "Professional Expense And Contract Services Expense": 1595000.0,
        "Other Non Interest Expense": 7716000.0
    },
    "2024-06-30": {
        "Tax Effect Of Unusual Items": 8739574.920098,
        "Tax Rate For Calcs": 0.22805,
        "Total Unusual Items": 38323000.0,
        "Total Unusual Items Excluding Goodwill": 38323000.0,
        "Net Income From Continuing Operation Net Minority Interest": 20530000.0,
        "Reconciled Depreciation": 2326000.0,
        "Net Interest Income": 45971000.0,
        "Interest Expense": 25606000.0,
        "Interest Income": 71577000.0,
        "Normalized Income": -9053425.079902,
        "Net Income From Continuing And Discontinued Operation": 20530000.0,
        "Diluted Average Shares": 29667770.0,
        "Basic Average Shares": 29667770.0,
        "Diluted EPS": 0.69,
        "Basic EPS": 0.69,
        "Diluted NI Availto Com Stockholders": 20530000.0,
        "Net Income Common Stockholders": 20530000.0,
        "Net Income": 20530000.0,
        "Net Income Including Noncontrolling Interests": 20530000.0,
        "Net Income Continuous Operations": 20530000.0,
        "Tax Provision": 6065000.0,
        "Pretax Income": 26595000.0,
        "Special Income Charges": 38323000.0,
        "Other Special Charges": -38323000.0,
        "Gain On Sale Of Security": -34893000.0,
        "Depreciation Amortization Depletion Income Statement": 532000.0,
        "Depreciation And Amortization In Income Statement": 532000.0,
        "Amortization": 532000.0,
        "Amortization Of Intangibles Income Statement": 532000.0,
        "Selling General And Administration": 22576000.0,
        "Selling And Marketing Expense": 909000.0,
        "General And Administrative Expense": 21667000.0,
        "Insurance And Claims": 710000.0,
        "Salaries And Wages": 20957000.0,
        "Total Revenue": 26571000.0,
        "Operating Revenue": 26571000.0,
        "Occupancy And Equipment": 3487000.0,
        "Professional Expense And Contract Services Expense": 3462000.0,
        "Other Non Interest Expense": 7617000.0
    }
}