{
    "2023-06-30": {
        "Tax Effect Of Unusual Items": 0.0,
        "Tax Rate For Calcs": 0.0,
        "Normalized EBITDA": 2611000.0,
        "Total Unusual Items": 0.0,
        "Total Unusual Items Excluding Goodwill": 0.0,
        "Net Income From Continuing Operation Net Minority Interest": -1718000.0,
        "Reconciled Depreciation": 4216000.0,
        "Reconciled Cost Of Revenue": 2839000.0,
        "EBITDA": 2611000.0,
        "EBIT": -1605000.0,
        "Net Interest Income": -113000.0,
        "Interest Expense": 113000.0,
        "Normalized Income": -1718000.0,
        "Net Income From Continuing And Discontinued Operation": -1718000.0,
        "Total Expenses": 21444000.0,
        "Total Operating Income As Reported": -1605000.0,
        "Diluted Average Shares": 20874000.0,
        "Basic Average Shares": 20874000.0,
        "Diluted EPS": -0.08,
        "Basic EPS": -0.08,
        "Diluted NI Availto Com Stockholders": -1718000.0,
        "Net Income Common Stockholders": -1718000.0,
        "Net Income": -1718000.0,
        "Minority Interests": NaN,
        "Net Income Including Noncontrolling Interests": -1718000.0,
        "Net Income Discontinuous Operations": 0.0,
        "Net Income Continuous Operations": -1718000.0,
        "Tax Provision": 0.0,
        "Pretax Income": -1718000.0,
        "Other Income Expense": NaN,
        "Special Income Charges": 0.0,
        "Other Special Charges": NaN,
        "Restructuring And Mergern Acquisition": 0.0,
        "Earnings From Equity Interest": NaN,
        "Net Non Operating Interest Income Expense": -113000.0,
        "Interest Expense Non Operating": 113000.0,
        "Operating Income": -1605000.0,
        "Operating Expense": 18605000.0,
        "Selling General And Administration": 18605000.0,
        "Selling And Marketing Expense": 17085000.0,
        "General And Administrative Expense": 1520000.0,
        "Other Gand A": 1520000.0,
        "Gross Profit": 17000000.0,
        "Cost Of Revenue": 2839000.0,
        "Total Revenue": 19839000.0,
        "Operating Revenue": 19839000.0
    },
    "2023-03-31": {
        "Tax Effect Of Unusual Items": 0.0,
        "Tax Rate For Calcs": 0.0,
        "Normalized EBITDA": 3011000.0,
        "Total Unusual Items": 0.0,
        "Total Unusual Items Excluding Goodwill": 0.0,
        "Net Income From Continuing Operation Net Minority Interest": -1306000.0,
        "Reconciled Depreciation": 4158000.0,
        "Reconciled Cost Of Revenue": 2773000.0,
        "EBITDA": 3011000.0,
        "EBIT": -1147000.0,
        "Net Interest Income": -121000.0,
        "Interest Expense": 121000.0,
        "Normalized Income": -1306000.0,
        "Net Income From Continuing And Discontinued Operation": -1306000.0,
        "Total Expenses": 20669000.0,
        "Total Operating Income As Reported": -1022000.0,
        "Diluted Average Shares": 20826000.0,
        "Basic Average Shares": 20826000.0,
        "Diluted EPS": -0.06,
        "Basic EPS": -0.06,
        "Diluted NI Availto Com Stockholders": -1306000.0,
        "Net Income Common Stockholders": -1306000.0,
        "Net Income": -1306000.0,
        "Minority Interests": -38000.0,
        "Net Income Including Noncontrolling Interests": -1268000.0,
        "Net Income Discontinuous Operations": 0.0,
        "Net Income Continuous Operations": -1268000.0,
        "Tax Provision": 0.0,
        "Pretax Income": -1268000.0,
        "Other Income Expense": -125000.0,
        "Special Income Charges": 0.0,
        "Other Special Charges": NaN,
        "Restructuring And Mergern Acquisition": 0.0,
        "Earnings From Equity Interest": -125000.0,
        "Net Non Operating Interest Income Expense": -121000.0,
        "Interest Expense Non Operating": 121000.0,
        "Operating Income": -1022000.0,
        "Operating Expense": 17896000.0,
        "Selling General And Administration": 17896000.0,
        "Selling And Marketing Expense": 16123000.0,
        "General And Administrative Expense": 1773000.0,
        "Other Gand A": 1773000.0,
        "Gross Profit": 16874000.0,
        "Cost Of Revenue": 2773000.0,
        "Total Revenue": 19647000.0,
        "Operating Revenue": 19647000.0
    },
    "2022-12-31": {
        "Tax Effect Of Unusual Items": NaN,
        "Tax Rate For Calcs": NaN,
        "Normalized EBITDA": NaN,
        "Total Unusual Items": 0.0,
        "Total Unusual Items Excluding Goodwill": 0.0,
        "Net Income From Continuing Operation Net Minority Interest": NaN,
        "Reconciled Depreciation": NaN,
        "Reconciled Cost Of Revenue": NaN,
        "EBITDA": NaN,
        "EBIT": NaN,
        "Net Interest Income": NaN,
        "Interest Expense": NaN,
        "Normalized Income": NaN,
        "Net Income From Continuing And Discontinued Operation": NaN,
        "Total Expenses": NaN,
        "Total Operating Income As Reported": NaN,
        "Diluted Average Shares": NaN,
        "Basic Average Shares": NaN,
        "Diluted EPS": NaN,
        "Basic EPS": NaN,
        "Diluted NI Availto Com Stockholders": NaN,
        "Net Income Common Stockholders": NaN,
        "Net Income": NaN,
        "Minority Interests": NaN,
        "Net Income Including Noncontrolling Interests": NaN,
        "Net Income Discontinuous Operations": -60000.0,
        "Net Income Continuous Operations": NaN,
        "Tax Provision": NaN,
        "Pretax Income": NaN,
        "Other Income Expense": 0.0,
        "Special Income Charges": 0.0,
        "Other Special Charges": 0.0,
        "Restructuring And Mergern Acquisition": 0.0,
        "Earnings From Equity Interest": NaN,
        "Net Non Operating Interest Income Expense": NaN,
        "Interest Expense Non Operating": NaN,
        "Operating Income": NaN,
        "Operating Expense": NaN,
        "Selling General And Administration": NaN,
        "Selling And Marketing Expense": NaN,
        "General And Administrative Expense": NaN,
        "Other Gand A": NaN,
        "Gross Profit": NaN,
        "Cost Of Revenue": NaN,
        "Total Revenue": NaN,
        "Operating Revenue": NaN
    },
    "2022-09-30": {
        "Tax Effect Of Unusual Items": NaN,
        "Tax Rate For Calcs": NaN,
        "Normalized EBITDA": NaN,
        "Total Unusual Items": NaN,
        "Total Unusual Items Excluding Goodwill": NaN,
        "Net Income From Continuing Operation Net Minority Interest": NaN,
        "Reconciled Depreciation": NaN,
        "Reconciled Cost Of Revenue": NaN,
        "EBITDA": NaN,
        "EBIT": NaN,
        "Net Interest Income": NaN,
        "Interest Expense": NaN,
        "Normalized Income": NaN,
        "Net Income From Continuing And Discontinued Operation": NaN,
        "Total Expenses": NaN,
        "Total Operating Income As Reported": NaN,
        "Diluted Average Shares": NaN,
        "Basic Average Shares": NaN,
        "Diluted EPS": NaN,
        "Basic EPS": NaN,
        "Diluted NI Availto Com Stockholders": NaN,
        "Net Income Common Stockholders": NaN,
        "Net Income": NaN,
        "Minority Interests": NaN,
        "Net Income Including Noncontrolling Interests": NaN,
        "Net Income Discontinuous Operations": NaN,
        "Net Income Continuous Operations": NaN,
        "Tax Provision": NaN,
        "Pretax Income": NaN,
        "Other Income Expense": -2000000.0,
        "Special Income Charges": NaN,
        "Other Special Charges": 2000000.0,
        "Restructuring And Mergern Acquisition": NaN,
        "Earnings From Equity Interest": NaN,
        "Net Non Operating Interest Income Expense": NaN,
        "Interest Expense Non Operating": NaN,
        "Operating Income": NaN,
        "Operating Expense": NaN,
        "Selling General And Administration": NaN,
        "Selling And Marketing Expense": NaN,
        "General And Administrative Expense": NaN,
        "Other Gand A": NaN,
        "Gross Profit": NaN,
        "Cost Of Revenue": NaN,
        "Total Revenue": NaN,
        "Operating Revenue": NaN
    },
    "2022-06-30": {
        "Tax Effect Of Unusual Items": 0.0,
        "Tax Rate For Calcs": 0.0,
        "Normalized EBITDA": 4295000.0,
        "Total Unusual Items": 0.0,
        "Total Unusual Items Excluding Goodwill": 0.0,
        "Net Income From Continuing Operation Net Minority Interest": 248000.0,
        "Reconciled Depreciation": 3997000.0,
        "Reconciled Cost Of Revenue": 2759000.0,
        "EBITDA": 4295000.0,
        "EBIT": 298000.0,
        "Net Interest Income": -50000.0,
        "Interest Expense": 50000.0,
        "Normalized Income": 248000.0,
        "Net Income From Continuing And Discontinued Operation": 116000.0,
        "Total Expenses": 20422000.0,
        "Total Operating Income As Reported": 298000.0,
        "Diluted Average Shares": 20795000.0,
        "Basic Average Shares": 20788000.0,
        "Diluted EPS": 0.0,
        "Basic EPS": 0.0,
        "Diluted NI Availto Com Stockholders": 116000.0,
        "Net Income Common Stockholders": 116000.0,
        "Net Income": 116000.0,
        "Net Income Including Noncontrolling Interests": 116000.0,
        "Net Income Discontinuous Operations": -132000.0,
        "Net Income Continuous Operations": 248000.0,
        "Tax Provision": 0.0,
        "Pretax Income": 248000.0,
        "Other Income Expense": NaN,
        "Special Income Charges": 0.0,
        "Other Special Charges": NaN,
        "Restructuring And Mergern Acquisition": 0.0,
        "Net Non Operating Interest Income Expense": -50000.0,
        "Interest Expense Non Operating": 50000.0,
        "Operating Income": 298000.0,
        "Operating Expense": 17663000.0,
        "Selling General And Administration": 17663000.0,
        "Selling And Marketing Expense": 15869000.0,
        "General And Administrative Expense": 1794000.0,
        "Other Gand A": 1794000.0,
        "Gross Profit": 17961000.0,
        "Cost Of Revenue": 2759000.0,
        "Total Revenue": 20720000.0,
        "Operating Revenue": 20720000.0
    },
    "2022-03-31": {
        "Diluted EPS": 0.0,
        "Total Revenue": 22,
        "Gross Profit": 19,
        "Operating Income": 0,
        "EBIT": 4,
        "Net Income": 0
    },
    "2021-12-31": {
        "Diluted EPS": 0.11,
        "Total Revenue": 21,
        "Gross Profit": 18,
        "Operating Income": 0,
        "EBIT": 4,
        "Net Income": 2
    },
    "2021-09-30": {
        "Diluted EPS": 0.03,
        "Total Revenue": 20,
        "Gross Profit": 18,
        "Operating Income": 1,
        "EBIT": 4,
        "Net Income": 1
    },
    "2021-06-30": {
        "Diluted EPS": 0.03,
        "Total Revenue": 19,
        "Gross Profit": 17,
        "Operating Income": 1,
        "EBIT": 4,
        "Net Income": 1
    },
    "2021-03-31": {
        "Diluted EPS": 0.02,
        "Total Revenue": 19,
        "Gross Profit": 16,
        "Operating Income": 0,
        "EBIT": 4,
        "Net Income": 0
    },
    "2020-12-31": {
        "Diluted EPS": 0.03,
        "Total Revenue": 19,
        "Gross Profit": 16,
        "Operating Income": 0,
        "EBIT": 4,
        "Net Income": 0
    },
    "2020-09-30": {
        "Diluted EPS": 0.32,
        "Total Revenue": 18,
        "Gross Profit": 15,
        "Operating Income": 0,
        "EBIT": 3,
        "Net Income": 6
    },
    "2020-06-30": {
        "Diluted EPS": -0.13,
        "Total Revenue": 16,
        "Gross Profit": 14,
        "Operating Income": -2,
        "EBIT": 1,
        "Net Income": -3
    },
    "2020-03-31": {
        "Diluted EPS": -0.19,
        "Total Revenue": 15,
        "Gross Profit": 13,
        "Operating Income": -3,
        "EBIT": 0,
        "Net Income": -4
    },
    "2019-12-31": {
        "Diluted EPS": -0.14,
        "Total Revenue": 15,
        "Gross Profit": 13,
        "Operating Income": -3,
        "EBIT": 0,
        "Net Income": -3
    },
    "2019-09-30": {
        "Diluted EPS": -0.23,
        "Total Revenue": 14,
        "Gross Profit": 12,
        "Operating Income": -4,
        "EBIT": -1,
        "Net Income": -4
    },
    "2019-06-30": {
        "Diluted EPS": -0.25,
        "Total Revenue": 13,
        "Gross Profit": 11,
        "Operating Income": -4,
        "EBIT": -2,
        "Net Income": -4
    },
    "2019-03-31": {
        "Diluted EPS": -0.38,
        "Total Revenue": 12,
        "Gross Profit": 11,
        "Operating Income": -6,
        "EBIT": -4,
        "Net Income": -7
    },
    "2018-12-31": {
        "Diluted EPS": -0.63,
        "Total Revenue": 12,
        "Gross Profit": 10,
        "Operating Income": -11,
        "EBIT": -9,
        "Net Income": -11
    },
    "2018-09-30": {
        "Diluted EPS": -0.58,
        "Total Revenue": 11,
        "Gross Profit": 10,
        "Operating Income": -11,
        "EBIT": -9,
        "Net Income": -10
    },
    "2018-06-30": {
        "Diluted EPS": -0.36,
        "Total Revenue": 10,
        "Gross Profit": 9,
        "Operating Income": -7,
        "EBIT": -5,
        "Net Income": -6
    },
    "2018-03-31": {
        "Diluted EPS": -0.39,
        "Total Revenue": 9,
        "Gross Profit": 8,
        "Operating Income": -8,
        "EBIT": -6,
        "Net Income": -6
    },
    "2017-12-31": {
        "Diluted EPS": -0.37,
        "Total Revenue": 8,
        "Gross Profit": 7,
        "Operating Income": -6,
        "EBIT": -5,
        "Net Income": -6
    },
    "2017-09-30": {
        "Diluted EPS": -0.34,
        "Total Revenue": 8,
        "Gross Profit": 6,
        "Operating Income": -6,
        "EBIT": -5,
        "Net Income": -5
    },
    "2017-06-30": {
        "Diluted EPS": -0.42,
        "Total Revenue": 7,
        "Gross Profit": 6,
        "Operating Income": -6,
        "EBIT": -5,
        "Net Income": -6
    },
    "2017-03-31": {
        "Diluted EPS": -0.41,
        "Total Revenue": 6,
        "Gross Profit": 5,
        "Operating Income": -7,
        "EBIT": -6,
        "Net Income": -6
    },
    "2016-12-31": {
        "Diluted EPS": -1.84,
        "Total Revenue": 5,
        "Gross Profit": 4,
        "Operating Income": -5,
        "EBIT": -4,
        "Net Income": -3
    },
    "2016-09-30": {
        "Diluted EPS": 6.64,
        "Total Revenue": 4,
        "Gross Profit": 4,
        "Operating Income": -4,
        "EBIT": -3,
        "Net Income": 100
    },
    "2016-06-30": {
        "Diluted EPS": -0.1,
        "Total Revenue": 4,
        "Gross Profit": 3,
        "Operating Income": -3,
        "EBIT": -2,
        "Net Income": -2
    },
    "2016-03-31": {
        "Diluted EPS": -0.31,
        "Total Revenue": 4,
        "Gross Profit": 3,
        "Operating Income": -4,
        "EBIT": -3,
        "Net Income": -8
    },
    "2015-12-31": {
        "Diluted EPS": 0.09,
        "Total Revenue": 58,
        "Gross Profit": 27,
        "Operating Income": 4,
        "EBIT": 5,
        "Net Income": 2
    },
    "2015-09-30": {
        "Diluted EPS": -0.36,
        "Total Revenue": 4,
        "Gross Profit": 3,
        "Operating Income": -1,
        "EBIT": 0,
        "Net Income": -9
    },
    "2015-06-30": {
        "Diluted EPS": -0.05,
        "Total Revenue": 3,
        "Gross Profit": 3,
        "Operating Income": -2,
        "EBIT": -1,
        "Net Income": -1
    },
    "2015-03-31": {
        "Diluted EPS": -0.16,
        "Total Revenue": 38,
        "Gross Profit": 17,
        "Operating Income": -3,
        "EBIT": -2,
        "Net Income": -4
    },
    "2014-12-31": {
        "Diluted EPS": -0.1,
        "Total Revenue": -101,
        "Gross Profit": -42,
        "Operating Income": -3,
        "EBIT": -3,
        "Net Income": -2
    },
    "2014-09-30": {
        "Diluted EPS": -0.12,
        "Total Revenue": 41,
        "Gross Profit": 18,
        "Operating Income": -2,
        "EBIT": -1,
        "Net Income": -3
    },
    "2014-06-30": {
        "Diluted EPS": -0.1,
        "Total Revenue": 32,
        "Gross Profit": 15,
        "Operating Income": -3,
        "EBIT": -2,
        "Net Income": -2
    },
    "2014-03-31": {
        "Diluted EPS": -0.09,
        "Total Revenue": 38,
        "Gross Profit": 17,
        "Operating Income": -2,
        "EBIT": -1,
        "Net Income": -2
    },
    "2013-12-31": {
        "Diluted EPS": -0.31,
        "Total Revenue": 51,
        "Gross Profit": 22,
        "Operating Income": -12,
        "EBIT": -11,
        "Net Income": -7
    },
    "2013-09-30": {
        "Diluted EPS": 0.01,
        "Total Revenue": 36,
        "Gross Profit": 15,
        "Operating Income": -3,
        "EBIT": -2,
        "Net Income": 0
    },
    "2013-06-30": {
        "Diluted EPS": 0.35,
        "Total Revenue": 32,
        "Gross Profit": 13,
        "Operating Income": -4,
        "EBIT": -3,
        "Net Income": 8
    },
    "2013-03-31": {
        "Diluted EPS": -0.01,
        "Total Revenue": 37,
        "Gross Profit": 16,
        "Operating Income": -3,
        "EBIT": -2,
        "Net Income": 0
    },
    "2012-12-31": {
        "Diluted EPS": 0.07,
        "Total Revenue": 46,
        "Gross Profit": 19,
        "Operating Income": 0,
        "EBIT": -2,
        "Net Income": 2
    },
    "2012-09-30": {
        "Diluted EPS": -0.49,
        "Total Revenue": 43,
        "Gross Profit": 24,
        "Operating Income": 0,
        "EBIT": 2,
        "Net Income": -11
    },
    "2012-06-30": {
        "Diluted EPS": -0.09,
        "Total Revenue": 45,
        "Gross Profit": 28,
        "Operating Income": -2,
        "EBIT": 0,
        "Net Income": -2
    },
    "2012-03-31": {
        "Diluted EPS": -0.05,
        "Total Revenue": 47,
        "Gross Profit": 27,
        "Operating Income": -1,
        "EBIT": 1,
        "Net Income": -1
    },
    "2011-12-31": {
        "Diluted EPS": -0.81,
        "Total Revenue": 45,
        "Gross Profit": -2,
        "Operating Income": -21,
        "EBIT": -20,
        "Net Income": -19
    },
    "2011-09-30": {
        "Diluted EPS": -0.05,
        "Total Revenue": 73,
        "Gross Profit": 32,
        "Operating Income": -2,
        "EBIT": 0,
        "Net Income": -1
    },
    "2011-06-30": {
        "Diluted EPS": -0.18,
        "Total Revenue": 51,
        "Gross Profit": 23,
        "Operating Income": -7,
        "EBIT": -6,
        "Net Income": -4
    },
    "2011-03-31": {
        "Diluted EPS": -0.04,
        "Total Revenue": 55,
        "Gross Profit": 26,
        "Operating Income": -2,
        "EBIT": 0,
        "Net Income": -1
    },
    "2010-12-31": {
        "Diluted EPS": 0.17,
        "Total Revenue": 83,
        "Gross Profit": 42,
        "Operating Income": 7,
        "EBIT": 9,
        "Net Income": 4
    },
    "2010-09-30": {
        "Diluted EPS": 0.04,
        "Total Revenue": 72,
        "Gross Profit": 33,
        "Operating Income": 1,
        "EBIT": 3,
        "Net Income": 1
    },
    "2010-06-30": {
        "Diluted EPS": -0.02,
        "Total Revenue": 56,
        "Gross Profit": 29,
        "Operating Income": -1,
        "EBIT": 1,
        "Net Income": -1
    },
    "2010-03-31": {
        "Diluted EPS": -0.01,
        "Total Revenue": 62,
        "Gross Profit": 32,
        "Operating Income": -1,
        "EBIT": 1,
        "Net Income": 0
    },
    "2009-12-31": {
        "Diluted EPS": 0.16,
        "Total Revenue": 88,
        "Gross Profit": 46,
        "Operating Income": 7,
        "EBIT": 9,
        "Net Income": 4
    },
    "2009-09-30": {
        "Diluted EPS": 0.02,
        "Total Revenue": 74,
        "Gross Profit": 36,
        "Operating Income": 1,
        "EBIT": 3,
        "Net Income": 0
    },
    "2009-06-30": {
        "Diluted EPS": -0.04,
        "Total Revenue": 60,
        "Gross Profit": 31,
        "Operating Income": -2,
        "EBIT": 0,
        "Net Income": -1
    },
    "2009-03-31": {
        "Diluted EPS": -0.13,
        "Total Revenue": 56,
        "Gross Profit": 31,
        "Operating Income": -6,
        "EBIT": -5,
        "Net Income": -3
    },
    "2023-09-30": {
        "Tax Effect Of Unusual Items": 0.0,
        "Tax Rate For Calcs": 0.0,
        "Normalized EBITDA": 3881000.0,
        "Total Unusual Items": 0.0,
        "Total Unusual Items Excluding Goodwill": 0.0,
        "Net Income From Continuing Operation Net Minority Interest": -588000.0,
        "Reconciled Depreciation": 4328000.0,
        "Reconciled Cost Of Revenue": 2983000.0,
        "EBITDA": 3881000.0,
        "EBIT": -447000.0,
        "Net Interest Income": -141000.0,
        "Interest Expense": 141000.0,
        "Normalized Income": -588000.0,
        "Net Income From Continuing And Discontinued Operation": -588000.0,
        "Total Expenses": 20670000.0,
        "Total Operating Income As Reported": -447000.0,
        "Diluted Average Shares": 21154000.0,
        "Basic Average Shares": 21154000.0,
        "Diluted EPS": -0.03,
        "Basic EPS": -0.03,
        "Diluted NI Availto Com Stockholders": -588000.0,
        "Net Income Common Stockholders": -588000.0,
        "Net Income": -588000.0,
        "Minority Interests": NaN,
        "Net Income Including Noncontrolling Interests": -588000.0,
        "Net Income Discontinuous Operations": 0.0,
        "Net Income Continuous Operations": -588000.0,
        "Tax Provision": 0.0,
        "Pretax Income": -588000.0,
        "Other Income Expense": NaN,
        "Special Income Charges": 0.0,
        "Other Special Charges": NaN,
        "Restructuring And Mergern Acquisition": 0.0,
        "Earnings From Equity Interest": NaN,
        "Net Non Operating Interest Income Expense": -141000.0,
        "Interest Expense Non Operating": 141000.0,
        "Operating Income": -447000.0,
        "Operating Expense": 17687000.0,
        "Selling General And Administration": 17687000.0,
        "Selling And Marketing Expense": 16254000.0,
        "General And Administrative Expense": 1433000.0,
        "Other Gand A": 1433000.0,
        "Gross Profit": 17240000.0,
        "Cost Of Revenue": 2983000.0,
        "Total Revenue": 20223000.0,
        "Operating Revenue": 20223000.0
    },
    "2023-12-31": {
        "Tax Effect Of Unusual Items": 0.0,
        "Tax Rate For Calcs": 0.21,
        "Normalized EBITDA": 2345000.0,
        "Total Unusual Items": 0.0,
        "Total Unusual Items Excluding Goodwill": 0.0,
        "Net Income From Continuing Operation Net Minority Interest": -2353000.0,
        "Reconciled Depreciation": 4339000.0,
        "Reconciled Cost Of Revenue": 3034000.0,
        "EBITDA": 2345000.0,
        "EBIT": -1994000.0,
        "Net Interest Income": -92000.0,
        "Interest Expense": 92000.0,
        "Normalized Income": -2353000.0,
        "Net Income From Continuing And Discontinued Operation": -2353000.0,
        "Total Expenses": 22207000.0,
        "Total Operating Income As Reported": -1493000.0,
        "Diluted Average Shares": 23363000.0,
        "Basic Average Shares": 23148000.0,
        "Diluted EPS": -0.08,
        "Basic EPS": -0.08,
        "Diluted NI Availto Com Stockholders": -2353000.0,
        "Net Income Common Stockholders": -2353000.0,
        "Net Income": -2353000.0,
        "Minority Interests": NaN,
        "Net Income Including Noncontrolling Interests": -2146000.0,
        "Net Income Discontinuous Operations": 0.0,
        "Net Income Continuous Operations": -2146000.0,
        "Tax Provision": 60000.0,
        "Pretax Income": -2086000.0,
        "Other Income Expense": NaN,
        "Special Income Charges": 0.0,
        "Other Special Charges": NaN,
        "Restructuring And Mergern Acquisition": 0.0,
        "Earnings From Equity Interest": NaN,
        "Net Non Operating Interest Income Expense": -92000.0,
        "Interest Expense Non Operating": 92000.0,
        "Operating Income": -1493000.0,
        "Operating Expense": 19173000.0,
        "Selling General And Administration": 19173000.0,
        "Selling And Marketing Expense": 17694000.0,
        "General And Administrative Expense": 1479000.0,
        "Other Gand A": 1479000.0,
        "Gross Profit": 17680000.0,
        "Cost Of Revenue": 3034000.0,
        "Total Revenue": 20714000.0,
        "Operating Revenue": 20714000.0
    },
    "2024-03-31": {
        "Tax Effect Of Unusual Items": 0.0,
        "Tax Rate For Calcs": 0.0,
        "Normalized EBITDA": 3603000.0,
        "Total Unusual Items": NaN,
        "Total Unusual Items Excluding Goodwill": NaN,
        "Net Income From Continuing Operation Net Minority Interest": -1045000.0,
        "Reconciled Depreciation": 4466000.0,
        "Reconciled Cost Of Revenue": 3168000.0,
        "EBITDA": 3603000.0,
        "EBIT": -863000.0,
        "Net Interest Income": -108000.0,
        "Interest Expense": 108000.0,
        "Normalized Income": -1045000.0,
        "Net Income From Continuing And Discontinued Operation": -1045000.0,
        "Total Expenses": 22556000.0,
        "Total Operating Income As Reported": -863000.0,
        "Diluted Average Shares": 23161000.0,
        "Basic Average Shares": 23161000.0,
        "Diluted EPS": -0.05,
        "Basic EPS": -0.05,
        "Diluted NI Availto Com Stockholders": -1045000.0,
        "Net Income Common Stockholders": -1045000.0,
        "Net Income": -1045000.0,
        "Minority Interests": -74000.0,
        "Net Income Including Noncontrolling Interests": -971000.0,
        "Net Income Discontinuous Operations": NaN,
        "Net Income Continuous Operations": -971000.0,
        "Tax Provision": 0.0,
        "Pretax Income": -971000.0,
        "Other Income Expense": NaN,
        "Special Income Charges": NaN,
        "Other Special Charges": NaN,
        "Restructuring And Mergern Acquisition": NaN,
        "Earnings From Equity Interest": 0.0,
        "Net Non Operating Interest Income Expense": -108000.0,
        "Interest Expense Non Operating": 108000.0,
        "Operating Income": -863000.0,
        "Operating Expense": 19388000.0,
        "Selling General And Administration": 19388000.0,
        "Selling And Marketing Expense": 17759000.0,
        "General And Administrative Expense": 1629000.0,
        "Other Gand A": 1629000.0,
        "Gross Profit": 18525000.0,
        "Cost Of Revenue": 3168000.0,
        "Total Revenue": 21693000.0,
        "Operating Revenue": 21693000.0
    }
}