{
    "2023-03-31": {
        "Tax Effect Of Unusual Items": NaN,
        "Tax Rate For Calcs": NaN,
        "Normalized EBITDA": NaN,
        "Total Unusual Items": 0.0,
        "Total Unusual Items Excluding Goodwill": 0.0,
        "Net Income From Continuing Operation Net Minority Interest": NaN,
        "Reconciled Depreciation": NaN,
        "Reconciled Cost Of Revenue": NaN,
        "EBITDA": NaN,
        "EBIT": NaN,
        "Net Interest Income": -1716000.0,
        "Interest Expense": 1716000.0,
        "Normalized Income": NaN,
        "Net Income From Continuing And Discontinued Operation": NaN,
        "Total Expenses": NaN,
        "Total Operating Income As Reported": NaN,
        "Diluted Average Shares": 47200182.0,
        "Basic Average Shares": 42982255.0,
        "Diluted EPS": 0.03,
        "Basic EPS": 0.03,
        "Diluted NI Availto Com Stockholders": NaN,
        "Net Income Common Stockholders": NaN,
        "Net Income": NaN,
        "Net Income Including Noncontrolling Interests": NaN,
        "Net Income Continuous Operations": NaN,
        "Tax Provision": NaN,
        "Pretax Income": NaN,
        "Other Income Expense": 9292000.0,
        "Other Non Operating Income Expenses": 9292000.0,
        "Special Income Charges": 0.0,
        "Impairment Of Capital Assets": NaN,
        "Restructuring And Mergern Acquisition": 0.0,
        "Net Non Operating Interest Income Expense": -1716000.0,
        "Total Other Finance Cost": 1716000.0,
        "Interest Expense Non Operating": 1716000.0,
        "Operating Income": NaN,
        "Operating Expense": NaN,
        "Other Operating Expenses": NaN,
        "Depreciation Amortization Depletion Income Statement": NaN,
        "Depreciation And Amortization In Income Statement": NaN,
        "Research And Development": 9578000.0,
        "Selling General And Administration": NaN,
        "Selling And Marketing Expense": NaN,
        "General And Administrative Expense": NaN,
        "Other Gand A": NaN,
        "Gross Profit": NaN,
        "Cost Of Revenue": NaN,
        "Total Revenue": NaN,
        "Operating Revenue": NaN
    },
    "2022-12-31": {
        "Tax Effect Of Unusual Items": NaN,
        "Tax Rate For Calcs": NaN,
        "Normalized EBITDA": NaN,
        "Total Unusual Items": -137149000.0,
        "Total Unusual Items Excluding Goodwill": -137149000.0,
        "Net Income From Continuing Operation Net Minority Interest": NaN,
        "Reconciled Depreciation": NaN,
        "Reconciled Cost Of Revenue": NaN,
        "EBITDA": NaN,
        "EBIT": NaN,
        "Net Interest Income": NaN,
        "Interest Expense": NaN,
        "Normalized Income": NaN,
        "Net Income From Continuing And Discontinued Operation": NaN,
        "Total Expenses": NaN,
        "Total Operating Income As Reported": NaN,
        "Diluted Average Shares": NaN,
        "Basic Average Shares": NaN,
        "Diluted EPS": NaN,
        "Basic EPS": NaN,
        "Diluted NI Availto Com Stockholders": NaN,
        "Net Income Common Stockholders": NaN,
        "Net Income": NaN,
        "Net Income Including Noncontrolling Interests": NaN,
        "Net Income Continuous Operations": NaN,
        "Tax Provision": NaN,
        "Pretax Income": NaN,
        "Other Income Expense": NaN,
        "Other Non Operating Income Expenses": NaN,
        "Special Income Charges": -137149000.0,
        "Impairment Of Capital Assets": 137149000.0,
        "Restructuring And Mergern Acquisition": 0.0,
        "Net Non Operating Interest Income Expense": NaN,
        "Total Other Finance Cost": NaN,
        "Interest Expense Non Operating": NaN,
        "Operating Income": NaN,
        "Operating Expense": NaN,
        "Other Operating Expenses": NaN,
        "Depreciation Amortization Depletion Income Statement": NaN,
        "Depreciation And Amortization In Income Statement": NaN,
        "Research And Development": 7205000.0,
        "Selling General And Administration": NaN,
        "Selling And Marketing Expense": NaN,
        "General And Administrative Expense": NaN,
        "Other Gand A": NaN,
        "Gross Profit": NaN,
        "Cost Of Revenue": NaN,
        "Total Revenue": NaN,
        "Operating Revenue": NaN
    },
    "2022-09-30": {
        "Tax Effect Of Unusual Items": NaN,
        "Tax Rate For Calcs": NaN,
        "Normalized EBITDA": NaN,
        "Total Unusual Items": NaN,
        "Total Unusual Items Excluding Goodwill": NaN,
        "Net Income From Continuing Operation Net Minority Interest": NaN,
        "Reconciled Depreciation": NaN,
        "Reconciled Cost Of Revenue": NaN,
        "EBITDA": NaN,
        "EBIT": NaN,
        "Net Interest Income": -1450000.0,
        "Interest Expense": 1450000.0,
        "Normalized Income": NaN,
        "Net Income From Continuing And Discontinued Operation": NaN,
        "Total Expenses": NaN,
        "Total Operating Income As Reported": NaN,
        "Diluted Average Shares": NaN,
        "Basic Average Shares": NaN,
        "Diluted EPS": NaN,
        "Basic EPS": NaN,
        "Diluted NI Availto Com Stockholders": NaN,
        "Net Income Common Stockholders": NaN,
        "Net Income": NaN,
        "Net Income Including Noncontrolling Interests": NaN,
        "Net Income Continuous Operations": NaN,
        "Tax Provision": NaN,
        "Pretax Income": NaN,
        "Other Income Expense": NaN,
        "Other Non Operating Income Expenses": NaN,
        "Special Income Charges": NaN,
        "Impairment Of Capital Assets": 0.0,
        "Restructuring And Mergern Acquisition": NaN,
        "Net Non Operating Interest Income Expense": -1450000.0,
        "Total Other Finance Cost": NaN,
        "Interest Expense Non Operating": 1450000.0,
        "Operating Income": NaN,
        "Operating Expense": NaN,
        "Other Operating Expenses": NaN,
        "Depreciation Amortization Depletion Income Statement": NaN,
        "Depreciation And Amortization In Income Statement": NaN,
        "Research And Development": 7571000.0,
        "Selling General And Administration": NaN,
        "Selling And Marketing Expense": NaN,
        "General And Administrative Expense": NaN,
        "Other Gand A": NaN,
        "Gross Profit": NaN,
        "Cost Of Revenue": NaN,
        "Total Revenue": NaN,
        "Operating Revenue": NaN
    },
    "2022-06-30": {
        "Tax Effect Of Unusual Items": -177438.0,
        "Tax Rate For Calcs": 0.006,
        "Normalized EBITDA": -1369000.0,
        "Total Unusual Items": -29573000.0,
        "Total Unusual Items Excluding Goodwill": -29573000.0,
        "Net Income From Continuing Operation Net Minority Interest": -38349000.0,
        "Reconciled Depreciation": 6556000.0,
        "Reconciled Cost Of Revenue": 10463000.0,
        "EBITDA": -30942000.0,
        "EBIT": -37498000.0,
        "Net Interest Income": -1080000.0,
        "Interest Expense": 1080000.0,
        "Normalized Income": -8953438.0,
        "Net Income From Continuing And Discontinued Operation": -38349000.0,
        "Total Expenses": 43162000.0,
        "Total Operating Income As Reported": -37768000.0,
        "Diluted Average Shares": 42300668.0,
        "Basic Average Shares": 42300668.0,
        "Diluted EPS": -0.91,
        "Basic EPS": -0.91,
        "Diluted NI Availto Com Stockholders": -38349000.0,
        "Net Income Common Stockholders": -38349000.0,
        "Net Income": -38349000.0,
        "Net Income Including Noncontrolling Interests": -38349000.0,
        "Net Income Continuous Operations": -38349000.0,
        "Tax Provision": -229000.0,
        "Pretax Income": -38578000.0,
        "Other Income Expense": -29303000.0,
        "Other Non Operating Income Expenses": 270000.0,
        "Special Income Charges": -29573000.0,
        "Write Off": NaN,
        "Impairment Of Capital Assets": 28861000.0,
        "Restructuring And Mergern Acquisition": 712000.0,
        "Net Non Operating Interest Income Expense": -1080000.0,
        "Total Other Finance Cost": NaN,
        "Interest Expense Non Operating": 1080000.0,
        "Operating Income": -8195000.0,
        "Operating Expense": 32699000.0,
        "Depreciation Amortization Depletion Income Statement": 6556000.0,
        "Depreciation And Amortization In Income Statement": 6556000.0,
        "Research And Development": 5188000.0,
        "Selling General And Administration": 20955000.0,
        "Selling And Marketing Expense": 7267000.0,
        "General And Administrative Expense": 13688000.0,
        "Other Gand A": 13688000.0,
        "Gross Profit": 24504000.0,
        "Cost Of Revenue": 10463000.0,
        "Total Revenue": 34967000.0,
        "Operating Revenue": 34967000.0
    },
    "2022-03-31": {
        "Diluted EPS": -0.11,
        "Total Revenue": 37,
        "Gross Profit": 26,
        "Operating Income": -4,
        "EBIT": 0,
        "Net Income": -4
    },
    "2021-12-31": {
        "Diluted EPS": -0.3,
        "Total Revenue": 30,
        "Gross Profit": 19,
        "Operating Income": -16,
        "EBIT": -12,
        "Net Income": -13
    },
    "2021-09-30": {
        "Diluted EPS": -0.21,
        "Total Revenue": 32,
        "Gross Profit": 21,
        "Operating Income": -7,
        "EBIT": -3,
        "Net Income": -9
    },
    "2021-06-30": {
        "Diluted EPS": -0.09,
        "Total Revenue": 34,
        "Gross Profit": 24,
        "Operating Income": -3,
        "EBIT": 1,
        "Net Income": -4
    },
    "2021-03-31": {
        "Diluted EPS": -0.13,
        "Total Revenue": 27,
        "Gross Profit": 18,
        "Operating Income": -5,
        "EBIT": -1,
        "Net Income": -6
    },
    "2020-12-31": {
        "Diluted EPS": -0.31,
        "Total Revenue": 9,
        "Gross Profit": 5,
        "Operating Income": -8,
        "EBIT": -7,
        "Net Income": -8
    },
    "2020-09-30": {
        "Diluted EPS": -0.1,
        "Total Revenue": 10,
        "Gross Profit": 7,
        "Operating Income": -3,
        "EBIT": -2,
        "Net Income": -3
    },
    "2020-06-30": {
        "Diluted EPS": -0.37,
        "Total Revenue": 8,
        "Gross Profit": 6,
        "Operating Income": -9,
        "EBIT": -8,
        "Net Income": -10
    },
    "2020-03-31": {
        "Diluted EPS": 0.03,
        "Total Revenue": 8,
        "Gross Profit": 6,
        "Operating Income": 1,
        "EBIT": 2,
        "Net Income": 1
    },
    "2019-12-31": {
        "Diluted EPS": 0.25,
        "Total Revenue": 11,
        "Gross Profit": 14,
        "Operating Income": 7,
        "EBIT": 7,
        "Net Income": 4
    },
    "2019-09-30": {
        "Diluted EPS": -0.09,
        "Total Revenue": 6,
        "Gross Profit": 2,
        "Operating Income": -2,
        "EBIT": -2,
        "Net Income": -2
    },
    "2019-06-30": {
        "Diluted EPS": -0.09,
        "Total Revenue": 4,
        "Gross Profit": 1,
        "Operating Income": -2,
        "EBIT": -2,
        "Net Income": -2
    },
    "2019-03-31": {
        "Diluted EPS": 0.02,
        "Total Revenue": 10,
        "Gross Profit": 6,
        "Operating Income": 2,
        "EBIT": 2,
        "Net Income": 2
    },
    "2018-12-31": {
        "Diluted EPS": 0.0,
        "Total Revenue": NaN,
        "Gross Profit": NaN,
        "Operating Income": NaN,
        "EBIT": NaN,
        "Net Income": NaN
    },
    "2023-06-30": {
        "Tax Effect Of Unusual Items": 0.0,
        "Tax Rate For Calcs": 0.21,
        "Normalized EBITDA": -12675000.0,
        "Total Unusual Items": 0.0,
        "Total Unusual Items Excluding Goodwill": 0.0,
        "Net Income From Continuing Operation Net Minority Interest": -18409000.0,
        "Reconciled Depreciation": 4244000.0,
        "Reconciled Cost Of Revenue": 9484000.0,
        "EBITDA": -12675000.0,
        "EBIT": -16919000.0,
        "Net Interest Income": -905000.0,
        "Interest Expense": 905000.0,
        "Normalized Income": -18409000.0,
        "Net Income From Continuing And Discontinued Operation": -18409000.0,
        "Total Expenses": 42319000.0,
        "Total Operating Income As Reported": -8561000.0,
        "Diluted Average Shares": 44147701.0,
        "Basic Average Shares": 44147701.0,
        "Diluted EPS": -0.42,
        "Basic EPS": -0.42,
        "Diluted NI Availto Com Stockholders": -18409000.0,
        "Net Income Common Stockholders": -18409000.0,
        "Net Income": -18409000.0,
        "Net Income Including Noncontrolling Interests": -18409000.0,
        "Net Income Continuous Operations": -18409000.0,
        "Tax Provision": 585000.0,
        "Pretax Income": -17824000.0,
        "Other Income Expense": -8358000.0,
        "Other Non Operating Income Expenses": -8358000.0,
        "Special Income Charges": 0.0,
        "Impairment Of Capital Assets": 0.0,
        "Restructuring And Mergern Acquisition": 0.0,
        "Net Non Operating Interest Income Expense": -905000.0,
        "Total Other Finance Cost": NaN,
        "Interest Expense Non Operating": 905000.0,
        "Operating Income": -8561000.0,
        "Operating Expense": 32834000.0,
        "Other Operating Expenses": 11238000.0,
        "Depreciation Amortization Depletion Income Statement": 4243000.0,
        "Depreciation And Amortization In Income Statement": 4243000.0,
        "Research And Development": 11238000.0,
        "Selling General And Administration": 17353000.0,
        "Selling And Marketing Expense": 7324000.0,
        "General And Administrative Expense": 10029000.0,
        "Other Gand A": 10029000.0,
        "Gross Profit": 24273000.0,
        "Cost Of Revenue": 9485000.0,
        "Total Revenue": 33758000.0,
        "Operating Revenue": 33758000.0
    },
    "2023-09-30": {
        "Tax Effect Of Unusual Items": 0.0,
        "Tax Rate For Calcs": 0.032,
        "Normalized EBITDA": -2831000.0,
        "Total Unusual Items": 0.0,
        "Total Unusual Items Excluding Goodwill": 0.0,
        "Net Income From Continuing Operation Net Minority Interest": -8160000.0,
        "Reconciled Depreciation": 4338000.0,
        "Reconciled Cost Of Revenue": 9243000.0,
        "EBITDA": -2831000.0,
        "EBIT": -7170000.0,
        "Net Interest Income": -1264000.0,
        "Interest Expense": 1264000.0,
        "Normalized Income": -8160000.0,
        "Net Income From Continuing And Discontinued Operation": -8160000.0,
        "Total Expenses": 36987000.0,
        "Total Operating Income As Reported": -7170000.0,
        "Diluted Average Shares": 44699951.0,
        "Basic Average Shares": 44699951.0,
        "Diluted EPS": -0.18,
        "Basic EPS": -0.18,
        "Diluted NI Availto Com Stockholders": -8160000.0,
        "Net Income Common Stockholders": -8160000.0,
        "Net Income": -8160000.0,
        "Net Income Including Noncontrolling Interests": -8160000.0,
        "Net Income Continuous Operations": -8160000.0,
        "Tax Provision": -274000.0,
        "Pretax Income": -8434000.0,
        "Other Income Expense": NaN,
        "Other Non Operating Income Expenses": NaN,
        "Special Income Charges": 0.0,
        "Impairment Of Capital Assets": 0.0,
        "Restructuring And Mergern Acquisition": 0.0,
        "Net Non Operating Interest Income Expense": -1264000.0,
        "Total Other Finance Cost": NaN,
        "Interest Expense Non Operating": 1264000.0,
        "Operating Income": -7170000.0,
        "Operating Expense": 27745000.0,
        "Other Operating Expenses": 9150000.0,
        "Depreciation Amortization Depletion Income Statement": 4339000.0,
        "Depreciation And Amortization In Income Statement": 4339000.0,
        "Research And Development": 9150000.0,
        "Selling General And Administration": 14256000.0,
        "Selling And Marketing Expense": 7196000.0,
        "General And Administrative Expense": 7060000.0,
        "Other Gand A": 7060000.0,
        "Gross Profit": 20575000.0,
        "Cost Of Revenue": 9242000.0,
        "Total Revenue": 29817000.0,
        "Operating Revenue": 29817000.0
    },
    "2023-12-31": {
        "Tax Effect Of Unusual Items": 0.0,
        "Tax Rate For Calcs": 0.025668,
        "Normalized EBITDA": -5137000.0,
        "Total Unusual Items": 0.0,
        "Total Unusual Items Excluding Goodwill": 0.0,
        "Net Income From Continuing Operation Net Minority Interest": -9376000.0,
        "Reconciled Depreciation": 4379000.0,
        "Reconciled Cost Of Revenue": 9811000.0,
        "EBITDA": -5137000.0,
        "EBIT": -9516000.0,
        "Net Interest Income": NaN,
        "Interest Expense": NaN,
        "Normalized Income": -9376000.0,
        "Net Income From Continuing And Discontinued Operation": -9376000.0,
        "Total Expenses": 39297000.0,
        "Total Operating Income As Reported": -8582000.0,
        "Diluted Average Shares": NaN,
        "Basic Average Shares": NaN,
        "Diluted EPS": NaN,
        "Basic EPS": NaN,
        "Diluted NI Availto Com Stockholders": -9376000.0,
        "Net Income Common Stockholders": -9376000.0,
        "Net Income": -9376000.0,
        "Net Income Including Noncontrolling Interests": -9376000.0,
        "Net Income Continuous Operations": -9376000.0,
        "Tax Provision": -247000.0,
        "Pretax Income": -9623000.0,
        "Other Income Expense": -4926000.0,
        "Other Non Operating Income Expenses": -4926000.0,
        "Special Income Charges": 0.0,
        "Impairment Of Capital Assets": 0.0,
        "Restructuring And Mergern Acquisition": 0.0,
        "Net Non Operating Interest Income Expense": NaN,
        "Total Other Finance Cost": NaN,
        "Interest Expense Non Operating": NaN,
        "Operating Income": -8582000.0,
        "Operating Expense": 29485000.0,
        "Other Operating Expenses": 8277000.0,
        "Depreciation Amortization Depletion Income Statement": 4378000.0,
        "Depreciation And Amortization In Income Statement": 4378000.0,
        "Research And Development": NaN,
        "Selling General And Administration": 16830000.0,
        "Selling And Marketing Expense": 7268000.0,
        "General And Administrative Expense": 9562000.0,
        "Other Gand A": 9562000.0,
        "Gross Profit": 20903000.0,
        "Cost Of Revenue": 9812000.0,
        "Total Revenue": 30715000.0,
        "Operating Revenue": 30715000.0
    },
    "2024-03-31": {
        "Tax Effect Of Unusual Items": 0.0,
        "Tax Rate For Calcs": 0.056,
        "Normalized EBITDA": -1438000.0,
        "Total Unusual Items": NaN,
        "Total Unusual Items Excluding Goodwill": NaN,
        "Net Income From Continuing Operation Net Minority Interest": -4160000.0,
        "Reconciled Depreciation": 1839000.0,
        "Reconciled Cost Of Revenue": 9323000.0,
        "EBITDA": -1438000.0,
        "EBIT": -3277000.0,
        "Net Interest Income": -1132000.0,
        "Interest Expense": 1132000.0,
        "Normalized Income": -4160000.0,
        "Net Income From Continuing And Discontinued Operation": -4160000.0,
        "Total Expenses": 33954000.0,
        "Total Operating Income As Reported": -3303000.0,
        "Diluted Average Shares": 45134267.0,
        "Basic Average Shares": 45134267.0,
        "Diluted EPS": -0.092169,
        "Basic EPS": -0.09,
        "Diluted NI Availto Com Stockholders": -4160000.0,
        "Net Income Common Stockholders": -4160000.0,
        "Net Income": -4160000.0,
        "Net Income Including Noncontrolling Interests": -4160000.0,
        "Net Income Continuous Operations": -4160000.0,
        "Tax Provision": -249000.0,
        "Pretax Income": -4409000.0,
        "Other Income Expense": 26000.0,
        "Other Non Operating Income Expenses": 26000.0,
        "Special Income Charges": NaN,
        "Impairment Of Capital Assets": NaN,
        "Restructuring And Mergern Acquisition": NaN,
        "Net Non Operating Interest Income Expense": -1132000.0,
        "Total Other Finance Cost": NaN,
        "Interest Expense Non Operating": 1132000.0,
        "Operating Income": -3303000.0,
        "Operating Expense": 24631000.0,
        "Other Operating Expenses": 9616000.0,
        "Depreciation Amortization Depletion Income Statement": 1839000.0,
        "Depreciation And Amortization In Income Statement": 1839000.0,
        "Research And Development": NaN,
        "Selling General And Administration": 13176000.0,
        "Selling And Marketing Expense": 6017000.0,
        "General And Administrative Expense": 7159000.0,
        "Other Gand A": 7159000.0,
        "Gross Profit": 21328000.0,
        "Cost Of Revenue": 9323000.0,
        "Total Revenue": 30651000.0,
        "Operating Revenue": 30651000.0
    },
    "2024-06-30": {
        "Tax Effect Of Unusual Items": 0.0,
        "Tax Rate For Calcs": 0.21,
        "Normalized EBITDA": 2117000.0,
        "Total Unusual Items": NaN,
        "Total Unusual Items Excluding Goodwill": NaN,
        "Net Income From Continuing Operation Net Minority Interest": -1731000.0,
        "Reconciled Depreciation": 1915000.0,
        "Reconciled Cost Of Revenue": 10243000.0,
        "EBITDA": 2117000.0,
        "EBIT": 202000.0,
        "Net Interest Income": -1157000.0,
        "Interest Expense": 1157000.0,
        "Normalized Income": -1731000.0,
        "Net Income From Continuing And Discontinued Operation": -1731000.0,
        "Total Expenses": 35331000.0,
        "Total Operating Income As Reported": 229000.0,
        "Diluted Average Shares": 45390559.0,
        "Basic Average Shares": 45390559.0,
        "Diluted EPS": -0.04,
        "Basic EPS": -0.04,
        "Diluted NI Availto Com Stockholders": -1731000.0,
        "Net Income Common Stockholders": -1731000.0,
        "Net Income": -1731000.0,
        "Net Income Including Noncontrolling Interests": -1731000.0,
        "Net Income Continuous Operations": -1731000.0,
        "Tax Provision": 776000.0,
        "Pretax Income": -955000.0,
        "Other Income Expense": -27000.0,
        "Other Non Operating Income Expenses": -27000.0,
        "Special Income Charges": NaN,
        "Impairment Of Capital Assets": NaN,
        "Restructuring And Mergern Acquisition": NaN,
        "Net Non Operating Interest Income Expense": -1157000.0,
        "Total Other Finance Cost": NaN,
        "Interest Expense Non Operating": 1157000.0,
        "Operating Income": 229000.0,
        "Operating Expense": 25087000.0,
        "Other Operating Expenses": 8137000.0,
        "Depreciation Amortization Depletion Income Statement": 1914000.0,
        "Depreciation And Amortization In Income Statement": 1914000.0,
        "Research And Development": NaN,
        "Selling General And Administration": 15036000.0,
        "Selling And Marketing Expense": 7056000.0,
        "General And Administrative Expense": 7980000.0,
        "Other Gand A": 7980000.0,
        "Gross Profit": 25316000.0,
        "Cost Of Revenue": 10244000.0,
        "Total Revenue": 35560000.0,
        "Operating Revenue": 35560000.0
    }
}