{
    "2023-06-30": {
        "Tax Effect Of Unusual Items": 10812556.053812,
        "Tax Rate For Calcs": 0.263079,
        "Normalized EBITDA": 89500000.0,
        "Total Unusual Items": 41100000.0,
        "Total Unusual Items Excluding Goodwill": 41100000.0,
        "Net Income From Continuing Operation Net Minority Interest": 63300000.0,
        "Reconciled Depreciation": 96100000.0,
        "Reconciled Cost Of Revenue": 185800000.0,
        "EBITDA": 130600000.0,
        "EBIT": 130600000.0,
        "Net Interest Income": -63700000.0,
        "Interest Expense": 63700000.0,
        "Normalized Income": 33012556.053812,
        "Net Income From Continuing And Discontinued Operation": 63300000.0,
        "Total Expenses": 248800000.0,
        "Rent Expense Supplemental": 9000000.0,
        "Diluted Average Shares": 35700000.0,
        "Basic Average Shares": 35600000.0,
        "Diluted EPS": 1.74,
        "Basic EPS": 1.74,
        "Diluted NI Availto Com Stockholders": 63300000.0,
        "Net Income Common Stockholders": 63300000.0,
        "Net Income": 63300000.0,
        "Net Income Including Noncontrolling Interests": 63300000.0,
        "Net Income Continuous Operations": 63300000.0,
        "Earnings From Equity Interest Net Of Tax": 14000000.0,
        "Tax Provision": 17600000.0,
        "Pretax Income": 66900000.0,
        "Other Income Expense": 36200000.0,
        "Other Non Operating Income Expenses": -4900000.0,
        "Special Income Charges": 41100000.0,
        "Gain On Sale Of Ppe": 41100000.0,
        "Write Off": 0.0,
        "Net Non Operating Interest Income Expense": -63700000.0,
        "Interest Expense Non Operating": 63700000.0,
        "Operating Income": 94400000.0,
        "Operating Expense": 63000000.0,
        "Other Operating Expenses": 11000000.0,
        "Selling General And Administration": 52000000.0,
        "Gross Profit": 157400000.0,
        "Cost Of Revenue": 185800000.0,
        "Total Revenue": 343200000.0,
        "Operating Revenue": 310600000.0
    },
    "2023-03-31": {
        "Tax Effect Of Unusual Items": 12372171.651495,
        "Tax Rate For Calcs": 0.262679,
        "Normalized EBITDA": 88800000.0,
        "Total Unusual Items": 47100000.0,
        "Total Unusual Items Excluding Goodwill": 47100000.0,
        "Net Income From Continuing Operation Net Minority Interest": 77400000.0,
        "Reconciled Depreciation": 93600000.0,
        "Reconciled Cost Of Revenue": 184700000.0,
        "EBITDA": 135900000.0,
        "EBIT": 135900000.0,
        "Net Interest Income": -59000000.0,
        "Interest Expense": 59000000.0,
        "Normalized Income": 42672171.651495,
        "Net Income From Continuing And Discontinued Operation": 77400000.0,
        "Total Expenses": 246100000.0,
        "Rent Expense Supplemental": 9000000.0,
        "Diluted Average Shares": 35800000.0,
        "Basic Average Shares": 35300000.0,
        "Diluted EPS": 2.16,
        "Basic EPS": 2.19,
        "Diluted NI Availto Com Stockholders": 77400000.0,
        "Net Income Common Stockholders": 77400000.0,
        "Net Income": 77400000.0,
        "Net Income Including Noncontrolling Interests": 77400000.0,
        "Net Income Continuous Operations": 77400000.0,
        "Earnings From Equity Interest Net Of Tax": 20700000.0,
        "Tax Provision": 20200000.0,
        "Pretax Income": 76900000.0,
        "Other Income Expense": 43100000.0,
        "Other Non Operating Income Expenses": -4000000.0,
        "Special Income Charges": 47100000.0,
        "Gain On Sale Of Ppe": 48300000.0,
        "Write Off": 1200000.0,
        "Net Non Operating Interest Income Expense": -59000000.0,
        "Interest Expense Non Operating": 59000000.0,
        "Operating Income": 92800000.0,
        "Operating Expense": 61400000.0,
        "Other Operating Expenses": 11000000.0,
        "Selling General And Administration": 50400000.0,
        "Gross Profit": 154200000.0,
        "Cost Of Revenue": 184700000.0,
        "Total Revenue": 338900000.0,
        "Operating Revenue": 305500000.0
    },
    "2022-12-31": {
        "Tax Effect Of Unusual Items": 8596491.22807,
        "Tax Rate For Calcs": 0.350877,
        "Normalized EBITDA": 78400000.0,
        "Total Unusual Items": 24500000.0,
        "Total Unusual Items Excluding Goodwill": 24500000.0,
        "Net Income From Continuing Operation Net Minority Interest": 48400000.0,
        "Reconciled Depreciation": 93100000.0,
        "Reconciled Cost Of Revenue": 172100000.0,
        "EBITDA": 102900000.0,
        "EBIT": 102900000.0,
        "Net Interest Income": -57300000.0,
        "Interest Expense": 57300000.0,
        "Normalized Income": 32496491.22807,
        "Net Income From Continuing And Discontinued Operation": 48400000.0,
        "Total Expenses": 233100000.0,
        "Rent Expense Supplemental": 9000000.0,
        "Diluted Average Shares": 35800000.0,
        "Basic Average Shares": 35200000.0,
        "Diluted EPS": 1.36,
        "Basic EPS": 1.38,
        "Diluted NI Availto Com Stockholders": 48400000.0,
        "Net Income Common Stockholders": 48400000.0,
        "Net Income": 48400000.0,
        "Net Income Including Noncontrolling Interests": 48400000.0,
        "Net Income Continuous Operations": 48400000.0,
        "Earnings From Equity Interest Net Of Tax": 18800000.0,
        "Tax Provision": 16000000.0,
        "Pretax Income": 45600000.0,
        "Other Income Expense": 13300000.0,
        "Other Non Operating Income Expenses": -11200000.0,
        "Special Income Charges": 24500000.0,
        "Gain On Sale Of Ppe": 24500000.0,
        "Write Off": NaN,
        "Net Non Operating Interest Income Expense": -57300000.0,
        "Interest Expense Non Operating": 57300000.0,
        "Operating Income": 89600000.0,
        "Operating Expense": 61000000.0,
        "Other Operating Expenses": 8700000.0,
        "Selling General And Administration": 52300000.0,
        "Gross Profit": 150600000.0,
        "Cost Of Revenue": 172100000.0,
        "Total Revenue": 322700000.0,
        "Operating Revenue": 296700000.0
    },
    "2022-09-30": {
        "Tax Effect Of Unusual Items": 1513597.733711,
        "Tax Rate For Calcs": 0.388102,
        "Normalized EBITDA": 85000000.0,
        "Total Unusual Items": 3900000.0,
        "Total Unusual Items Excluding Goodwill": 3900000.0,
        "Net Income From Continuing Operation Net Minority Interest": 29100000.0,
        "Reconciled Depreciation": 92100000.0,
        "Reconciled Cost Of Revenue": 177200000.0,
        "EBITDA": 88900000.0,
        "EBIT": 88900000.0,
        "Net Interest Income": -53600000.0,
        "Interest Expense": 53600000.0,
        "Normalized Income": 26713597.733711,
        "Net Income From Continuing And Discontinued Operation": 29100000.0,
        "Total Expenses": 233500000.0,
        "Rent Expense Supplemental": 9000000.0,
        "Diluted Average Shares": 35700000.0,
        "Basic Average Shares": 35200000.0,
        "Diluted EPS": 0.81,
        "Basic EPS": 0.82,
        "Diluted NI Availto Com Stockholders": 29100000.0,
        "Net Income Common Stockholders": 29100000.0,
        "Net Income": 29100000.0,
        "Net Income Including Noncontrolling Interests": 29100000.0,
        "Net Income Continuous Operations": 29100000.0,
        "Earnings From Equity Interest Net Of Tax": 7500000.0,
        "Tax Provision": 13700000.0,
        "Pretax Income": 35300000.0,
        "Other Income Expense": 1400000.0,
        "Other Non Operating Income Expenses": -2500000.0,
        "Special Income Charges": 3900000.0,
        "Gain On Sale Of Ppe": 3900000.0,
        "Write Off": NaN,
        "Net Non Operating Interest Income Expense": -53600000.0,
        "Interest Expense Non Operating": 53600000.0,
        "Operating Income": 87500000.0,
        "Operating Expense": 56300000.0,
        "Other Operating Expenses": 8700000.0,
        "Selling General And Administration": 47600000.0,
        "Gross Profit": 143800000.0,
        "Cost Of Revenue": 177200000.0,
        "Total Revenue": 321000000.0,
        "Operating Revenue": 297200000.0
    },
    "2022-06-30": {
        "Tax Effect Of Unusual Items": -9680000.0,
        "Tax Rate For Calcs": 0.4,
        "Normalized EBITDA": 70500000.0,
        "Total Unusual Items": -24200000.0,
        "Total Unusual Items Excluding Goodwill": -24200000.0,
        "Net Income From Continuing Operation Net Minority Interest": 2600000.0,
        "Reconciled Depreciation": 93300000.0,
        "Reconciled Cost Of Revenue": 173700000.0,
        "EBITDA": 46300000.0,
        "EBIT": 46300000.0,
        "Net Interest Income": -51900000.0,
        "Interest Expense": 51900000.0,
        "Normalized Income": 17120000.0,
        "Net Income From Continuing And Discontinued Operation": 2600000.0,
        "Total Expenses": 230900000.0,
        "Rent Expense Supplemental": 9000000.0,
        "Diluted Average Shares": 36000000.0,
        "Basic Average Shares": 35500000.0,
        "Diluted EPS": 0.07,
        "Basic EPS": 0.07,
        "Diluted NI Availto Com Stockholders": 2600000.0,
        "Net Income Common Stockholders": 2600000.0,
        "Net Income": 2600000.0,
        "Net Income Including Noncontrolling Interests": 2600000.0,
        "Net Income Continuous Operations": 2600000.0,
        "Earnings From Equity Interest Net Of Tax": 10900000.0,
        "Tax Provision": 2700000.0,
        "Pretax Income": -5600000.0,
        "Other Income Expense": -35500000.0,
        "Other Non Operating Income Expenses": -11300000.0,
        "Special Income Charges": -24200000.0,
        "Gain On Sale Of Ppe": -24200000.0,
        "Write Off": 31500000.0,
        "Net Non Operating Interest Income Expense": -51900000.0,
        "Interest Expense Non Operating": 51900000.0,
        "Operating Income": 81800000.0,
        "Operating Expense": 57200000.0,
        "Other Operating Expenses": 9300000.0,
        "Selling General And Administration": 47900000.0,
        "Gross Profit": 139000000.0,
        "Cost Of Revenue": 173700000.0,
        "Total Revenue": 312700000.0,
        "Operating Revenue": 290100000.0
    },
    "2022-03-31": {
        "Diluted EPS": 2.1,
        "Total Revenue": 317,
        "Gross Profit": 229,
        "Operating Income": 81,
        "EBIT": 174,
        "Net Income": 76
    },
    "2021-12-31": {
        "Diluted EPS": 1.7,
        "Total Revenue": 321,
        "Gross Profit": 236,
        "Operating Income": 73,
        "EBIT": 169,
        "Net Income": 61
    },
    "2021-09-30": {
        "Diluted EPS": 1.11,
        "Total Revenue": 314,
        "Gross Profit": 227,
        "Operating Income": 80,
        "EBIT": 175,
        "Net Income": 40
    },
    "2021-06-30": {
        "Diluted EPS": 0.15,
        "Total Revenue": 317,
        "Gross Profit": 225,
        "Operating Income": 74,
        "EBIT": 169,
        "Net Income": 6
    },
    "2021-03-31": {
        "Diluted EPS": 1.02,
        "Total Revenue": 306,
        "Gross Profit": 216,
        "Operating Income": 70,
        "EBIT": 162,
        "Net Income": 37
    },
    "2020-12-31": {
        "Diluted EPS": 0.5,
        "Total Revenue": 305,
        "Gross Profit": 214,
        "Operating Income": 74,
        "EBIT": 162,
        "Net Income": 18
    },
    "2020-09-30": {
        "Diluted EPS": 1.35,
        "Total Revenue": 304,
        "Gross Profit": 212,
        "Operating Income": 78,
        "EBIT": 165,
        "Net Income": 48
    },
    "2020-06-30": {
        "Diluted EPS": 1.11,
        "Total Revenue": 301,
        "Gross Profit": 203,
        "Operating Income": 68,
        "EBIT": 153,
        "Net Income": 39
    },
    "2020-03-31": {
        "Diluted EPS": 1.31,
        "Total Revenue": 299,
        "Gross Profit": 196,
        "Operating Income": 67,
        "EBIT": 150,
        "Net Income": 46
    },
    "2019-12-31": {
        "Diluted EPS": 1.58,
        "Total Revenue": 289,
        "Gross Profit": 197,
        "Operating Income": 60,
        "EBIT": 144,
        "Net Income": 57
    },
    "2019-09-30": {
        "Diluted EPS": 1.25,
        "Total Revenue": 299,
        "Gross Profit": 206,
        "Operating Income": 75,
        "EBIT": 158,
        "Net Income": 45
    },
    "2019-06-30": {
        "Diluted EPS": 1.86,
        "Total Revenue": 298,
        "Gross Profit": 202,
        "Operating Income": 71,
        "EBIT": 154,
        "Net Income": 68
    },
    "2019-03-31": {
        "Diluted EPS": 1.12,
        "Total Revenue": 317,
        "Gross Profit": 210,
        "Operating Income": 76,
        "EBIT": 159,
        "Net Income": 42
    },
    "2018-12-31": {
        "Diluted EPS": 1.31,
        "Total Revenue": 171,
        "Gross Profit": 173,
        "Operating Income": 50,
        "EBIT": 124,
        "Net Income": 49
    },
    "2018-09-30": {
        "Diluted EPS": 1.22,
        "Total Revenue": 350,
        "Gross Profit": 221,
        "Operating Income": 84,
        "EBIT": 171,
        "Net Income": 47
    },
    "2018-06-30": {
        "Diluted EPS": 1.01,
        "Total Revenue": 350,
        "Gross Profit": 217,
        "Operating Income": 81,
        "EBIT": 166,
        "Net Income": 39
    },
    "2018-03-31": {
        "Diluted EPS": 1.98,
        "Total Revenue": 305,
        "Gross Profit": 199,
        "Operating Income": 68,
        "EBIT": 150,
        "Net Income": 76
    },
    "2017-12-31": {
        "Diluted EPS": 8.71,
        "Total Revenue": 353,
        "Gross Profit": 215,
        "Operating Income": 75,
        "EBIT": 159,
        "Net Income": 342
    },
    "2017-09-30": {
        "Diluted EPS": 1.25,
        "Total Revenue": 360,
        "Gross Profit": 220,
        "Operating Income": 90,
        "EBIT": 173,
        "Net Income": 49
    },
    "2017-06-30": {
        "Diluted EPS": 1.35,
        "Total Revenue": 348,
        "Gross Profit": 210,
        "Operating Income": 83,
        "EBIT": 163,
        "Net Income": 53
    },
    "2017-03-31": {
        "Diluted EPS": 1.44,
        "Total Revenue": 316,
        "Gross Profit": 210,
        "Operating Income": 85,
        "EBIT": 160,
        "Net Income": 58
    },
    "2016-12-31": {
        "Diluted EPS": 0.78,
        "Total Revenue": 362,
        "Gross Profit": 215,
        "Operating Income": 87,
        "EBIT": 167,
        "Net Income": 31
    },
    "2016-09-30": {
        "Diluted EPS": 2.36,
        "Total Revenue": 363,
        "Gross Profit": 225,
        "Operating Income": 91,
        "EBIT": 170,
        "Net Income": 96
    },
    "2016-06-30": {
        "Diluted EPS": 1.49,
        "Total Revenue": 359,
        "Gross Profit": 217,
        "Operating Income": 85,
        "EBIT": 164,
        "Net Income": 61
    },
    "2016-03-31": {
        "Diluted EPS": 1.66,
        "Total Revenue": 334,
        "Gross Profit": 227,
        "Operating Income": 110,
        "EBIT": 182,
        "Net Income": 69
    },
    "2015-12-31": {
        "Diluted EPS": 1.36,
        "Total Revenue": 379,
        "Gross Profit": 232,
        "Operating Income": 87,
        "EBIT": 163,
        "Net Income": 58
    },
    "2015-09-30": {
        "Diluted EPS": 0.91,
        "Total Revenue": 386,
        "Gross Profit": 232,
        "Operating Income": 104,
        "EBIT": 182,
        "Net Income": 40
    },
    "2015-06-30": {
        "Diluted EPS": 1.03,
        "Total Revenue": 365,
        "Gross Profit": 215,
        "Operating Income": 89,
        "EBIT": 166,
        "Net Income": 45
    },
    "2015-03-31": {
        "Diluted EPS": 1.39,
        "Total Revenue": 320,
        "Gross Profit": 202,
        "Operating Income": 80,
        "EBIT": 152,
        "Net Income": 62
    },
    "2014-12-31": {
        "Diluted EPS": 1.29,
        "Total Revenue": 401,
        "Gross Profit": 217,
        "Operating Income": 81,
        "EBIT": 157,
        "Net Income": 59
    },
    "2014-09-30": {
        "Diluted EPS": 1.14,
        "Total Revenue": 397,
        "Gross Profit": 219,
        "Operating Income": 94,
        "EBIT": 169,
        "Net Income": 51
    },
    "2014-06-30": {
        "Diluted EPS": 1.15,
        "Total Revenue": 366,
        "Gross Profit": 200,
        "Operating Income": 77,
        "EBIT": 152,
        "Net Income": 53
    },
    "2014-03-31": {
        "Diluted EPS": 0.9,
        "Total Revenue": 287,
        "Gross Profit": 172,
        "Operating Income": 64,
        "EBIT": 126,
        "Net Income": 42
    },
    "2013-12-31": {
        "Diluted EPS": 1.13,
        "Total Revenue": 357,
        "Gross Profit": 191,
        "Operating Income": 67,
        "EBIT": 139,
        "Net Income": 53
    },
    "2013-09-30": {
        "Diluted EPS": 1.15,
        "Total Revenue": 353,
        "Gross Profit": 187,
        "Operating Income": 72,
        "EBIT": 141,
        "Net Income": 54
    },
    "2013-06-30": {
        "Diluted EPS": 0.74,
        "Total Revenue": 339,
        "Gross Profit": 173,
        "Operating Income": 57,
        "EBIT": 124,
        "Net Income": 35
    },
    "2013-03-31": {
        "Diluted EPS": 0.57,
        "Total Revenue": 272,
        "Gross Profit": 157,
        "Operating Income": 52,
        "EBIT": 112,
        "Net Income": 27
    },
    "2012-12-31": {
        "Diluted EPS": 0.62,
        "Total Revenue": 332,
        "Gross Profit": 169,
        "Operating Income": 55,
        "EBIT": 120,
        "Net Income": 30
    },
    "2012-09-30": {
        "Diluted EPS": 1.13,
        "Total Revenue": 332,
        "Gross Profit": 174,
        "Operating Income": 68,
        "EBIT": 132,
        "Net Income": 54
    },
    "2012-06-30": {
        "Diluted EPS": 0.49,
        "Total Revenue": 323,
        "Gross Profit": 168,
        "Operating Income": 63,
        "EBIT": 125,
        "Net Income": 24
    },
    "2012-03-31": {
        "Diluted EPS": 0.64,
        "Total Revenue": 257,
        "Gross Profit": 151,
        "Operating Income": 53,
        "EBIT": 112,
        "Net Income": 30
    },
    "2011-12-31": {
        "Diluted EPS": 0.67,
        "Total Revenue": 357,
        "Gross Profit": 204,
        "Operating Income": 101,
        "EBIT": 164,
        "Net Income": 32
    },
    "2011-09-30": {
        "Diluted EPS": 0.7,
        "Total Revenue": 340,
        "Gross Profit": 189,
        "Operating Income": 93,
        "EBIT": 153,
        "Net Income": 33
    },
    "2011-06-30": {
        "Diluted EPS": 0.56,
        "Total Revenue": 330,
        "Gross Profit": 186,
        "Operating Income": 92,
        "EBIT": 152,
        "Net Income": 26
    },
    "2011-03-31": {
        "Diluted EPS": 0.42,
        "Total Revenue": 282,
        "Gross Profit": 169,
        "Operating Income": 81,
        "EBIT": 136,
        "Net Income": 20
    },
    "2010-12-31": {
        "Diluted EPS": 0.42,
        "Total Revenue": 314,
        "Gross Profit": 166,
        "Operating Income": 72,
        "EBIT": 131,
        "Net Income": 20
    },
    "2010-09-30": {
        "Diluted EPS": 0.45,
        "Total Revenue": 314,
        "Gross Profit": 170,
        "Operating Income": 85,
        "EBIT": 142,
        "Net Income": 21
    },
    "2010-06-30": {
        "Diluted EPS": 0.46,
        "Total Revenue": 295,
        "Gross Profit": 160,
        "Operating Income": 72,
        "EBIT": 130,
        "Net Income": 22
    },
    "2010-03-31": {
        "Diluted EPS": 0.4,
        "Total Revenue": 282,
        "Gross Profit": 173,
        "Operating Income": 88,
        "EBIT": 142,
        "Net Income": 19
    },
    "2009-12-31": {
        "Diluted EPS": 0.45,
        "Total Revenue": 309,
        "Gross Profit": 164,
        "Operating Income": 82,
        "EBIT": 141,
        "Net Income": 22
    },
    "2009-09-30": {
        "Diluted EPS": 0.42,
        "Total Revenue": 292,
        "Gross Profit": 166,
        "Operating Income": 76,
        "EBIT": 134,
        "Net Income": 20
    },
    "2009-06-30": {
        "Diluted EPS": 0.27,
        "Total Revenue": 289,
        "Gross Profit": 163,
        "Operating Income": 73,
        "EBIT": 131,
        "Net Income": 13
    },
    "2009-03-31": {
        "Diluted EPS": 0.56,
        "Total Revenue": 264,
        "Gross Profit": 169,
        "Operating Income": 84,
        "EBIT": 137,
        "Net Income": 28
    },
    "2023-09-30": {
        "Tax Effect Of Unusual Items": 4571828.358209,
        "Tax Rate For Calcs": 0.270522,
        "Normalized EBITDA": 104800000.0,
        "Total Unusual Items": 16900000.0,
        "Total Unusual Items Excluding Goodwill": 16900000.0,
        "Net Income From Continuing Operation Net Minority Interest": 52500000.0,
        "Reconciled Depreciation": 100100000.0,
        "Reconciled Cost Of Revenue": 194100000.0,
        "EBITDA": 121700000.0,
        "EBIT": 121700000.0,
        "Net Interest Income": -68100000.0,
        "Interest Expense": 68100000.0,
        "Normalized Income": 40171828.358209,
        "Net Income From Continuing And Discontinued Operation": 52500000.0,
        "Total Expenses": 257100000.0,
        "Rent Expense Supplemental": 9000000.0,
        "Diluted Average Shares": 35800000.0,
        "Basic Average Shares": 35700000.0,
        "Diluted EPS": 1.44,
        "Basic EPS": 1.44,
        "Diluted NI Availto Com Stockholders": 52500000.0,
        "Net Income Common Stockholders": 52500000.0,
        "Net Income": 52500000.0,
        "Net Income Including Noncontrolling Interests": 52500000.0,
        "Net Income Continuous Operations": 52500000.0,
        "Earnings From Equity Interest Net Of Tax": 13400000.0,
        "Tax Provision": 14500000.0,
        "Pretax Income": 53600000.0,
        "Other Income Expense": 18700000.0,
        "Other Non Operating Income Expenses": 1800000.0,
        "Special Income Charges": 16900000.0,
        "Gain On Sale Of Ppe": 16900000.0,
        "Write Off": NaN,
        "Net Non Operating Interest Income Expense": -68100000.0,
        "Interest Expense Non Operating": 68100000.0,
        "Operating Income": 103000000.0,
        "Operating Expense": 63000000.0,
        "Other Operating Expenses": 12000000.0,
        "Selling General And Administration": 51000000.0,
        "Gross Profit": 166000000.0,
        "Cost Of Revenue": 194100000.0,
        "Total Revenue": 360100000.0,
        "Operating Revenue": 317800000.0
    }
}