{
    "2023-06-30": {
        "Tax Effect Of Unusual Items": -39864.72031,
        "Tax Rate For Calcs": 0.188041,
        "Total Unusual Items": -212000.0,
        "Total Unusual Items Excluding Goodwill": -212000.0,
        "Net Income From Continuing Operation Net Minority Interest": 54955000.0,
        "Reconciled Depreciation": 9239000.0,
        "Net Interest Income": 171980000.0,
        "Interest Expense": 75385000.0,
        "Interest Income": 247365000.0,
        "Normalized Income": 55127135.27969,
        "Net Income From Continuing And Discontinued Operation": 54955000.0,
        "Diluted Average Shares": 110875535.0,
        "Basic Average Shares": 110870964.0,
        "Diluted EPS": 0.5,
        "Basic EPS": 0.5,
        "Diluted NI Availto Com Stockholders": 54955000.0,
        "Net Income Common Stockholders": 54955000.0,
        "Net Income": 54955000.0,
        "Net Income Including Noncontrolling Interests": 54955000.0,
        "Net Income Continuous Operations": 54955000.0,
        "Tax Provision": 12727000.0,
        "Pretax Income": 67682000.0,
        "Special Income Charges": -212000.0,
        "Other Special Charges": 1000.0,
        "Restructuring And Mergern Acquisition": 211000.0,
        "Gain On Sale Of Security": -23000.0,
        "Depreciation Amortization Depletion Income Statement": 2427000.0,
        "Depreciation And Amortization In Income Statement": 2427000.0,
        "Amortization": 2427000.0,
        "Amortization Of Intangibles Income Statement": 2427000.0,
        "Selling General And Administration": 89763000.0,
        "Selling And Marketing Expense": 3733000.0,
        "General And Administrative Expense": 86030000.0,
        "Insurance And Claims": 5314000.0,
        "Salaries And Wages": 80716000.0,
        "Total Revenue": 196523000.0,
        "Operating Revenue": 196523000.0,
        "Occupancy And Equipment": 10827000.0,
        "Professional Expense And Contract Services Expense": 5649000.0,
        "Other Non Interest Expense": 17190000.0
    },
    "2023-03-31": {
        "Tax Effect Of Unusual Items": -56953.0,
        "Tax Rate For Calcs": 0.169,
        "Total Unusual Items": -337000.0,
        "Total Unusual Items Excluding Goodwill": -337000.0,
        "Net Income From Continuing Operation Net Minority Interest": 61211000.0,
        "Reconciled Depreciation": 9261000.0,
        "Net Interest Income": 186192000.0,
        "Interest Expense": 45696000.0,
        "Interest Income": 231888000.0,
        "Normalized Income": 61491047.0,
        "Net Income From Continuing And Discontinued Operation": 61211000.0,
        "Diluted Average Shares": 110881708.0,
        "Basic Average Shares": 110824648.0,
        "Diluted EPS": 0.55,
        "Basic EPS": 0.55,
        "Diluted NI Availto Com Stockholders": 61211000.0,
        "Net Income Common Stockholders": 61211000.0,
        "Net Income": 61211000.0,
        "Net Income Including Noncontrolling Interests": 61211000.0,
        "Net Income Continuous Operations": 61211000.0,
        "Tax Provision": 12424000.0,
        "Pretax Income": 73635000.0,
        "Special Income Charges": -337000.0,
        "Other Special Charges": -15000.0,
        "Restructuring And Mergern Acquisition": 352000.0,
        "Gain On Sale Of Security": -114000.0,
        "Depreciation Amortization Depletion Income Statement": 2449000.0,
        "Depreciation And Amortization In Income Statement": 2449000.0,
        "Amortization": 2449000.0,
        "Amortization Of Intangibles Income Statement": 2449000.0,
        "Selling General And Administration": 91910000.0,
        "Selling And Marketing Expense": 4235000.0,
        "General And Administrative Expense": 87675000.0,
        "Insurance And Claims": 4903000.0,
        "Salaries And Wages": 82772000.0,
        "Total Revenue": 209415000.0,
        "Operating Revenue": 209415000.0,
        "Occupancy And Equipment": 11665000.0,
        "Professional Expense And Contract Services Expense": 5430000.0,
        "Other Non Interest Expense": 18519000.0
    },
    "2022-12-31": {
        "Tax Effect Of Unusual Items": 215282.60758,
        "Tax Rate For Calcs": 0.182288,
        "Total Unusual Items": 1181000.0,
        "Total Unusual Items Excluding Goodwill": 1181000.0,
        "Net Income From Continuing Operation Net Minority Interest": 79677000.0,
        "Reconciled Depreciation": 9542000.0,
        "Net Interest Income": 204059000.0,
        "Interest Expense": 21026000.0,
        "Interest Income": 225085000.0,
        "Normalized Income": 78711282.60758,
        "Net Income From Continuing And Discontinued Operation": 79677000.0,
        "Diluted Average Shares": 110872127.0,
        "Basic Average Shares": 110773084.0,
        "Diluted EPS": 0.72,
        "Basic EPS": 0.72,
        "Diluted NI Availto Com Stockholders": 79677000.0,
        "Net Income Common Stockholders": 79677000.0,
        "Net Income": 79677000.0,
        "Net Income Including Noncontrolling Interests": 79677000.0,
        "Net Income Continuous Operations": 79677000.0,
        "Tax Provision": 17762000.0,
        "Pretax Income": 97439000.0,
        "Special Income Charges": 1181000.0,
        "Other Special Charges": -1985000.0,
        "Restructuring And Mergern Acquisition": 804000.0,
        "Gain On Sale Of Security": 519000.0,
        "Depreciation Amortization Depletion Income Statement": 2664000.0,
        "Depreciation And Amortization In Income Statement": 2664000.0,
        "Amortization": 2664000.0,
        "Amortization Of Intangibles Income Statement": 2664000.0,
        "Selling General And Administration": 98079000.0,
        "Selling And Marketing Expense": 3558000.0,
        "General And Administrative Expense": 94521000.0,
        "Insurance And Claims": NaN,
        "Salaries And Wages": 81617000.0,
        "Total Revenue": 227762000.0,
        "Operating Revenue": 227762000.0
    },
    "2022-09-30": {
        "Tax Effect Of Unusual Items": NaN,
        "Tax Rate For Calcs": NaN,
        "Total Unusual Items": NaN,
        "Total Unusual Items Excluding Goodwill": NaN,
        "Net Income From Continuing Operation Net Minority Interest": NaN,
        "Reconciled Depreciation": NaN,
        "Net Interest Income": NaN,
        "Interest Expense": NaN,
        "Interest Income": NaN,
        "Normalized Income": NaN,
        "Net Income From Continuing And Discontinued Operation": NaN,
        "Diluted Average Shares": NaN,
        "Basic Average Shares": NaN,
        "Diluted EPS": NaN,
        "Basic EPS": NaN,
        "Diluted NI Availto Com Stockholders": NaN,
        "Net Income Common Stockholders": NaN,
        "Net Income": NaN,
        "Net Income Including Noncontrolling Interests": NaN,
        "Net Income Continuous Operations": NaN,
        "Tax Provision": NaN,
        "Pretax Income": NaN,
        "Special Income Charges": NaN,
        "Other Special Charges": NaN,
        "Restructuring And Mergern Acquisition": NaN,
        "Gain On Sale Of Security": NaN,
        "Depreciation Amortization Depletion Income Statement": NaN,
        "Depreciation And Amortization In Income Statement": NaN,
        "Amortization": NaN,
        "Amortization Of Intangibles Income Statement": NaN,
        "Selling General And Administration": NaN,
        "Selling And Marketing Expense": NaN,
        "General And Administrative Expense": NaN,
        "Other Gand A": 14803000.0,
        "Insurance And Claims": NaN,
        "Salaries And Wages": NaN,
        "Total Revenue": NaN,
        "Operating Revenue": NaN
    },
    "2022-06-30": {
        "Tax Effect Of Unusual Items": 0.0,
        "Tax Rate For Calcs": 0.185,
        "Total Unusual Items": -1098000.0,
        "Total Unusual Items Excluding Goodwill": -1098000.0,
        "Net Income From Continuing Operation Net Minority Interest": 76392000.0,
        "Reconciled Depreciation": 2665000.0,
        "Net Interest Income": 193438000.0,
        "Interest Expense": 6199000.0,
        "Interest Income": 199637000.0,
        "Normalized Income": 76392000.0,
        "Net Income From Continuing And Discontinued Operation": 76392000.0,
        "Diluted Average Shares": 110794982.0,
        "Basic Average Shares": 110765379.0,
        "Diluted EPS": 0.69,
        "Basic EPS": 0.69,
        "Diluted NI Availto Com Stockholders": 76392000.0,
        "Net Income Common Stockholders": 76392000.0,
        "Net Income": 76392000.0,
        "Net Income Including Noncontrolling Interests": 76392000.0,
        "Net Income Continuous Operations": 76392000.0,
        "Tax Provision": 17338000.0,
        "Pretax Income": 93730000.0,
        "Special Income Charges": -1098000.0,
        "Other Special Charges": -957000.0,
        "Restructuring And Mergern Acquisition": 2055000.0,
        "Gain On Sale Of Security": -260000.0,
        "Depreciation Amortization Depletion Income Statement": 2665000.0,
        "Depreciation And Amortization In Income Statement": 2665000.0,
        "Amortization": 2665000.0,
        "Amortization Of Intangibles Income Statement": 2665000.0,
        "Selling General And Administration": 83569000.0,
        "Selling And Marketing Expense": 3766000.0,
        "General And Administrative Expense": 79803000.0,
        "Other Gand A": 10638000.0,
        "Insurance And Claims": NaN,
        "Salaries And Wages": 79803000.0,
        "Total Revenue": 221718000.0,
        "Operating Revenue": 221718000.0
    },
    "2022-03-31": {
        "Diluted EPS": 0.61,
        "Total Revenue": 224,
        "Gross Profit": 219,
        "Operating Income": 82,
        "EBIT": NaN,
        "Net Income": 68
    },
    "2021-12-31": {
        "Diluted EPS": 0.41,
        "Total Revenue": 227,
        "Gross Profit": 222,
        "Operating Income": 60,
        "EBIT": NaN,
        "Net Income": 51
    },
    "2021-09-30": {
        "Diluted EPS": 0.79,
        "Total Revenue": 202,
        "Gross Profit": 197,
        "Operating Income": 93,
        "EBIT": NaN,
        "Net Income": 76
    },
    "2021-06-30": {
        "Diluted EPS": 0.81,
        "Total Revenue": 195,
        "Gross Profit": 191,
        "Operating Income": 97,
        "EBIT": NaN,
        "Net Income": 78
    },
    "2021-03-31": {
        "Diluted EPS": 0.85,
        "Total Revenue": 202,
        "Gross Profit": 197,
        "Operating Income": 100,
        "EBIT": NaN,
        "Net Income": 81
    },
    "2020-12-31": {
        "Diluted EPS": 0.88,
        "Total Revenue": 216,
        "Gross Profit": 210,
        "Operating Income": 101,
        "EBIT": NaN,
        "Net Income": 82
    },
    "2020-09-30": {
        "Diluted EPS": 0.81,
        "Total Revenue": 211,
        "Gross Profit": 205,
        "Operating Income": 97,
        "EBIT": NaN,
        "Net Income": 78
    },
    "2020-06-30": {
        "Diluted EPS": 0.66,
        "Total Revenue": 197,
        "Gross Profit": 189,
        "Operating Income": 78,
        "EBIT": NaN,
        "Net Income": 63
    },
    "2020-03-31": {
        "Diluted EPS": 0.46,
        "Total Revenue": 176,
        "Gross Profit": 168,
        "Operating Income": 53,
        "EBIT": NaN,
        "Net Income": 43
    },
    "2019-12-31": {
        "Diluted EPS": 0.62,
        "Total Revenue": 174,
        "Gross Profit": 165,
        "Operating Income": 70,
        "EBIT": NaN,
        "Net Income": 57
    },
    "2019-09-30": {
        "Diluted EPS": 0.57,
        "Total Revenue": 185,
        "Gross Profit": 174,
        "Operating Income": 64,
        "EBIT": NaN,
        "Net Income": 52
    },
    "2019-06-30": {
        "Diluted EPS": 0.61,
        "Total Revenue": 163,
        "Gross Profit": 151,
        "Operating Income": 65,
        "EBIT": NaN,
        "Net Income": 52
    },
    "2019-03-31": {
        "Diluted EPS": 0.58,
        "Total Revenue": 155,
        "Gross Profit": 144,
        "Operating Income": 61,
        "EBIT": NaN,
        "Net Income": 49
    },
    "2018-12-31": {
        "Diluted EPS": 0.59,
        "Total Revenue": 154,
        "Gross Profit": 144,
        "Operating Income": 62,
        "EBIT": NaN,
        "Net Income": 50
    },
    "2018-09-30": {
        "Diluted EPS": 0.58,
        "Total Revenue": 155,
        "Gross Profit": 146,
        "Operating Income": 63,
        "EBIT": NaN,
        "Net Income": 49
    },
    "2018-06-30": {
        "Diluted EPS": 0.52,
        "Total Revenue": 150,
        "Gross Profit": 140,
        "Operating Income": 54,
        "EBIT": NaN,
        "Net Income": 44
    },
    "2018-03-31": {
        "Diluted EPS": 0.48,
        "Total Revenue": 129,
        "Gross Profit": 121,
        "Operating Income": 47,
        "EBIT": NaN,
        "Net Income": 39
    },
    "2017-12-31": {
        "Diluted EPS": 0.19,
        "Total Revenue": 125,
        "Gross Profit": 118,
        "Operating Income": 47,
        "EBIT": NaN,
        "Net Income": 15
    },
    "2017-09-30": {
        "Diluted EPS": 0.47,
        "Total Revenue": 128,
        "Gross Profit": 120,
        "Operating Income": 49,
        "EBIT": NaN,
        "Net Income": 36
    },
    "2017-06-30": {
        "Diluted EPS": 0.43,
        "Total Revenue": 122,
        "Gross Profit": 114,
        "Operating Income": 46,
        "EBIT": NaN,
        "Net Income": 34
    },
    "2017-03-31": {
        "Diluted EPS": 0.41,
        "Total Revenue": 113,
        "Gross Profit": 106,
        "Operating Income": 41,
        "EBIT": NaN,
        "Net Income": 31
    },
    "2016-12-31": {
        "Diluted EPS": 0.41,
        "Total Revenue": 116,
        "Gross Profit": 109,
        "Operating Income": 43,
        "EBIT": NaN,
        "Net Income": 31
    },
    "2016-09-30": {
        "Diluted EPS": 0.4,
        "Total Revenue": 114,
        "Gross Profit": 107,
        "Operating Income": 41,
        "EBIT": NaN,
        "Net Income": 31
    },
    "2016-06-30": {
        "Diluted EPS": 0.4,
        "Total Revenue": 113,
        "Gross Profit": 105,
        "Operating Income": 41,
        "EBIT": NaN,
        "Net Income": 30
    },
    "2016-03-31": {
        "Diluted EPS": 0.38,
        "Total Revenue": 109,
        "Gross Profit": 101,
        "Operating Income": 38,
        "EBIT": NaN,
        "Net Income": 29
    },
    "2015-12-31": {
        "Diluted EPS": 0.39,
        "Total Revenue": 108,
        "Gross Profit": 100,
        "Operating Income": 38,
        "EBIT": NaN,
        "Net Income": 30
    },
    "2015-09-30": {
        "Diluted EPS": 0.39,
        "Total Revenue": 106,
        "Gross Profit": 99,
        "Operating Income": 39,
        "EBIT": NaN,
        "Net Income": 30
    },
    "2015-06-30": {
        "Diluted EPS": 0.39,
        "Total Revenue": 104,
        "Gross Profit": 97,
        "Operating Income": 38,
        "EBIT": NaN,
        "Net Income": 29
    },
    "2015-03-31": {
        "Diluted EPS": 0.37,
        "Total Revenue": 100,
        "Gross Profit": 93,
        "Operating Income": 37,
        "EBIT": NaN,
        "Net Income": 28
    },
    "2014-12-31": {
        "Diluted EPS": 0.37,
        "Total Revenue": 100,
        "Gross Profit": 93,
        "Operating Income": 38,
        "EBIT": NaN,
        "Net Income": 28
    },
    "2014-09-30": {
        "Diluted EPS": 0.4,
        "Total Revenue": 100,
        "Gross Profit": 94,
        "Operating Income": 39,
        "EBIT": NaN,
        "Net Income": 29
    },
    "2014-06-30": {
        "Diluted EPS": 0.38,
        "Total Revenue": 96,
        "Gross Profit": 90,
        "Operating Income": 38,
        "EBIT": NaN,
        "Net Income": 29
    },
    "2014-03-31": {
        "Diluted EPS": 0.36,
        "Total Revenue": 93,
        "Gross Profit": 87,
        "Operating Income": 36,
        "EBIT": NaN,
        "Net Income": 27
    },
    "2013-12-31": {
        "Diluted EPS": 0.36,
        "Total Revenue": 97,
        "Gross Profit": 90,
        "Operating Income": 37,
        "EBIT": NaN,
        "Net Income": 27
    },
    "2013-09-30": {
        "Diluted EPS": 0.35,
        "Total Revenue": 93,
        "Gross Profit": 86,
        "Operating Income": 35,
        "EBIT": NaN,
        "Net Income": 26
    },
    "2013-06-30": {
        "Diluted EPS": 0.31,
        "Total Revenue": 85,
        "Gross Profit": 78,
        "Operating Income": 32,
        "EBIT": NaN,
        "Net Income": 23
    },
    "2013-03-31": {
        "Diluted EPS": 0.29,
        "Total Revenue": 81,
        "Gross Profit": 73,
        "Operating Income": 29,
        "EBIT": NaN,
        "Net Income": 21
    },
    "2012-12-31": {
        "Diluted EPS": 0.29,
        "Total Revenue": 85,
        "Gross Profit": 77,
        "Operating Income": 25,
        "EBIT": NaN,
        "Net Income": 21
    },
    "2012-09-30": {
        "Diluted EPS": 0.27,
        "Total Revenue": 86,
        "Gross Profit": 77,
        "Operating Income": 31,
        "EBIT": NaN,
        "Net Income": 19
    },
    "2012-06-30": {
        "Diluted EPS": 0.26,
        "Total Revenue": 86,
        "Gross Profit": 77,
        "Operating Income": 23,
        "EBIT": NaN,
        "Net Income": 19
    },
    "2012-03-31": {
        "Diluted EPS": 0.23,
        "Total Revenue": 88,
        "Gross Profit": 79,
        "Operating Income": 28,
        "EBIT": NaN,
        "Net Income": 16
    },
    "2011-12-31": {
        "Diluted EPS": 0.2,
        "Total Revenue": 91,
        "Gross Profit": 81,
        "Operating Income": 23,
        "EBIT": NaN,
        "Net Income": 14
    },
    "2011-09-30": {
        "Diluted EPS": -0.27,
        "Total Revenue": 92,
        "Gross Profit": 81,
        "Operating Income": -24,
        "EBIT": NaN,
        "Net Income": -19
    },
    "2011-06-30": {
        "Diluted EPS": 0.17,
        "Total Revenue": 89,
        "Gross Profit": 78,
        "Operating Income": 13,
        "EBIT": NaN,
        "Net Income": 12
    },
    "2011-03-31": {
        "Diluted EPS": 0.14,
        "Total Revenue": 86,
        "Gross Profit": 74,
        "Operating Income": 12,
        "EBIT": NaN,
        "Net Income": 10
    },
    "2010-12-31": {
        "Diluted EPS": 0.13,
        "Total Revenue": 95,
        "Gross Profit": 83,
        "Operating Income": 12,
        "EBIT": NaN,
        "Net Income": 10
    },
    "2010-09-30": {
        "Diluted EPS": 0.13,
        "Total Revenue": 96,
        "Gross Profit": 83,
        "Operating Income": 11,
        "EBIT": NaN,
        "Net Income": 9
    },
    "2010-06-30": {
        "Diluted EPS": 0.19,
        "Total Revenue": 95,
        "Gross Profit": 81,
        "Operating Income": 16,
        "EBIT": NaN,
        "Net Income": 13
    },
    "2010-03-31": {
        "Diluted EPS": 0.16,
        "Total Revenue": 90,
        "Gross Profit": 76,
        "Operating Income": 13,
        "EBIT": NaN,
        "Net Income": 10
    },
    "2009-12-31": {
        "Diluted EPS": 0.16,
        "Total Revenue": 104,
        "Gross Profit": 90,
        "Operating Income": 9,
        "EBIT": NaN,
        "Net Income": 9
    },
    "2009-09-30": {
        "Diluted EPS": -0.03,
        "Total Revenue": 96,
        "Gross Profit": 82,
        "Operating Income": -7,
        "EBIT": NaN,
        "Net Income": -2
    },
    "2009-06-30": {
        "Diluted EPS": 0.17,
        "Total Revenue": 96,
        "Gross Profit": 82,
        "Operating Income": 14,
        "EBIT": NaN,
        "Net Income": 11
    },
    "2009-03-31": {
        "Diluted EPS": 0.26,
        "Total Revenue": 93,
        "Gross Profit": 78,
        "Operating Income": 22,
        "EBIT": NaN,
        "Net Income": 16
    },
    "2023-09-30": {
        "Tax Effect Of Unusual Items": -57775.035448,
        "Tax Rate For Calcs": 0.182832,
        "Total Unusual Items": -316000.0,
        "Total Unusual Items Excluding Goodwill": -316000.0,
        "Net Income From Continuing Operation Net Minority Interest": 52445000.0,
        "Reconciled Depreciation": 9126000.0,
        "Net Interest Income": 167054000.0,
        "Interest Expense": 97852000.0,
        "Interest Income": 264906000.0,
        "Normalized Income": 52703224.964552,
        "Net Income From Continuing And Discontinued Operation": 52445000.0,
        "Diluted Average Shares": 110886959.0,
        "Basic Average Shares": 110877534.0,
        "Diluted EPS": 0.47,
        "Basic EPS": 0.47,
        "Diluted NI Availto Com Stockholders": 52445000.0,
        "Net Income Common Stockholders": 52445000.0,
        "Net Income": 52445000.0,
        "Net Income Including Noncontrolling Interests": 52445000.0,
        "Net Income Continuous Operations": 52445000.0,
        "Tax Provision": 11734000.0,
        "Pretax Income": 64179000.0,
        "Special Income Charges": -316000.0,
        "Other Special Charges": 37000.0,
        "Restructuring And Mergern Acquisition": 279000.0,
        "Gain On Sale Of Security": -65000.0,
        "Depreciation Amortization Depletion Income Statement": 2428000.0,
        "Depreciation And Amortization In Income Statement": 2428000.0,
        "Amortization": 2428000.0,
        "Amortization Of Intangibles Income Statement": 2428000.0,
        "Selling General And Administration": 88979000.0,
        "Selling And Marketing Expense": 4052000.0,
        "General And Administrative Expense": 84927000.0,
        "Insurance And Claims": 6060000.0,
        "Salaries And Wages": 78867000.0,
        "Total Revenue": 192307000.0,
        "Operating Revenue": 192307000.0,
        "Occupancy And Equipment": 10553000.0,
        "Professional Expense And Contract Services Expense": 4104000.0,
        "Other Non Interest Expense": 18209000.0
    },
    "2023-12-31": {
        "Tax Effect Of Unusual Items": -74681.543019,
        "Tax Rate For Calcs": 0.125515,
        "Total Unusual Items": -595000.0,
        "Total Unusual Items Excluding Goodwill": -595000.0,
        "Net Income From Continuing Operation Net Minority Interest": 54316000.0,
        "Reconciled Depreciation": 9517000.0,
        "Net Interest Income": 166456000.0,
        "Interest Expense": 107040000.0,
        "Interest Income": 273496000.0,
        "Normalized Income": 54836318.456981,
        "Net Income From Continuing And Discontinued Operation": 54316000.0,
        "Diluted Average Shares": 110907640.0,
        "Basic Average Shares": 110884496.0,
        "Diluted EPS": 0.49,
        "Basic EPS": 0.49,
        "Diluted NI Availto Com Stockholders": 54316000.0,
        "Net Income Common Stockholders": 54316000.0,
        "Net Income": 54316000.0,
        "Net Income Including Noncontrolling Interests": 54316000.0,
        "Net Income Continuous Operations": 54316000.0,
        "Tax Provision": 7796000.0,
        "Pretax Income": 62112000.0,
        "Special Income Charges": -595000.0,
        "Other Special Charges": 137000.0,
        "Restructuring And Mergern Acquisition": 458000.0,
        "Gain On Sale Of Security": 1712000.0,
        "Depreciation Amortization Depletion Income Statement": 2427000.0,
        "Depreciation And Amortization In Income Statement": 2427000.0,
        "Amortization": 2427000.0,
        "Amortization Of Intangibles Income Statement": 2427000.0,
        "Selling General And Administration": 88765000.0,
        "Selling And Marketing Expense": 3410000.0,
        "General And Administrative Expense": 85355000.0,
        "Insurance And Claims": 12435000.0,
        "Salaries And Wages": 72920000.0,
        "Total Revenue": 191192000.0,
        "Operating Revenue": 191192000.0,
        "Occupancy And Equipment": 10533000.0,
        "Professional Expense And Contract Services Expense": 5210000.0,
        "Other Non Interest Expense": 18537000.0
    },
    "2024-03-31": {
        "Tax Effect Of Unusual Items": -483070.0,
        "Tax Rate For Calcs": 0.103,
        "Total Unusual Items": -4690000.0,
        "Total Unusual Items Excluding Goodwill": -4690000.0,
        "Net Income From Continuing Operation Net Minority Interest": 32627000.0,
        "Reconciled Depreciation": 9852000.0,
        "Net Interest Income": 166480000.0,
        "Interest Expense": 112922000.0,
        "Interest Income": 279402000.0,
        "Normalized Income": 36833930.0,
        "Net Income From Continuing And Discontinued Operation": 32627000.0,
        "Diluted Average Shares": 112554402.0,
        "Basic Average Shares": 112492142.0,
        "Diluted EPS": 0.29,
        "Basic EPS": 0.29,
        "Diluted NI Availto Com Stockholders": 32627000.0,
        "Net Income Common Stockholders": 32627000.0,
        "Net Income": 32627000.0,
        "Net Income Including Noncontrolling Interests": 32627000.0,
        "Net Income Continuous Operations": 32627000.0,
        "Tax Provision": 3750000.0,
        "Pretax Income": 36377000.0,
        "Special Income Charges": -4690000.0,
        "Other Special Charges": -1035000.0,
        "Restructuring And Mergern Acquisition": 5725000.0,
        "Gain On Sale Of Security": 16000.0,
        "Depreciation Amortization Depletion Income Statement": 2760000.0,
        "Depreciation And Amortization In Income Statement": 2760000.0,
        "Amortization": 2760000.0,
        "Amortization Of Intangibles Income Statement": 2760000.0,
        "Selling General And Administration": 98965000.0,
        "Selling And Marketing Expense": 3983000.0,
        "General And Administrative Expense": 94982000.0,
        "Insurance And Claims": 7761000.0,
        "Salaries And Wages": 87221000.0,
        "Total Revenue": 190588000.0,
        "Operating Revenue": 190588000.0,
        "Occupancy And Equipment": 11883000.0,
        "Professional Expense And Contract Services Expense": 5972000.0,
        "Other Non Interest Expense": 21692000.0
    },
    "2024-06-30": {
        "Tax Effect Of Unusual Items": -49087.286948,
        "Tax Rate For Calcs": 0.175312,
        "Total Unusual Items": -280000.0,
        "Total Unusual Items Excluding Goodwill": -280000.0,
        "Net Income From Continuing Operation Net Minority Interest": 44708000.0,
        "Reconciled Depreciation": 10259000.0,
        "Net Interest Income": 166478000.0,
        "Interest Expense": 107356000.0,
        "Interest Income": 273834000.0,
        "Normalized Income": 44938912.713052,
        "Net Income From Continuing And Discontinued Operation": 44708000.0,
        "Diluted Average Shares": 113405491.0,
        "Basic Average Shares": 113390539.0,
        "Diluted EPS": 0.39,
        "Basic EPS": 0.39,
        "Diluted NI Availto Com Stockholders": 44708000.0,
        "Net Income Common Stockholders": 44708000.0,
        "Net Income": 44708000.0,
        "Net Income Including Noncontrolling Interests": 44708000.0,
        "Net Income Continuous Operations": 44708000.0,
        "Tax Provision": 9504000.0,
        "Pretax Income": 54212000.0,
        "Special Income Charges": -280000.0,
        "Other Special Charges": -1503000.0,
        "Restructuring And Mergern Acquisition": 1783000.0,
        "Gain On Sale Of Security": -12000.0,
        "Depreciation Amortization Depletion Income Statement": 3017000.0,
        "Depreciation And Amortization In Income Statement": 3017000.0,
        "Amortization": 3017000.0,
        "Amortization Of Intangibles Income Statement": 3017000.0,
        "Selling General And Administration": 95791000.0,
        "Selling And Marketing Expense": 4362000.0,
        "General And Administrative Expense": 91429000.0,
        "Insurance And Claims": 5393000.0,
        "Salaries And Wages": 86036000.0,
        "Total Revenue": 193747000.0,
        "Operating Revenue": 193747000.0,
        "Occupancy And Equipment": 11594000.0,
        "Professional Expense And Contract Services Expense": 5996000.0,
        "Other Non Interest Expense": 19339000.0
    },
    "2024-09-30": {
        "Tax Effect Of Unusual Items": -238695.477484,
        "Tax Rate For Calcs": 0.17947,
        "Total Unusual Items": -1330000.0,
        "Total Unusual Items Excluding Goodwill": -1330000.0,
        "Net Income From Continuing Operation Net Minority Interest": 51055000.0,
        "Reconciled Depreciation": 10590000.0,
        "Net Interest Income": 180231000.0,
        "Interest Expense": 109347000.0,
        "Interest Income": 289578000.0,
        "Normalized Income": 52146304.522516,
        "Net Income From Continuing And Discontinued Operation": 51055000.0,
        "Diluted Average Shares": 113473107.0,
        "Basic Average Shares": 113394758.0,
        "Diluted EPS": 0.45,
        "Basic EPS": 0.45,
        "Diluted NI Availto Com Stockholders": 51055000.0,
        "Net Income Common Stockholders": 51055000.0,
        "Net Income": 51055000.0,
        "Net Income Including Noncontrolling Interests": 51055000.0,
        "Net Income Continuous Operations": 51055000.0,
        "Tax Provision": 11167000.0,
        "Pretax Income": 62222000.0,
        "Special Income Charges": -1330000.0,
        "Other Special Charges": -586000.0,
        "Restructuring And Mergern Acquisition": 1916000.0,
        "Gain On Sale Of Security": 26000.0,
        "Depreciation Amortization Depletion Income Statement": 3367000.0,
        "Depreciation And Amortization In Income Statement": 3367000.0,
        "Amortization": 3367000.0,
        "Amortization Of Intangibles Income Statement": 3367000.0,
        "Selling General And Administration": 95912000.0,
        "Selling And Marketing Expense": 4062000.0,
        "General And Administrative Expense": 91850000.0,
        "Insurance And Claims": 5150000.0,
        "Salaries And Wages": 86700000.0,
        "Total Revenue": 209054000.0,
        "Operating Revenue": 209054000.0,
        "Occupancy And Equipment": 11989000.0,
        "Professional Expense And Contract Services Expense": 7106000.0,
        "Other Non Interest Expense": 19123000.0
    }
}