{
    "2023-05-31": {
        "Tax Effect Of Unusual Items": NaN,
        "Tax Rate For Calcs": NaN,
        "Normalized EBITDA": NaN,
        "Total Unusual Items": NaN,
        "Total Unusual Items Excluding Goodwill": NaN,
        "Net Income From Continuing Operation Net Minority Interest": NaN,
        "Reconciled Depreciation": NaN,
        "Reconciled Cost Of Revenue": NaN,
        "EBITDA": NaN,
        "EBIT": NaN,
        "Net Interest Income": NaN,
        "Interest Expense": NaN,
        "Normalized Income": NaN,
        "Net Income From Continuing And Discontinued Operation": NaN,
        "Total Expenses": NaN,
        "Rent Expense Supplemental": 13700000.0,
        "Total Operating Income As Reported": NaN,
        "Diluted Average Shares": 33571000.0,
        "Basic Average Shares": 31757000.0,
        "Diluted EPS": 0.64,
        "Basic EPS": 0.67,
        "Diluted NI Availto Com Stockholders": NaN,
        "Average Dilution Earnings": 300000.0,
        "Net Income Common Stockholders": NaN,
        "Net Income": NaN,
        "Minority Interests": NaN,
        "Net Income Including Noncontrolling Interests": NaN,
        "Net Income Continuous Operations": NaN,
        "Earnings From Equity Interest Net Of Tax": NaN,
        "Tax Provision": NaN,
        "Pretax Income": NaN,
        "Other Income Expense": NaN,
        "Special Income Charges": NaN,
        "Gain On Sale Of Ppe": NaN,
        "Write Off": 16400000.0,
        "Impairment Of Capital Assets": 16400000.0,
        "Gain On Sale Of Security": NaN,
        "Net Non Operating Interest Income Expense": NaN,
        "Interest Expense Non Operating": NaN,
        "Operating Income": NaN,
        "Operating Expense": NaN,
        "Selling General And Administration": NaN,
        "Gross Profit": NaN,
        "Cost Of Revenue": NaN,
        "Total Revenue": NaN,
        "Operating Revenue": NaN
    },
    "2023-02-28": {
        "Tax Effect Of Unusual Items": NaN,
        "Tax Rate For Calcs": NaN,
        "Normalized EBITDA": NaN,
        "Total Unusual Items": NaN,
        "Total Unusual Items Excluding Goodwill": NaN,
        "Net Income From Continuing Operation Net Minority Interest": NaN,
        "Reconciled Depreciation": NaN,
        "Reconciled Cost Of Revenue": NaN,
        "EBITDA": NaN,
        "EBIT": NaN,
        "Net Interest Income": NaN,
        "Interest Expense": NaN,
        "Normalized Income": NaN,
        "Net Income From Continuing And Discontinued Operation": NaN,
        "Total Expenses": NaN,
        "Rent Expense Supplemental": 14400000.0,
        "Total Operating Income As Reported": NaN,
        "Diluted Average Shares": 34400000.0,
        "Basic Average Shares": 32588000.0,
        "Diluted EPS": 0.97,
        "Basic EPS": 1.01,
        "Diluted NI Availto Com Stockholders": NaN,
        "Average Dilution Earnings": 300000.0,
        "Net Income Common Stockholders": NaN,
        "Net Income": NaN,
        "Minority Interests": NaN,
        "Net Income Including Noncontrolling Interests": NaN,
        "Net Income Continuous Operations": NaN,
        "Earnings From Equity Interest Net Of Tax": NaN,
        "Tax Provision": NaN,
        "Pretax Income": NaN,
        "Other Income Expense": NaN,
        "Special Income Charges": NaN,
        "Gain On Sale Of Ppe": NaN,
        "Write Off": NaN,
        "Impairment Of Capital Assets": NaN,
        "Gain On Sale Of Security": NaN,
        "Net Non Operating Interest Income Expense": NaN,
        "Interest Expense Non Operating": NaN,
        "Operating Income": NaN,
        "Operating Expense": NaN,
        "Selling General And Administration": NaN,
        "Gross Profit": NaN,
        "Cost Of Revenue": NaN,
        "Total Revenue": NaN,
        "Operating Revenue": NaN
    },
    "2022-11-30": {
        "Tax Effect Of Unusual Items": NaN,
        "Tax Rate For Calcs": NaN,
        "Normalized EBITDA": NaN,
        "Total Unusual Items": NaN,
        "Total Unusual Items Excluding Goodwill": NaN,
        "Net Income From Continuing Operation Net Minority Interest": NaN,
        "Reconciled Depreciation": NaN,
        "Reconciled Cost Of Revenue": NaN,
        "EBITDA": NaN,
        "EBIT": NaN,
        "Net Interest Income": NaN,
        "Interest Expense": NaN,
        "Normalized Income": NaN,
        "Net Income From Continuing And Discontinued Operation": NaN,
        "Total Expenses": NaN,
        "Rent Expense Supplemental": NaN,
        "Total Operating Income As Reported": NaN,
        "Diluted Average Shares": 32719000.0,
        "Basic Average Shares": 32719000.0,
        "Diluted EPS": -0.51,
        "Basic EPS": -0.51,
        "Diluted NI Availto Com Stockholders": NaN,
        "Average Dilution Earnings": NaN,
        "Net Income Common Stockholders": NaN,
        "Net Income": NaN,
        "Minority Interests": NaN,
        "Net Income Including Noncontrolling Interests": NaN,
        "Net Income Continuous Operations": NaN,
        "Earnings From Equity Interest Net Of Tax": NaN,
        "Tax Provision": NaN,
        "Pretax Income": NaN,
        "Other Income Expense": NaN,
        "Special Income Charges": NaN,
        "Gain On Sale Of Ppe": NaN,
        "Write Off": NaN,
        "Impairment Of Capital Assets": 24200000.0,
        "Gain On Sale Of Security": NaN,
        "Net Non Operating Interest Income Expense": NaN,
        "Interest Expense Non Operating": NaN,
        "Operating Income": NaN,
        "Operating Expense": NaN,
        "Selling General And Administration": NaN,
        "Gross Profit": NaN,
        "Cost Of Revenue": NaN,
        "Total Revenue": NaN,
        "Operating Revenue": NaN
    },
    "2022-08-31": {
        "Tax Effect Of Unusual Items": 1228637.413395,
        "Tax Rate For Calcs": 0.351039,
        "Normalized EBITDA": 47400000.0,
        "Total Unusual Items": 3500000.0,
        "Total Unusual Items Excluding Goodwill": 3500000.0,
        "Net Income From Continuing Operation Net Minority Interest": 20200000.0,
        "Reconciled Depreciation": 26100000.0,
        "Reconciled Cost Of Revenue": 823400000.0,
        "EBITDA": 50900000.0,
        "EBIT": 24800000.0,
        "Net Interest Income": -18700000.0,
        "Interest Expense": 17000000.0,
        "Normalized Income": 17928637.413395,
        "Net Income From Continuing And Discontinued Operation": 20200000.0,
        "Total Expenses": 892200000.0,
        "Rent Expense Supplemental": NaN,
        "Total Operating Income As Reported": 61400000.0,
        "Diluted Average Shares": 33646000.0,
        "Basic Average Shares": 32596000.0,
        "Diluted EPS": 0.61,
        "Basic EPS": 0.62,
        "Diluted NI Availto Com Stockholders": 20200000.0,
        "Average Dilution Earnings": NaN,
        "Net Income Common Stockholders": 20200000.0,
        "Net Income": 20200000.0,
        "Minority Interests": -9200000.0,
        "Net Income Including Noncontrolling Interests": 29400000.0,
        "Net Income Continuous Operations": 29400000.0,
        "Earnings From Equity Interest Net Of Tax": 1300000.0,
        "Tax Provision": 15200000.0,
        "Pretax Income": 43300000.0,
        "Other Income Expense": 3500000.0,
        "Special Income Charges": 2900000.0,
        "Gain On Sale Of Ppe": 2900000.0,
        "Write Off": NaN,
        "Impairment Of Capital Assets": NaN,
        "Gain On Sale Of Security": -1100000.0,
        "Net Non Operating Interest Income Expense": -18700000.0,
        "Interest Expense Non Operating": 17000000.0,
        "Operating Income": 58500000.0,
        "Operating Expense": 68800000.0,
        "Selling General And Administration": 68800000.0,
        "Gross Profit": 127300000.0,
        "Cost Of Revenue": 823400000.0,
        "Total Revenue": 950700000.0,
        "Operating Revenue": 950700000.0
    },
    "2022-05-31": {
        "Tax Effect Of Unusual Items": 276000.0,
        "Tax Rate For Calcs": 0.23,
        "Normalized EBITDA": 43900000.0,
        "Total Unusual Items": 1200000.0,
        "Total Unusual Items Excluding Goodwill": 1200000.0,
        "Net Income From Continuing Operation Net Minority Interest": 3100000.0,
        "Reconciled Depreciation": 25000000.0,
        "Reconciled Cost Of Revenue": 717200000.0,
        "EBIT": 20100000.0,
        "Net Interest Income": -15400000.0,
        "Interest Expense": 15400000.0,
        "Normalized Income": 2176000.0,
        "Net Income From Continuing And Discontinued Operation": 3100000.0,
        "Total Expenses": 774600000.0,
        "Rent Expense Supplemental": NaN,
        "Total Operating Income As Reported": 19600000.0,
        "Diluted Average Shares": 33661000.0,
        "Basic Average Shares": 32588000.0,
        "Diluted EPS": 0.09,
        "Basic EPS": 0.1,
        "Diluted NI Availto Com Stockholders": 3100000.0,
        "Average Dilution Earnings": NaN,
        "Net Income Common Stockholders": 3100000.0,
        "Net Income": 3100000.0,
        "Minority Interests": -4500000.0,
        "Net Income Including Noncontrolling Interests": 7600000.0,
        "Net Income Continuous Operations": 7600000.0,
        "Earnings From Equity Interest Net Of Tax": 4000000.0,
        "Tax Provision": 1100000.0,
        "Pretax Income": 4700000.0,
        "Other Income Expense": 1200000.0,
        "Special Income Charges": 700000.0,
        "Gain On Sale Of Ppe": 700000.0,
        "Write Off": NaN,
        "Impairment Of Capital Assets": NaN,
        "Gain On Sale Of Security": 500000.0,
        "Net Non Operating Interest Income Expense": -15400000.0,
        "Interest Expense Non Operating": 15400000.0,
        "Operating Income": 18900000.0,
        "Operating Expense": 57400000.0,
        "Selling General And Administration": 57400000.0,
        "Gross Profit": 76300000.0,
        "Cost Of Revenue": 717200000.0,
        "Total Revenue": 793500000.0,
        "Operating Revenue": 793500000.0
    },
    "2022-02-28": {
        "Diluted EPS": 0.38,
        "Total Revenue": 683,
        "Gross Profit": 55,
        "Operating Income": 25,
        "EBIT": 51,
        "Net Income": 13
    },
    "2021-11-30": {
        "Diluted EPS": 0.32,
        "Total Revenue": 551,
        "Gross Profit": 48,
        "Operating Income": 12,
        "EBIT": 37,
        "Net Income": 11
    },
    "2021-08-31": {
        "Diluted EPS": 0.95,
        "Total Revenue": 599,
        "Gross Profit": 98,
        "Operating Income": 43,
        "EBIT": 71,
        "Net Income": 32
    },
    "2021-05-31": {
        "Diluted EPS": 0.59,
        "Total Revenue": 450,
        "Gross Profit": 75,
        "Operating Income": 26,
        "EBIT": 52,
        "Net Income": 20
    },
    "2021-02-28": {
        "Diluted EPS": -0.28,
        "Total Revenue": 296,
        "Gross Profit": 18,
        "Operating Income": -26,
        "EBIT": 1,
        "Net Income": -9
    },
    "2020-11-30": {
        "Diluted EPS": -0.3,
        "Total Revenue": 403,
        "Gross Profit": 41,
        "Operating Income": -2,
        "EBIT": 25,
        "Net Income": -10
    },
    "2020-08-31": {
        "Diluted EPS": -0.01,
        "Total Revenue": 636,
        "Gross Profit": 67,
        "Operating Income": 21,
        "EBIT": 50,
        "Net Income": 0
    },
    "2020-05-31": {
        "Diluted EPS": 0.83,
        "Total Revenue": 763,
        "Gross Profit": 108,
        "Operating Income": 67,
        "EBIT": 91,
        "Net Income": 28
    },
    "2020-02-29": {
        "Diluted EPS": 0.41,
        "Total Revenue": 624,
        "Gross Profit": 86,
        "Operating Income": 38,
        "EBIT": 70,
        "Net Income": 14
    },
    "2019-11-30": {
        "Diluted EPS": 0.23,
        "Total Revenue": 769,
        "Gross Profit": 92,
        "Operating Income": 42,
        "EBIT": 72,
        "Net Income": 8
    },
    "2019-08-31": {
        "Diluted EPS": 1.06,
        "Total Revenue": 914,
        "Gross Profit": 134,
        "Operating Income": 76,
        "EBIT": 101,
        "Net Income": 35
    },
    "2019-05-31": {
        "Diluted EPS": 0.46,
        "Total Revenue": 856,
        "Gross Profit": 107,
        "Operating Income": 53,
        "EBIT": 84,
        "Net Income": 15
    },
    "2019-02-28": {
        "Diluted EPS": 0.08,
        "Total Revenue": 659,
        "Gross Profit": 54,
        "Operating Income": 18,
        "EBIT": 40,
        "Net Income": 3
    },
    "2018-11-30": {
        "Diluted EPS": 0.54,
        "Total Revenue": 605,
        "Gross Profit": 73,
        "Operating Income": 36,
        "EBIT": 57,
        "Net Income": 18
    },
    "2018-08-31": {
        "Diluted EPS": 0.93,
        "Total Revenue": 689,
        "Gross Profit": 106,
        "Operating Income": 59,
        "EBIT": 79,
        "Net Income": 31
    },
    "2018-05-31": {
        "Diluted EPS": 1.01,
        "Total Revenue": 641,
        "Gross Profit": 109,
        "Operating Income": 72,
        "EBIT": 91,
        "Net Income": 33
    },
    "2018-02-28": {
        "Diluted EPS": 1.91,
        "Total Revenue": 629,
        "Gross Profit": 105,
        "Operating Income": 61,
        "EBIT": 80,
        "Net Income": 62
    },
    "2017-11-30": {
        "Diluted EPS": 0.83,
        "Total Revenue": 560,
        "Gross Profit": 89,
        "Operating Income": 61,
        "EBIT": 81,
        "Net Income": 26
    },
    "2017-08-31": {
        "Diluted EPS": 0.74,
        "Total Revenue": 611,
        "Gross Profit": 100,
        "Operating Income": 58,
        "EBIT": 77,
        "Net Income": 24
    },
    "2017-05-31": {
        "Diluted EPS": 1.03,
        "Total Revenue": 439,
        "Gross Profit": 90,
        "Operating Income": 48,
        "EBIT": 66,
        "Net Income": 33
    },
    "2017-02-28": {
        "Diluted EPS": 1.09,
        "Total Revenue": 566,
        "Gross Profit": 119,
        "Operating Income": 82,
        "EBIT": 97,
        "Net Income": 35
    },
    "2016-11-30": {
        "Diluted EPS": 0.79,
        "Total Revenue": 552,
        "Gross Profit": 113,
        "Operating Income": 73,
        "EBIT": 88,
        "Net Income": 25
    },
    "2016-08-31": {
        "Diluted EPS": 1.05,
        "Total Revenue": 595,
        "Gross Profit": 120,
        "Operating Income": 84,
        "EBIT": 105,
        "Net Income": 34
    },
    "2016-05-31": {
        "Diluted EPS": 1.12,
        "Total Revenue": 613,
        "Gross Profit": 127,
        "Operating Income": 84,
        "EBIT": 98,
        "Net Income": 35
    },
    "2016-02-29": {
        "Diluted EPS": 1.41,
        "Total Revenue": 669,
        "Gross Profit": 120,
        "Operating Income": 92,
        "EBIT": 107,
        "Net Income": 45
    },
    "2015-11-30": {
        "Diluted EPS": 2.15,
        "Total Revenue": 802,
        "Gross Profit": 185,
        "Operating Income": 148,
        "EBIT": 161,
        "Net Income": 69
    },
    "2015-08-31": {
        "Diluted EPS": 2.02,
        "Total Revenue": 765,
        "Gross Profit": 175,
        "Operating Income": 136,
        "EBIT": 147,
        "Net Income": 67
    },
    "2015-05-31": {
        "Diluted EPS": 1.33,
        "Total Revenue": 715,
        "Gross Profit": 149,
        "Operating Income": 104,
        "EBIT": 115,
        "Net Income": 43
    },
    "2015-02-28": {
        "Diluted EPS": 1.57,
        "Total Revenue": 630,
        "Gross Profit": 125,
        "Operating Income": 93,
        "EBIT": 103,
        "Net Income": 50
    },
    "2014-11-30": {
        "Diluted EPS": 1.01,
        "Total Revenue": 495,
        "Gross Profit": 88,
        "Operating Income": 54,
        "EBIT": 66,
        "Net Income": 33
    },
    "2014-08-31": {
        "Diluted EPS": 1.42,
        "Total Revenue": 618,
        "Gross Profit": 106,
        "Operating Income": 99,
        "EBIT": 109,
        "Net Income": 47
    },
    "2014-05-31": {
        "Diluted EPS": 1.03,
        "Total Revenue": 593,
        "Gross Profit": 97,
        "Operating Income": 68,
        "EBIT": 78,
        "Net Income": 34
    },
    "2014-02-28": {
        "Diluted EPS": 0.5,
        "Total Revenue": 502,
        "Gross Profit": 58,
        "Operating Income": 35,
        "EBIT": 44,
        "Net Income": 16
    },
    "2013-11-30": {
        "Diluted EPS": 0.49,
        "Total Revenue": 490,
        "Gross Profit": 62,
        "Operating Income": 38,
        "EBIT": 49,
        "Net Income": 15
    },
    "2013-08-31": {
        "Diluted EPS": 0.89,
        "Total Revenue": 484,
        "Gross Profit": 60,
        "Operating Income": 39,
        "EBIT": 49,
        "Net Income": 21
    },
    "2013-05-31": {
        "Diluted EPS": -2.1,
        "Total Revenue": 434,
        "Gross Profit": 50,
        "Operating Income": -47,
        "EBIT": 41,
        "Net Income": -56
    },
    "2013-02-28": {
        "Diluted EPS": 0.45,
        "Total Revenue": 423,
        "Gross Profit": 48,
        "Operating Income": 26,
        "EBIT": 38,
        "Net Income": 14
    },
    "2012-11-30": {
        "Diluted EPS": 0.35,
        "Total Revenue": 415,
        "Gross Profit": 48,
        "Operating Income": 23,
        "EBIT": 35,
        "Net Income": 10
    },
    "2012-08-31": {
        "Diluted EPS": 0.25,
        "Total Revenue": 444,
        "Gross Profit": 55,
        "Operating Income": 27,
        "EBIT": 40,
        "Net Income": 7
    },
    "2012-05-31": {
        "Diluted EPS": 0.61,
        "Total Revenue": 508,
        "Gross Profit": 62,
        "Operating Income": 36,
        "EBIT": 48,
        "Net Income": 19
    },
    "2012-02-29": {
        "Diluted EPS": 0.57,
        "Total Revenue": 458,
        "Gross Profit": 51,
        "Operating Income": 29,
        "EBIT": 40,
        "Net Income": 18
    },
    "2011-11-30": {
        "Diluted EPS": 0.48,
        "Total Revenue": 398,
        "Gross Profit": 46,
        "Operating Income": 27,
        "EBIT": 37,
        "Net Income": 15
    },
    "2011-08-31": {
        "Diluted EPS": 0.51,
        "Total Revenue": 443,
        "Gross Profit": 51,
        "Operating Income": 31,
        "EBIT": 48,
        "Net Income": 13
    },
    "2011-05-31": {
        "Diluted EPS": -0.14,
        "Total Revenue": 317,
        "Gross Profit": 38,
        "Operating Income": 17,
        "EBIT": 27,
        "Net Income": -3
    },
    "2011-02-28": {
        "Diluted EPS": -0.02,
        "Total Revenue": 284,
        "Gross Profit": 27,
        "Operating Income": 11,
        "EBIT": 20,
        "Net Income": -1
    },
    "2010-11-30": {
        "Diluted EPS": -0.11,
        "Total Revenue": 199,
        "Gross Profit": 24,
        "Operating Income": 8,
        "EBIT": 18,
        "Net Income": -2
    },
    "2010-08-31": {
        "Diluted EPS": 0.45,
        "Total Revenue": 177,
        "Gross Profit": 24,
        "Operating Income": 21,
        "EBIT": 31,
        "Net Income": 8
    },
    "2010-05-31": {
        "Diluted EPS": 0.23,
        "Total Revenue": 207,
        "Gross Profit": 32,
        "Operating Income": 18,
        "EBIT": 28,
        "Net Income": 5
    },
    "2010-02-28": {
        "Diluted EPS": -0.28,
        "Total Revenue": 200,
        "Gross Profit": 24,
        "Operating Income": 7,
        "EBIT": 16,
        "Net Income": -5
    },
    "2009-11-30": {
        "Diluted EPS": -0.19,
        "Total Revenue": 172,
        "Gross Profit": 22,
        "Operating Income": 5,
        "EBIT": 15,
        "Net Income": -3
    },
    "2009-08-31": {
        "Diluted EPS": 0.37,
        "Total Revenue": 228,
        "Gross Profit": 30,
        "Operating Income": 15,
        "EBIT": 85,
        "Net Income": 6
    },
    "2009-05-31": {
        "Diluted EPS": -3.04,
        "Total Revenue": 244,
        "Gross Profit": 27,
        "Operating Income": -45,
        "EBIT": -36,
        "Net Income": -51
    },
    "2009-02-28": {
        "Diluted EPS": -0.45,
        "Total Revenue": 287,
        "Gross Profit": 16,
        "Operating Income": 0,
        "EBIT": 9,
        "Net Income": -7
    },
    "2023-08-31": {
        "Tax Effect Of Unusual Items": -1515827.338129,
        "Tax Rate For Calcs": 0.309353,
        "Normalized EBITDA": 93600000.0,
        "Total Unusual Items": -4900000.0,
        "Total Unusual Items Excluding Goodwill": -4900000.0,
        "Net Income From Continuing Operation Net Minority Interest": 24800000.0,
        "Reconciled Depreciation": 26500000.0,
        "Reconciled Cost Of Revenue": 890700000.0,
        "EBITDA": 88700000.0,
        "EBIT": 62200000.0,
        "Net Interest Income": -20500000.0,
        "Interest Expense": 20500000.0,
        "Normalized Income": 28184172.661871,
        "Net Income From Continuing And Discontinued Operation": 24800000.0,
        "Total Expenses": 950300000.0,
        "Rent Expense Supplemental": NaN,
        "Total Operating Income As Reported": 63100000.0,
        "Diluted Average Shares": NaN,
        "Basic Average Shares": NaN,
        "Diluted EPS": NaN,
        "Basic EPS": NaN,
        "Diluted NI Availto Com Stockholders": 24800000.0,
        "Average Dilution Earnings": NaN,
        "Net Income Common Stockholders": 24800000.0,
        "Net Income": 24800000.0,
        "Minority Interests": -4600000.0,
        "Net Income Including Noncontrolling Interests": 29400000.0,
        "Net Income Continuous Operations": 29400000.0,
        "Earnings From Equity Interest Net Of Tax": 600000.0,
        "Tax Provision": 12900000.0,
        "Pretax Income": 41700000.0,
        "Other Income Expense": -4900000.0,
        "Special Income Charges": -4000000.0,
        "Gain On Sale Of Ppe": 2100000.0,
        "Write Off": NaN,
        "Impairment Of Capital Assets": NaN,
        "Gain On Sale Of Security": -900000.0,
        "Net Non Operating Interest Income Expense": -20500000.0,
        "Interest Expense Non Operating": 20500000.0,
        "Operating Income": 67100000.0,
        "Operating Expense": 59600000.0,
        "Selling General And Administration": 59600000.0,
        "Gross Profit": 126700000.0,
        "Cost Of Revenue": 890700000.0,
        "Total Revenue": 1017400000.0,
        "Operating Revenue": 1017400000.0
    },
    "2023-11-30": {
        "Tax Effect Of Unusual Items": -336000.0,
        "Tax Rate For Calcs": 0.24,
        "Normalized EBITDA": 91800000.0,
        "Total Unusual Items": -1400000.0,
        "Total Unusual Items Excluding Goodwill": -1400000.0,
        "Net Income From Continuing Operation Net Minority Interest": 31200000.0,
        "Reconciled Depreciation": 26800000.0,
        "Reconciled Cost Of Revenue": 687500000.0,
        "EBITDA": 90400000.0,
        "EBIT": 63600000.0,
        "Net Interest Income": -21900000.0,
        "Interest Expense": 21900000.0,
        "Normalized Income": 32264000.0,
        "Net Income From Continuing And Discontinued Operation": 31200000.0,
        "Total Expenses": 743800000.0,
        "Rent Expense Supplemental": NaN,
        "Total Operating Income As Reported": 64900000.0,
        "Diluted Average Shares": 32782000.0,
        "Basic Average Shares": 31025000.0,
        "Diluted EPS": 0.96,
        "Basic EPS": 1.0,
        "Diluted NI Availto Com Stockholders": 31200000.0,
        "Average Dilution Earnings": NaN,
        "Net Income Common Stockholders": 31200000.0,
        "Net Income": 31200000.0,
        "Minority Interests": -2000000.0,
        "Net Income Including Noncontrolling Interests": 33200000.0,
        "Net Income Continuous Operations": 33200000.0,
        "Earnings From Equity Interest Net Of Tax": 1500000.0,
        "Tax Provision": 10000000.0,
        "Pretax Income": 41700000.0,
        "Other Income Expense": -1400000.0,
        "Special Income Charges": -100000.0,
        "Gain On Sale Of Ppe": -100000.0,
        "Write Off": NaN,
        "Impairment Of Capital Assets": 0.0,
        "Gain On Sale Of Security": -1300000.0,
        "Net Non Operating Interest Income Expense": -21900000.0,
        "Interest Expense Non Operating": 21900000.0,
        "Operating Income": 65000000.0,
        "Operating Expense": 56300000.0,
        "Selling General And Administration": 56300000.0,
        "Gross Profit": 121300000.0,
        "Cost Of Revenue": 687500000.0,
        "Total Revenue": 808800000.0,
        "Operating Revenue": 808800000.0
    },
    "2024-02-29": {
        "Tax Effect Of Unusual Items": 1003800.0,
        "Tax Rate For Calcs": 0.239,
        "Normalized EBITDA": 86100000.0,
        "Total Unusual Items": 4200000.0,
        "Total Unusual Items Excluding Goodwill": 4200000.0,
        "Net Income From Continuing Operation Net Minority Interest": 33400000.0,
        "Reconciled Depreciation": 27500000.0,
        "Reconciled Cost Of Revenue": 740500000.0,
        "EBITDA": 90300000.0,
        "EBIT": 62800000.0,
        "Net Interest Income": -23900000.0,
        "Interest Expense": 23900000.0,
        "Normalized Income": 30203800.0,
        "Net Income From Continuing And Discontinued Operation": 33400000.0,
        "Total Expenses": 804100000.0,
        "Rent Expense Supplemental": NaN,
        "Total Operating Income As Reported": 63500000.0,
        "Diluted Average Shares": 32570000.0,
        "Basic Average Shares": 31117000.0,
        "Diluted EPS": 1.03,
        "Basic EPS": 1.08,
        "Diluted NI Availto Com Stockholders": 33600000.0,
        "Average Dilution Earnings": 200000.0,
        "Net Income Common Stockholders": 33400000.0,
        "Net Income": 33400000.0,
        "Minority Interests": -200000.0,
        "Net Income Including Noncontrolling Interests": 33600000.0,
        "Net Income Continuous Operations": 33600000.0,
        "Earnings From Equity Interest Net Of Tax": 4000000.0,
        "Tax Provision": 9300000.0,
        "Pretax Income": 38900000.0,
        "Other Income Expense": 4200000.0,
        "Special Income Charges": 4900000.0,
        "Gain On Sale Of Ppe": 4900000.0,
        "Write Off": NaN,
        "Impairment Of Capital Assets": 0.0,
        "Gain On Sale Of Security": -700000.0,
        "Net Non Operating Interest Income Expense": -23900000.0,
        "Interest Expense Non Operating": 23900000.0,
        "Operating Income": 58600000.0,
        "Operating Expense": 63600000.0,
        "Selling General And Administration": 63600000.0,
        "Gross Profit": 122200000.0,
        "Cost Of Revenue": 740500000.0,
        "Total Revenue": 862700000.0,
        "Operating Revenue": 862700000.0
    },
    "2024-05-31": {
        "Tax Effect Of Unusual Items": 1462500.0,
        "Tax Rate For Calcs": 0.225,
        "Normalized EBITDA": 92500000.0,
        "Total Unusual Items": 6500000.0,
        "Total Unusual Items Excluding Goodwill": 6500000.0,
        "Net Income From Continuing Operation Net Minority Interest": 33900000.0,
        "Reconciled Depreciation": 28000000.0,
        "Reconciled Cost Of Revenue": 696400000.0,
        "EBITDA": 99000000.0,
        "EBIT": 71000000.0,
        "Net Interest Income": -23400000.0,
        "Interest Expense": 23400000.0,
        "Normalized Income": 28862500.0,
        "Net Income From Continuing And Discontinued Operation": 33900000.0,
        "Total Expenses": 755700000.0,
        "Rent Expense Supplemental": 24200000.0,
        "Total Operating Income As Reported": 72300000.0,
        "Diluted Average Shares": 32021000.0,
        "Basic Average Shares": 31131000.0,
        "Diluted EPS": 1.06,
        "Basic EPS": 1.09,
        "Diluted NI Availto Com Stockholders": 33900000.0,
        "Average Dilution Earnings": NaN,
        "Net Income Common Stockholders": 33900000.0,
        "Net Income": 33900000.0,
        "Minority Interests": -6700000.0,
        "Net Income Including Noncontrolling Interests": 40600000.0,
        "Net Income Continuous Operations": 40600000.0,
        "Earnings From Equity Interest Net Of Tax": 3700000.0,
        "Tax Provision": 10700000.0,
        "Pretax Income": 47600000.0,
        "Other Income Expense": 6500000.0,
        "Special Income Charges": 7800000.0,
        "Gain On Sale Of Ppe": 7800000.0,
        "Write Off": NaN,
        "Impairment Of Capital Assets": 0.0,
        "Gain On Sale Of Security": -1300000.0,
        "Net Non Operating Interest Income Expense": -23400000.0,
        "Interest Expense Non Operating": 23400000.0,
        "Operating Income": 64500000.0,
        "Operating Expense": 59300000.0,
        "Selling General And Administration": 59300000.0,
        "Gross Profit": 123800000.0,
        "Cost Of Revenue": 696400000.0,
        "Total Revenue": 820200000.0,
        "Operating Revenue": 820200000.0
    },
    "2024-08-31": {
        "Tax Effect Of Unusual Items": -1038743.455497,
        "Tax Rate For Calcs": 0.335079,
        "Normalized EBITDA": 156600000.0,
        "Total Unusual Items": -3100000.0,
        "Total Unusual Items Excluding Goodwill": -3100000.0,
        "Net Income From Continuing Operation Net Minority Interest": 61600000.0,
        "Reconciled Depreciation": 33300000.0,
        "Reconciled Cost Of Revenue": 861800000.0,
        "EBITDA": 153500000.0,
        "EBIT": 120200000.0,
        "Net Interest Income": -24700000.0,
        "Interest Expense": 24700000.0,
        "Normalized Income": 63661256.544503,
        "Net Income From Continuing And Discontinued Operation": 61600000.0,
        "Total Expenses": 929700000.0,
        "Rent Expense Supplemental": 18900000.0,
        "Total Operating Income As Reported": 123800000.0,
        "Diluted Average Shares": NaN,
        "Basic Average Shares": NaN,
        "Diluted EPS": NaN,
        "Basic EPS": NaN,
        "Diluted NI Availto Com Stockholders": 61600000.0,
        "Average Dilution Earnings": 0.0,
        "Net Income Common Stockholders": 61600000.0,
        "Net Income": 61600000.0,
        "Minority Interests": -3700000.0,
        "Net Income Including Noncontrolling Interests": 65300000.0,
        "Net Income Continuous Operations": 65300000.0,
        "Earnings From Equity Interest Net Of Tax": 1800000.0,
        "Tax Provision": 32000000.0,
        "Pretax Income": 95500000.0,
        "Other Income Expense": -3100000.0,
        "Special Income Charges": 500000.0,
        "Gain On Sale Of Ppe": 500000.0,
        "Write Off": NaN,
        "Impairment Of Capital Assets": 0.0,
        "Gain On Sale Of Security": -3600000.0,
        "Net Non Operating Interest Income Expense": -24700000.0,
        "Interest Expense Non Operating": 24700000.0,
        "Operating Income": 123300000.0,
        "Operating Expense": 67900000.0,
        "Selling General And Administration": 67900000.0,
        "Gross Profit": 191200000.0,
        "Cost Of Revenue": 861800000.0,
        "Total Revenue": 1053000000.0,
        "Operating Revenue": 1053000000.0
    }
}