{
    "2023-03-31": {
        "Tax Effect Of Unusual Items": NaN,
        "Tax Rate For Calcs": NaN,
        "Normalized EBITDA": NaN,
        "Total Unusual Items": NaN,
        "Total Unusual Items Excluding Goodwill": NaN,
        "Net Income From Continuing Operation Net Minority Interest": NaN,
        "Reconciled Depreciation": NaN,
        "Reconciled Cost Of Revenue": NaN,
        "EBITDA": NaN,
        "EBIT": NaN,
        "Net Interest Income": NaN,
        "Interest Expense": NaN,
        "Normalized Income": NaN,
        "Net Income From Continuing And Discontinued Operation": NaN,
        "Total Expenses": NaN,
        "Total Operating Income As Reported": NaN,
        "Diluted Average Shares": 147771429.0,
        "Basic Average Shares": 147771429.0,
        "Diluted EPS": 0.07,
        "Basic EPS": 0.07,
        "Diluted NI Availto Com Stockholders": NaN,
        "Net Income Common Stockholders": NaN,
        "Net Income": NaN,
        "Minority Interests": NaN,
        "Net Income Including Noncontrolling Interests": NaN,
        "Net Income Continuous Operations": NaN,
        "Tax Provision": NaN,
        "Pretax Income": NaN,
        "Other Income Expense": NaN,
        "Other Non Operating Income Expenses": NaN,
        "Special Income Charges": NaN,
        "Gain On Sale Of Ppe": NaN,
        "Other Special Charges": NaN,
        "Write Off": NaN,
        "Restructuring And Mergern Acquisition": NaN,
        "Earnings From Equity Interest": 210000.0,
        "Net Non Operating Interest Income Expense": NaN,
        "Interest Expense Non Operating": NaN,
        "Operating Income": NaN,
        "Operating Expense": NaN,
        "Other Operating Expenses": NaN,
        "Depreciation Amortization Depletion Income Statement": NaN,
        "Depreciation And Amortization In Income Statement": NaN,
        "Selling General And Administration": NaN,
        "Gross Profit": NaN,
        "Cost Of Revenue": NaN,
        "Total Revenue": NaN,
        "Operating Revenue": NaN
    },
    "2022-12-31": {
        "Tax Effect Of Unusual Items": NaN,
        "Tax Rate For Calcs": NaN,
        "Normalized EBITDA": NaN,
        "Total Unusual Items": NaN,
        "Total Unusual Items Excluding Goodwill": NaN,
        "Net Income From Continuing Operation Net Minority Interest": NaN,
        "Reconciled Depreciation": NaN,
        "Reconciled Cost Of Revenue": NaN,
        "EBITDA": NaN,
        "EBIT": NaN,
        "Net Interest Income": NaN,
        "Interest Expense": NaN,
        "Normalized Income": NaN,
        "Net Income From Continuing And Discontinued Operation": NaN,
        "Total Expenses": NaN,
        "Total Operating Income As Reported": NaN,
        "Diluted Average Shares": 136529167.0,
        "Basic Average Shares": 136529167.0,
        "Diluted EPS": 0.17,
        "Basic EPS": 0.24,
        "Diluted NI Availto Com Stockholders": NaN,
        "Net Income Common Stockholders": NaN,
        "Net Income": NaN,
        "Minority Interests": NaN,
        "Net Income Including Noncontrolling Interests": NaN,
        "Net Income Continuous Operations": NaN,
        "Tax Provision": NaN,
        "Pretax Income": NaN,
        "Other Income Expense": NaN,
        "Other Non Operating Income Expenses": NaN,
        "Special Income Charges": NaN,
        "Gain On Sale Of Ppe": NaN,
        "Other Special Charges": NaN,
        "Write Off": NaN,
        "Restructuring And Mergern Acquisition": NaN,
        "Earnings From Equity Interest": NaN,
        "Net Non Operating Interest Income Expense": NaN,
        "Interest Expense Non Operating": NaN,
        "Operating Income": NaN,
        "Operating Expense": NaN,
        "Other Operating Expenses": NaN,
        "Depreciation Amortization Depletion Income Statement": NaN,
        "Depreciation And Amortization In Income Statement": NaN,
        "Selling General And Administration": NaN,
        "Gross Profit": NaN,
        "Cost Of Revenue": NaN,
        "Total Revenue": NaN,
        "Operating Revenue": NaN
    },
    "2022-09-30": {
        "Tax Effect Of Unusual Items": NaN,
        "Tax Rate For Calcs": NaN,
        "Normalized EBITDA": NaN,
        "Total Unusual Items": NaN,
        "Total Unusual Items Excluding Goodwill": NaN,
        "Net Income From Continuing Operation Net Minority Interest": NaN,
        "Reconciled Depreciation": NaN,
        "Reconciled Cost Of Revenue": NaN,
        "EBITDA": NaN,
        "EBIT": NaN,
        "Net Interest Income": NaN,
        "Interest Expense": NaN,
        "Normalized Income": NaN,
        "Net Income From Continuing And Discontinued Operation": NaN,
        "Total Expenses": NaN,
        "Total Operating Income As Reported": NaN,
        "Diluted Average Shares": NaN,
        "Basic Average Shares": NaN,
        "Diluted EPS": NaN,
        "Basic EPS": NaN,
        "Diluted NI Availto Com Stockholders": NaN,
        "Average Dilution Earnings": 0.0,
        "Net Income Common Stockholders": NaN,
        "Net Income": NaN,
        "Minority Interests": NaN,
        "Net Income Including Noncontrolling Interests": NaN,
        "Net Income Continuous Operations": NaN,
        "Tax Provision": NaN,
        "Pretax Income": NaN,
        "Other Income Expense": NaN,
        "Other Non Operating Income Expenses": NaN,
        "Special Income Charges": NaN,
        "Gain On Sale Of Ppe": NaN,
        "Other Special Charges": NaN,
        "Write Off": NaN,
        "Restructuring And Mergern Acquisition": NaN,
        "Earnings From Equity Interest": NaN,
        "Net Non Operating Interest Income Expense": NaN,
        "Interest Expense Non Operating": NaN,
        "Operating Income": NaN,
        "Operating Expense": NaN,
        "Other Operating Expenses": NaN,
        "Depreciation Amortization Depletion Income Statement": NaN,
        "Depreciation And Amortization In Income Statement": NaN,
        "Selling General And Administration": NaN,
        "Gross Profit": NaN,
        "Cost Of Revenue": NaN,
        "Total Revenue": NaN,
        "Operating Revenue": NaN
    },
    "2022-06-30": {
        "Tax Effect Of Unusual Items": -6780400.0,
        "Tax Rate For Calcs": 0.4,
        "Normalized EBITDA": 61023000.0,
        "Total Unusual Items": -16951000.0,
        "Total Unusual Items Excluding Goodwill": -16951000.0,
        "Net Income From Continuing Operation Net Minority Interest": -53688000.0,
        "Reconciled Depreciation": 49530000.0,
        "Reconciled Cost Of Revenue": 476002000.0,
        "EBITDA": 44072000.0,
        "EBIT": -5458000.0,
        "Net Interest Income": -26084000.0,
        "Interest Expense": 26084000.0,
        "Normalized Income": -43517400.0,
        "Net Income From Continuing And Discontinued Operation": -53688000.0,
        "Total Expenses": 753682000.0,
        "Total Operating Income As Reported": -21224000.0,
        "Diluted Average Shares": 137132000.0,
        "Basic Average Shares": 137132000.0,
        "Diluted EPS": -0.39,
        "Basic EPS": -0.39,
        "Diluted NI Availto Com Stockholders": -53688000.0,
        "Average Dilution Earnings": 0.0,
        "Net Income Common Stockholders": -53688000.0,
        "Net Income": -53688000.0,
        "Minority Interests": 12000.0,
        "Net Income Including Noncontrolling Interests": -53700000.0,
        "Net Income Continuous Operations": -53700000.0,
        "Tax Provision": 22158000.0,
        "Pretax Income": -31542000.0,
        "Other Income Expense": -436000.0,
        "Other Non Operating Income Expenses": 16515000.0,
        "Special Income Charges": -16951000.0,
        "Gain On Sale Of Ppe": -372000.0,
        "Other Special Charges": 749000.0,
        "Write Off": 85000.0,
        "Restructuring And Mergern Acquisition": 15745000.0,
        "Net Non Operating Interest Income Expense": -26084000.0,
        "Interest Expense Non Operating": 26084000.0,
        "Operating Income": -5022000.0,
        "Operating Expense": 277680000.0,
        "Other Operating Expenses": 314000.0,
        "Depreciation Amortization Depletion Income Statement": 49530000.0,
        "Depreciation And Amortization In Income Statement": 49530000.0,
        "Selling General And Administration": 227836000.0,
        "Gross Profit": 272658000.0,
        "Cost Of Revenue": 476002000.0,
        "Total Revenue": 748660000.0,
        "Operating Revenue": 658233000.0
    },
    "2023-06-30": {
        "Tax Effect Of Unusual Items": NaN,
        "Tax Rate For Calcs": NaN,
        "Normalized EBITDA": NaN,
        "Total Unusual Items": NaN,
        "Total Unusual Items Excluding Goodwill": NaN,
        "Net Income From Continuing Operation Net Minority Interest": NaN,
        "Reconciled Depreciation": NaN,
        "Reconciled Cost Of Revenue": NaN,
        "EBITDA": NaN,
        "EBIT": NaN,
        "Net Interest Income": NaN,
        "Interest Expense": NaN,
        "Normalized Income": NaN,
        "Net Income From Continuing And Discontinued Operation": NaN,
        "Total Expenses": NaN,
        "Total Operating Income As Reported": NaN,
        "Diluted Average Shares": 139805000.0,
        "Basic Average Shares": 139805000.0,
        "Diluted EPS": -0.09,
        "Basic EPS": -0.09,
        "Diluted NI Availto Com Stockholders": NaN,
        "Net Income Common Stockholders": NaN,
        "Net Income": NaN,
        "Minority Interests": NaN,
        "Net Income Including Noncontrolling Interests": NaN,
        "Net Income Continuous Operations": NaN,
        "Tax Provision": NaN,
        "Pretax Income": NaN,
        "Other Income Expense": NaN,
        "Other Non Operating Income Expenses": NaN,
        "Special Income Charges": NaN,
        "Gain On Sale Of Ppe": NaN,
        "Other Special Charges": NaN,
        "Write Off": NaN,
        "Restructuring And Mergern Acquisition": NaN,
        "Earnings From Equity Interest": 621000.0,
        "Net Non Operating Interest Income Expense": NaN,
        "Interest Expense Non Operating": NaN,
        "Operating Income": NaN,
        "Operating Expense": NaN,
        "Other Operating Expenses": NaN,
        "Depreciation Amortization Depletion Income Statement": NaN,
        "Depreciation And Amortization In Income Statement": NaN,
        "Selling General And Administration": NaN,
        "Gross Profit": NaN,
        "Cost Of Revenue": NaN,
        "Total Revenue": NaN,
        "Operating Revenue": NaN
    },
    "2022-03-31": {
        "Diluted EPS": -0.02,
        "Total Revenue": 748,
        "Gross Profit": 278,
        "Operating Income": -2,
        "EBIT": 46,
        "Net Income": -3
    },
    "2021-12-31": {
        "Diluted EPS": -0.13,
        "Total Revenue": 827,
        "Gross Profit": 356,
        "Operating Income": 25,
        "EBIT": 74,
        "Net Income": -22
    },
    "2021-09-30": {
        "Diluted EPS": 0.09,
        "Total Revenue": 800,
        "Gross Profit": 320,
        "Operating Income": 31,
        "EBIT": 79,
        "Net Income": 15
    },
    "2021-06-30": {
        "Diluted EPS": 0.1,
        "Total Revenue": 804,
        "Gross Profit": 331,
        "Operating Income": 45,
        "EBIT": 94,
        "Net Income": 15
    },
    "2021-03-31": {
        "Diluted EPS": -1.06,
        "Total Revenue": 777,
        "Gross Profit": 299,
        "Operating Income": 8,
        "EBIT": 66,
        "Net Income": -142
    },
    "2020-12-31": {
        "Diluted EPS": -0.92,
        "Total Revenue": 875,
        "Gross Profit": 377,
        "Operating Income": 18,
        "EBIT": 76,
        "Net Income": -122
    },
    "2020-09-30": {
        "Diluted EPS": -0.24,
        "Total Revenue": 815,
        "Gross Profit": 322,
        "Operating Income": 1,
        "EBIT": 63,
        "Net Income": -31
    },
    "2020-06-30": {
        "Diluted EPS": -3.32,
        "Total Revenue": 767,
        "Gross Profit": 290,
        "Operating Income": -438,
        "EBIT": 22,
        "Net Income": -437
    },
    "2020-03-31": {
        "Diluted EPS": -0.61,
        "Total Revenue": 949,
        "Gross Profit": 382,
        "Operating Income": -30,
        "EBIT": 48,
        "Net Income": -80
    },
    "2019-12-31": {
        "Diluted EPS": -1.36,
        "Total Revenue": 699,
        "Gross Profit": 301,
        "Operating Income": -156,
        "EBIT": -12,
        "Net Income": -95
    },
    "2019-09-30": {
        "Diluted EPS": -0.31,
        "Total Revenue": 377,
        "Gross Profit": 158,
        "Operating Income": -2,
        "EBIT": 23,
        "Net Income": -18
    },
    "2019-06-30": {
        "Diluted EPS": 0.05,
        "Total Revenue": 404,
        "Gross Profit": 171,
        "Operating Income": 12,
        "EBIT": 36,
        "Net Income": 3
    },
    "2019-03-31": {
        "Diluted EPS": -0.15,
        "Total Revenue": 388,
        "Gross Profit": 158,
        "Operating Income": -1,
        "EBIT": 19,
        "Net Income": -9
    },
    "2018-12-31": {
        "Diluted EPS": 0.22,
        "Total Revenue": 416,
        "Gross Profit": 186,
        "Operating Income": 25,
        "EBIT": 46,
        "Net Income": 13
    },
    "2018-09-30": {
        "Diluted EPS": -0.1,
        "Total Revenue": 380,
        "Gross Profit": 160,
        "Operating Income": 3,
        "EBIT": 28,
        "Net Income": -6
    },
    "2018-06-30": {
        "Diluted EPS": 0.2,
        "Total Revenue": 389,
        "Gross Profit": 171,
        "Operating Income": 23,
        "EBIT": 43,
        "Net Income": 12
    },
    "2018-03-31": {
        "Diluted EPS": -0.01,
        "Total Revenue": 341,
        "Gross Profit": 144,
        "Operating Income": 7,
        "EBIT": 26,
        "Net Income": -1
    },
    "2017-12-31": {
        "Diluted EPS": 0.5,
        "Total Revenue": 394,
        "Gross Profit": 184,
        "Operating Income": 32,
        "EBIT": 52,
        "Net Income": 26
    },
    "2017-09-30": {
        "Diluted EPS": -0.04,
        "Total Revenue": 317,
        "Gross Profit": 139,
        "Operating Income": 11,
        "EBIT": 30,
        "Net Income": -2
    },
    "2017-06-30": {
        "Diluted EPS": -0.41,
        "Total Revenue": 323,
        "Gross Profit": 146,
        "Operating Income": -7,
        "EBIT": 40,
        "Net Income": -22
    },
    "2017-03-31": {
        "Diluted EPS": -0.07,
        "Total Revenue": 308,
        "Gross Profit": 130,
        "Operating Income": -3,
        "EBIT": 15,
        "Net Income": -4
    },
    "2016-12-31": {
        "Diluted EPS": 0.32,
        "Total Revenue": 334,
        "Gross Profit": 154,
        "Operating Income": 26,
        "EBIT": 44,
        "Net Income": 14
    },
    "2016-09-30": {
        "Diluted EPS": 0.06,
        "Total Revenue": 307,
        "Gross Profit": 134,
        "Operating Income": 11,
        "EBIT": 28,
        "Net Income": 3
    },
    "2016-06-30": {
        "Diluted EPS": 0.21,
        "Total Revenue": 315,
        "Gross Profit": 142,
        "Operating Income": 17,
        "EBIT": 34,
        "Net Income": 9
    },
    "2016-03-31": {
        "Diluted EPS": 0.11,
        "Total Revenue": 300,
        "Gross Profit": 126,
        "Operating Income": 7,
        "EBIT": 23,
        "Net Income": 5
    },
    "2015-12-31": {
        "Diluted EPS": 1.28,
        "Total Revenue": 334,
        "Gross Profit": 154,
        "Operating Income": 67,
        "EBIT": 87,
        "Net Income": 56
    },
    "2015-09-30": {
        "Diluted EPS": 0.14,
        "Total Revenue": 312,
        "Gross Profit": 136,
        "Operating Income": 15,
        "EBIT": 33,
        "Net Income": 6
    },
    "2015-06-30": {
        "Diluted EPS": 0.25,
        "Total Revenue": 299,
        "Gross Profit": 139,
        "Operating Income": 19,
        "EBIT": 37,
        "Net Income": 11
    },
    "2015-03-31": {
        "Diluted EPS": -0.14,
        "Total Revenue": 251,
        "Gross Profit": 110,
        "Operating Income": 3,
        "EBIT": 18,
        "Net Income": -6
    },
    "2014-12-31": {
        "Diluted EPS": 0.38,
        "Total Revenue": 187,
        "Gross Profit": 85,
        "Operating Income": 17,
        "EBIT": 27,
        "Net Income": 11
    },
    "2014-09-30": {
        "Diluted EPS": -0.15,
        "Total Revenue": 165,
        "Gross Profit": 71,
        "Operating Income": 5,
        "EBIT": 16,
        "Net Income": -5
    },
    "2014-06-30": {
        "Diluted EPS": -0.11,
        "Total Revenue": 158,
        "Gross Profit": 71,
        "Operating Income": 7,
        "EBIT": 18,
        "Net Income": -3
    },
    "2014-03-31": {
        "Diluted EPS": -0.22,
        "Total Revenue": 142,
        "Gross Profit": 57,
        "Operating Income": -3,
        "EBIT": 7,
        "Net Income": -7
    },
    "2013-12-31": {
        "Diluted EPS": 31.85,
        "Total Revenue": 160,
        "Gross Profit": 72,
        "Operating Income": 16,
        "EBIT": 26,
        "Net Income": 955
    },
    "2013-09-30": {
        "Diluted EPS": -2.22,
        "Total Revenue": 126,
        "Gross Profit": 55,
        "Operating Income": -90,
        "EBIT": -79,
        "Net Income": -129
    },
    "2013-06-30": {
        "Diluted EPS": -0.24,
        "Total Revenue": 120,
        "Gross Profit": 55,
        "Operating Income": 2,
        "EBIT": 12,
        "Net Income": -14
    },
    "2013-03-31": {
        "Diluted EPS": -0.3,
        "Total Revenue": 111,
        "Gross Profit": 46,
        "Operating Income": -2,
        "EBIT": 8,
        "Net Income": -18
    },
    "2012-12-31": {
        "Diluted EPS": 0.0,
        "Total Revenue": NaN,
        "Gross Profit": NaN,
        "Operating Income": NaN,
        "EBIT": NaN,
        "Net Income": NaN
    },
    "2011-12-31": {
        "Diluted EPS": 0.0,
        "Total Revenue": NaN,
        "Gross Profit": NaN,
        "Operating Income": NaN,
        "EBIT": NaN,
        "Net Income": NaN
    },
    "2023-09-30": {
        "Tax Effect Of Unusual Items": 5631780.0,
        "Tax Rate For Calcs": 0.21,
        "Normalized EBITDA": 55320000.0,
        "Total Unusual Items": 26818000.0,
        "Total Unusual Items Excluding Goodwill": 26818000.0,
        "Net Income From Continuing Operation Net Minority Interest": -2566000.0,
        "Reconciled Depreciation": 40644000.0,
        "Reconciled Cost Of Revenue": 416103000.0,
        "EBITDA": 82138000.0,
        "EBIT": 41494000.0,
        "Net Interest Income": -27918000.0,
        "Interest Expense": 27918000.0,
        "Normalized Income": -23752220.0,
        "Net Income From Continuing And Discontinued Operation": -2566000.0,
        "Total Expenses": 642031000.0,
        "Total Operating Income As Reported": 34941000.0,
        "Diluted Average Shares": 128300000.0,
        "Basic Average Shares": 128300000.0,
        "Diluted EPS": -0.02,
        "Basic EPS": -0.02,
        "Diluted NI Availto Com Stockholders": -2566000.0,
        "Net Income Common Stockholders": -2566000.0,
        "Net Income": -2566000.0,
        "Minority Interests": 2000.0,
        "Net Income Including Noncontrolling Interests": -2568000.0,
        "Net Income Continuous Operations": -2568000.0,
        "Tax Provision": 16144000.0,
        "Pretax Income": 13576000.0,
        "Other Income Expense": 30654000.0,
        "Other Non Operating Income Expenses": 3836000.0,
        "Special Income Charges": 26818000.0,
        "Gain On Sale Of Ppe": 23334000.0,
        "Other Special Charges": -2717000.0,
        "Write Off": 188000.0,
        "Restructuring And Mergern Acquisition": -955000.0,
        "Earnings From Equity Interest": NaN,
        "Net Non Operating Interest Income Expense": -27918000.0,
        "Interest Expense Non Operating": 27918000.0,
        "Operating Income": 10840000.0,
        "Operating Expense": 225928000.0,
        "Other Operating Expenses": 370000.0,
        "Depreciation Amortization Depletion Income Statement": 40644000.0,
        "Depreciation And Amortization In Income Statement": 40644000.0,
        "Selling General And Administration": 184914000.0,
        "Gross Profit": 236768000.0,
        "Cost Of Revenue": 416103000.0,
        "Total Revenue": 652871000.0,
        "Operating Revenue": 566907000.0
    },
    "2023-12-31": {
        "Tax Effect Of Unusual Items": -1146810.0,
        "Tax Rate For Calcs": 0.21,
        "Normalized EBITDA": 69611000.0,
        "Total Unusual Items": -5461000.0,
        "Total Unusual Items Excluding Goodwill": -5461000.0,
        "Net Income From Continuing Operation Net Minority Interest": -22892000.0,
        "Reconciled Depreciation": 38496000.0,
        "Reconciled Cost Of Revenue": 419644000.0,
        "EBITDA": 64150000.0,
        "EBIT": 25654000.0,
        "Net Interest Income": -26969000.0,
        "Interest Expense": 26969000.0,
        "Normalized Income": -18577810.0,
        "Net Income From Continuing And Discontinued Operation": -22892000.0,
        "Total Expenses": 644770000.0,
        "Total Operating Income As Reported": 17858000.0,
        "Diluted Average Shares": NaN,
        "Basic Average Shares": NaN,
        "Diluted EPS": NaN,
        "Basic EPS": NaN,
        "Diluted NI Availto Com Stockholders": -22892000.0,
        "Net Income Common Stockholders": -22892000.0,
        "Net Income": -22892000.0,
        "Minority Interests": 4000.0,
        "Net Income Including Noncontrolling Interests": -22896000.0,
        "Net Income Continuous Operations": -22896000.0,
        "Tax Provision": 21581000.0,
        "Pretax Income": -1315000.0,
        "Other Income Expense": 1019000.0,
        "Other Non Operating Income Expenses": 6480000.0,
        "Special Income Charges": -5461000.0,
        "Gain On Sale Of Ppe": -768000.0,
        "Other Special Charges": -1316000.0,
        "Write Off": 0.0,
        "Restructuring And Mergern Acquisition": 6009000.0,
        "Earnings From Equity Interest": NaN,
        "Net Non Operating Interest Income Expense": -26969000.0,
        "Interest Expense Non Operating": 26969000.0,
        "Operating Income": 24635000.0,
        "Operating Expense": 225126000.0,
        "Other Operating Expenses": 722000.0,
        "Depreciation Amortization Depletion Income Statement": 38496000.0,
        "Depreciation And Amortization In Income Statement": 38496000.0,
        "Selling General And Administration": 185908000.0,
        "Gross Profit": 249761000.0,
        "Cost Of Revenue": 419644000.0,
        "Total Revenue": 669405000.0,
        "Operating Revenue": 578974000.0
    },
    "2024-03-31": {
        "Tax Effect Of Unusual Items": -13399050.0,
        "Tax Rate For Calcs": 0.21,
        "Normalized EBITDA": 53978000.0,
        "Total Unusual Items": -63805000.0,
        "Total Unusual Items Excluding Goodwill": -63805000.0,
        "Net Income From Continuing Operation Net Minority Interest": -84768000.0,
        "Reconciled Depreciation": 38298000.0,
        "Reconciled Cost Of Revenue": 402399000.0,
        "EBITDA": -9827000.0,
        "EBIT": -48125000.0,
        "Net Interest Income": -26565000.0,
        "Interest Expense": 26565000.0,
        "Normalized Income": -34362050.0,
        "Net Income From Continuing And Discontinued Operation": -84768000.0,
        "Total Expenses": 621225000.0,
        "Total Operating Income As Reported": -49886000.0,
        "Diluted Average Shares": 141280000.0,
        "Basic Average Shares": 141280000.0,
        "Diluted EPS": -0.6,
        "Basic EPS": -0.6,
        "Diluted NI Availto Com Stockholders": -84768000.0,
        "Net Income Common Stockholders": -84768000.0,
        "Net Income": -84768000.0,
        "Minority Interests": 0.0,
        "Net Income Including Noncontrolling Interests": -84768000.0,
        "Net Income Continuous Operations": -84768000.0,
        "Tax Provision": 10078000.0,
        "Pretax Income": -74690000.0,
        "Other Income Expense": -62661000.0,
        "Other Non Operating Income Expenses": 1329000.0,
        "Special Income Charges": -63805000.0,
        "Gain On Sale Of Ppe": -552000.0,
        "Other Special Charges": -617000.0,
        "Write Off": 45989000.0,
        "Restructuring And Mergern Acquisition": 17881000.0,
        "Earnings From Equity Interest": -185000.0,
        "Net Non Operating Interest Income Expense": -26565000.0,
        "Interest Expense Non Operating": 26565000.0,
        "Operating Income": 14536000.0,
        "Operating Expense": 218826000.0,
        "Other Operating Expenses": 39000.0,
        "Depreciation Amortization Depletion Income Statement": 38298000.0,
        "Depreciation And Amortization In Income Statement": 38298000.0,
        "Selling General And Administration": 180489000.0,
        "Gross Profit": 233362000.0,
        "Cost Of Revenue": 402399000.0,
        "Total Revenue": 635761000.0,
        "Operating Revenue": 635761000.0
    },
    "2024-06-30": {
        "Tax Effect Of Unusual Items": -4220580.0,
        "Tax Rate For Calcs": 0.21,
        "Normalized EBITDA": 71540000.0,
        "Total Unusual Items": -20098000.0,
        "Total Unusual Items Excluding Goodwill": -20098000.0,
        "Net Income From Continuing Operation Net Minority Interest": 13748000.0,
        "Reconciled Depreciation": 38258000.0,
        "Reconciled Cost Of Revenue": 391474000.0,
        "EBITDA": 51442000.0,
        "EBIT": 13184000.0,
        "Net Interest Income": -26270000.0,
        "Interest Expense": 26270000.0,
        "Normalized Income": 29625420.0,
        "Net Income From Continuing And Discontinued Operation": 13748000.0,
        "Total Expenses": 612863000.0,
        "Total Operating Income As Reported": 6966000.0,
        "Diluted Average Shares": 152755556.0,
        "Basic Average Shares": 137480000.0,
        "Diluted EPS": 0.09,
        "Basic EPS": 0.1,
        "Diluted NI Availto Com Stockholders": 13748000.0,
        "Net Income Common Stockholders": 13748000.0,
        "Net Income": 13748000.0,
        "Minority Interests": 31000.0,
        "Net Income Including Noncontrolling Interests": 13717000.0,
        "Net Income Continuous Operations": 13717000.0,
        "Tax Provision": -26803000.0,
        "Pretax Income": -13086000.0,
        "Other Income Expense": -13793000.0,
        "Other Non Operating Income Expenses": 5746000.0,
        "Special Income Charges": -20098000.0,
        "Gain On Sale Of Ppe": -236000.0,
        "Other Special Charges": 87000.0,
        "Write Off": 0.0,
        "Restructuring And Mergern Acquisition": 19775000.0,
        "Earnings From Equity Interest": 559000.0,
        "Net Non Operating Interest Income Expense": -26270000.0,
        "Interest Expense Non Operating": 26270000.0,
        "Operating Income": 26977000.0,
        "Operating Expense": 221389000.0,
        "Other Operating Expenses": 112000.0,
        "Depreciation Amortization Depletion Income Statement": 38258000.0,
        "Depreciation And Amortization In Income Statement": 38258000.0,
        "Selling General And Administration": 183019000.0,
        "Gross Profit": 248366000.0,
        "Cost Of Revenue": 391474000.0,
        "Total Revenue": 639840000.0,
        "Operating Revenue": 639840000.0
    },
    "2024-09-30": {
        "Tax Effect Of Unusual Items": -4523937.660545,
        "Tax Rate For Calcs": 0.246482,
        "Normalized EBITDA": 58628000.0,
        "Total Unusual Items": -18354000.0,
        "Total Unusual Items Excluding Goodwill": -18354000.0,
        "Net Income From Continuing Operation Net Minority Interest": -19653000.0,
        "Reconciled Depreciation": 40398000.0,
        "Reconciled Cost Of Revenue": 375912000.0,
        "EBITDA": 40274000.0,
        "EBIT": -124000.0,
        "Net Interest Income": -25959000.0,
        "Interest Expense": 25959000.0,
        "Normalized Income": -5822937.660545,
        "Net Income From Continuing And Discontinued Operation": -19653000.0,
        "Total Expenses": 600284000.0,
        "Total Operating Income As Reported": -6023000.0,
        "Diluted Average Shares": NaN,
        "Basic Average Shares": NaN,
        "Diluted EPS": NaN,
        "Basic EPS": NaN,
        "Diluted NI Availto Com Stockholders": -19653000.0,
        "Net Income Common Stockholders": -19653000.0,
        "Net Income": -19653000.0,
        "Minority Interests": 1000.0,
        "Net Income Including Noncontrolling Interests": -19654000.0,
        "Net Income Continuous Operations": -19654000.0,
        "Tax Provision": -6429000.0,
        "Pretax Income": -26083000.0,
        "Other Income Expense": -12279000.0,
        "Other Non Operating Income Expenses": 6172000.0,
        "Special Income Charges": -18354000.0,
        "Gain On Sale Of Ppe": -784000.0,
        "Other Special Charges": 176000.0,
        "Write Off": 87000.0,
        "Restructuring And Mergern Acquisition": 17307000.0,
        "Earnings From Equity Interest": -97000.0,
        "Net Non Operating Interest Income Expense": -25959000.0,
        "Interest Expense Non Operating": 25959000.0,
        "Operating Income": 12155000.0,
        "Operating Expense": 224372000.0,
        "Other Operating Expenses": 117000.0,
        "Depreciation Amortization Depletion Income Statement": 40398000.0,
        "Depreciation And Amortization In Income Statement": 40398000.0,
        "Selling General And Administration": 183857000.0,
        "Gross Profit": 236527000.0,
        "Cost Of Revenue": 375912000.0,
        "Total Revenue": 612439000.0,
        "Operating Revenue": 612439000.0
    }
}