{
    "2023-04-30": {
        "Tax Effect Of Unusual Items": -72996.0,
        "Tax Rate For Calcs": 0.237,
        "Normalized EBITDA": -22781000.0,
        "Total Unusual Items": -308000.0,
        "Total Unusual Items Excluding Goodwill": -308000.0,
        "Net Income From Continuing Operation Net Minority Interest": -18875000.0,
        "Reconciled Depreciation": 11286000.0,
        "Reconciled Cost Of Revenue": 254524000.0,
        "EBITDA": -23089000.0,
        "EBIT": -23089000.0,
        "Net Interest Income": -1651000.0,
        "Interest Expense": 1651000.0,
        "Normalized Income": -18639996.0,
        "Net Income From Continuing And Discontinued Operation": -18890000.0,
        "Total Expenses": 506021000.0,
        "Total Operating Income As Reported": -22997000.0,
        "Diluted Average Shares": 11818000.0,
        "Basic Average Shares": 11818000.0,
        "Diluted EPS": -1.6,
        "Basic EPS": -1.6,
        "Diluted NI Availto Com Stockholders": -18890000.0,
        "Net Income Common Stockholders": -18890000.0,
        "Net Income": -18890000.0,
        "Net Income Including Noncontrolling Interests": -18890000.0,
        "Net Income Discontinuous Operations": -15000.0,
        "Net Income Continuous Operations": -18875000.0,
        "Tax Provision": -5865000.0,
        "Pretax Income": -24740000.0,
        "Other Income Expense": -400000.0,
        "Other Non Operating Income Expenses": -92000.0,
        "Special Income Charges": -308000.0,
        "Write Off": 308000.0,
        "Impairment Of Capital Assets": NaN,
        "Net Non Operating Interest Income Expense": -1651000.0,
        "Interest Expense Non Operating": 1651000.0,
        "Operating Income": -22689000.0,
        "Operating Expense": 251497000.0,
        "Selling General And Administration": 251497000.0,
        "Gross Profit": 228808000.0,
        "Cost Of Revenue": 254524000.0,
        "Total Revenue": 483332000.0,
        "Operating Revenue": 483332000.0
    },
    "2023-01-31": {
        "Tax Effect Of Unusual Items": -192719.0,
        "Tax Rate For Calcs": 0.191,
        "Normalized EBITDA": 50799000.0,
        "Total Unusual Items": -1009000.0,
        "Total Unusual Items Excluding Goodwill": -1009000.0,
        "Net Income From Continuing Operation Net Minority Interest": 39198000.0,
        "Reconciled Depreciation": 10917000.0,
        "Reconciled Cost Of Revenue": 388395000.0,
        "EBITDA": 49790000.0,
        "EBIT": 49790000.0,
        "Net Interest Income": -1312000.0,
        "Interest Expense": 1312000.0,
        "Normalized Income": 40014281.0,
        "Net Income From Continuing And Discontinued Operation": 38949000.0,
        "Total Expenses": 674171000.0,
        "Total Operating Income As Reported": 49840000.0,
        "Diluted Average Shares": 12124000.0,
        "Basic Average Shares": 11914000.0,
        "Diluted EPS": 3.21,
        "Basic EPS": 3.27,
        "Diluted NI Availto Com Stockholders": 38949000.0,
        "Net Income Common Stockholders": 38949000.0,
        "Net Income": 38949000.0,
        "Net Income Including Noncontrolling Interests": 38949000.0,
        "Net Income Discontinuous Operations": -249000.0,
        "Net Income Continuous Operations": 39198000.0,
        "Tax Provision": 9280000.0,
        "Pretax Income": 48478000.0,
        "Other Income Expense": -1059000.0,
        "Other Non Operating Income Expenses": -50000.0,
        "Special Income Charges": -1009000.0,
        "Write Off": NaN,
        "Impairment Of Capital Assets": 1009000.0,
        "Net Non Operating Interest Income Expense": -1312000.0,
        "Interest Expense Non Operating": 1312000.0,
        "Operating Income": 50849000.0,
        "Operating Expense": 285776000.0,
        "Selling General And Administration": 285776000.0,
        "Gross Profit": 336625000.0,
        "Cost Of Revenue": 388395000.0,
        "Total Revenue": 725020000.0,
        "Operating Revenue": 725020000.0
    },
    "2022-10-31": {
        "Tax Effect Of Unusual Items": 0.0,
        "Tax Rate For Calcs": 0.187,
        "Normalized EBITDA": 26023000.0,
        "Total Unusual Items": 0.0,
        "Total Unusual Items Excluding Goodwill": 0.0,
        "Net Income From Continuing Operation Net Minority Interest": 20424000.0,
        "Reconciled Depreciation": 10672000.0,
        "Reconciled Cost Of Revenue": 309981000.0,
        "EBITDA": 26023000.0,
        "EBIT": 26023000.0,
        "Net Interest Income": -906000.0,
        "Interest Expense": 906000.0,
        "Normalized Income": 20424000.0,
        "Net Income From Continuing And Discontinued Operation": 20376000.0,
        "Total Expenses": 577715000.0,
        "Total Operating Income As Reported": 26073000.0,
        "Diluted Average Shares": 12326000.0,
        "Basic Average Shares": 12138000.0,
        "Diluted EPS": 1.65,
        "Basic EPS": 1.68,
        "Diluted NI Availto Com Stockholders": 20376000.0,
        "Net Income Common Stockholders": 20376000.0,
        "Net Income": 20376000.0,
        "Net Income Including Noncontrolling Interests": 20376000.0,
        "Net Income Discontinuous Operations": -48000.0,
        "Net Income Continuous Operations": 20424000.0,
        "Tax Provision": 4693000.0,
        "Pretax Income": 25117000.0,
        "Other Income Expense": -50000.0,
        "Other Non Operating Income Expenses": -50000.0,
        "Special Income Charges": 0.0,
        "Write Off": 0.0,
        "Impairment Of Capital Assets": 0.0,
        "Net Non Operating Interest Income Expense": -906000.0,
        "Interest Expense Non Operating": 906000.0,
        "Operating Income": 26073000.0,
        "Operating Expense": 267734000.0,
        "Selling General And Administration": 267734000.0,
        "Gross Profit": 293807000.0,
        "Cost Of Revenue": 309981000.0,
        "Total Revenue": 603788000.0,
        "Operating Revenue": 603788000.0
    },
    "2022-07-31": {
        "Tax Effect Of Unusual Items": -14577.0,
        "Tax Rate For Calcs": 0.113,
        "Normalized EBITDA": 9161000.0,
        "Total Unusual Items": -129000.0,
        "Total Unusual Items Excluding Goodwill": -129000.0,
        "Net Income From Continuing Operation Net Minority Interest": 7651000.0,
        "Reconciled Depreciation": 10678000.0,
        "Reconciled Cost Of Revenue": 281018000.0,
        "EBITDA": 9032000.0,
        "EBIT": 9032000.0,
        "Net Interest Income": -405000.0,
        "Interest Expense": 405000.0,
        "Normalized Income": 7765423.0,
        "Net Income From Continuing And Discontinued Operation": 7643000.0,
        "Total Expenses": 526121000.0,
        "Total Operating Income As Reported": 9082000.0,
        "Diluted Average Shares": 13009000.0,
        "Basic Average Shares": 12813000.0,
        "Diluted EPS": 0.59,
        "Basic EPS": 0.6,
        "Diluted NI Availto Com Stockholders": 7643000.0,
        "Net Income Common Stockholders": 7643000.0,
        "Net Income": 7643000.0,
        "Net Income Including Noncontrolling Interests": 7643000.0,
        "Net Income Discontinuous Operations": -8000.0,
        "Net Income Continuous Operations": 7651000.0,
        "Tax Provision": 976000.0,
        "Pretax Income": 8627000.0,
        "Other Income Expense": -179000.0,
        "Other Non Operating Income Expenses": -50000.0,
        "Special Income Charges": -129000.0,
        "Write Off": 129000.0,
        "Impairment Of Capital Assets": 129000.0,
        "Net Non Operating Interest Income Expense": -405000.0,
        "Interest Expense Non Operating": 405000.0,
        "Operating Income": 9211000.0,
        "Operating Expense": 245103000.0,
        "Selling General And Administration": 245103000.0,
        "Gross Profit": 254314000.0,
        "Cost Of Revenue": 281018000.0,
        "Total Revenue": 535332000.0,
        "Operating Revenue": 535332000.0
    },
    "2022-04-30": {
        "Diluted EPS": 0.37,
        "Total Revenue": 521,
        "Gross Profit": 251,
        "Operating Income": 8,
        "EBIT": 19,
        "Net Income": 5
    },
    "2022-01-31": {
        "Diluted EPS": 4.32,
        "Total Revenue": 728,
        "Gross Profit": 356,
        "Operating Income": 83,
        "EBIT": 94,
        "Net Income": 62
    },
    "2021-10-31": {
        "Diluted EPS": 2.25,
        "Total Revenue": 601,
        "Gross Profit": 295,
        "Operating Income": 44,
        "EBIT": 54,
        "Net Income": 33
    },
    "2021-07-31": {
        "Diluted EPS": 0.75,
        "Total Revenue": 555,
        "Gross Profit": 273,
        "Operating Income": 13,
        "EBIT": 24,
        "Net Income": 11
    },
    "2021-04-30": {
        "Diluted EPS": 0.6,
        "Total Revenue": 539,
        "Gross Profit": 258,
        "Operating Income": 16,
        "EBIT": 26,
        "Net Income": 9
    },
    "2021-01-31": {
        "Diluted EPS": 6.4,
        "Total Revenue": 637,
        "Gross Profit": 292,
        "Operating Income": 63,
        "EBIT": 74,
        "Net Income": 90
    },
    "2020-10-31": {
        "Diluted EPS": 0.52,
        "Total Revenue": 479,
        "Gross Profit": 226,
        "Operating Income": 8,
        "EBIT": 20,
        "Net Income": 7
    },
    "2020-07-31": {
        "Diluted EPS": -1.34,
        "Total Revenue": 391,
        "Gross Profit": 167,
        "Operating Income": -22,
        "EBIT": -10,
        "Net Income": -19
    },
    "2020-04-30": {
        "Diluted EPS": -9.55,
        "Total Revenue": 279,
        "Gross Profit": 120,
        "Operating Income": -156,
        "EBIT": -144,
        "Net Income": -135
    },
    "2020-01-31": {
        "Diluted EPS": 2.22,
        "Total Revenue": 678,
        "Gross Profit": 317,
        "Operating Income": 45,
        "EBIT": 57,
        "Net Income": 36
    },
    "2019-10-31": {
        "Diluted EPS": 1.3,
        "Total Revenue": 537,
        "Gross Profit": 264,
        "Operating Income": 26,
        "EBIT": 38,
        "Net Income": 19
    },
    "2019-07-31": {
        "Diluted EPS": 0.04,
        "Total Revenue": 487,
        "Gross Profit": 237,
        "Operating Income": 3,
        "EBIT": 15,
        "Net Income": 1
    },
    "2019-04-30": {
        "Diluted EPS": 0.36,
        "Total Revenue": 496,
        "Gross Profit": 245,
        "Operating Income": 9,
        "EBIT": 22,
        "Net Income": 6
    },
    "2019-01-31": {
        "Diluted EPS": -3.27,
        "Total Revenue": 675,
        "Gross Profit": 316,
        "Operating Income": 51,
        "EBIT": 63,
        "Net Income": -64
    },
    "2018-10-31": {
        "Diluted EPS": 0.73,
        "Total Revenue": 540,
        "Gross Profit": 262,
        "Operating Income": 26,
        "EBIT": 51,
        "Net Income": 14
    },
    "2018-07-31": {
        "Diluted EPS": 0.0,
        "Total Revenue": 487,
        "Gross Profit": 231,
        "Operating Income": 1,
        "EBIT": 20,
        "Net Income": 0
    },
    "2018-04-30": {
        "Diluted EPS": -0.12,
        "Total Revenue": 486,
        "Gross Profit": 238,
        "Operating Income": 4,
        "EBIT": 24,
        "Net Income": -2
    },
    "2018-01-31": {
        "Diluted EPS": 2.92,
        "Total Revenue": 151,
        "Gross Profit": 32,
        "Operating Income": 226,
        "EBIT": 247,
        "Net Income": 56
    },
    "2017-10-31": {
        "Diluted EPS": -8.56,
        "Total Revenue": 717,
        "Gross Profit": 354,
        "Operating Income": -152,
        "EBIT": 49,
        "Net Income": -165
    },
    "2017-07-31": {
        "Diluted EPS": -0.21,
        "Total Revenue": 617,
        "Gross Profit": 307,
        "Operating Income": -2,
        "EBIT": 17,
        "Net Income": -4
    },
    "2017-04-30": {
        "Diluted EPS": 0.05,
        "Total Revenue": 643,
        "Gross Profit": 319,
        "Operating Income": 3,
        "EBIT": 23,
        "Net Income": 1
    },
    "2017-01-31": {
        "Diluted EPS": 2.31,
        "Total Revenue": 36,
        "Gross Profit": -24,
        "Operating Income": 30,
        "EBIT": 49,
        "Net Income": 47
    },
    "2016-10-31": {
        "Diluted EPS": 1.3,
        "Total Revenue": 711,
        "Gross Profit": 356,
        "Operating Income": 40,
        "EBIT": 59,
        "Net Income": 26
    },
    "2016-07-31": {
        "Diluted EPS": 0.72,
        "Total Revenue": 626,
        "Gross Profit": 315,
        "Operating Income": 20,
        "EBIT": 39,
        "Net Income": 15
    },
    "2016-04-30": {
        "Diluted EPS": 0.5,
        "Total Revenue": 649,
        "Gross Profit": 330,
        "Operating Income": 18,
        "EBIT": 37,
        "Net Income": 10
    },
    "2016-01-31": {
        "Diluted EPS": 1.95,
        "Total Revenue": 932,
        "Gross Profit": 423,
        "Operating Income": 70,
        "EBIT": 92,
        "Net Income": 45
    },
    "2015-10-31": {
        "Diluted EPS": 1.42,
        "Total Revenue": 774,
        "Gross Profit": 374,
        "Operating Income": 52,
        "EBIT": 72,
        "Net Income": 33
    },
    "2015-07-31": {
        "Diluted EPS": 0.32,
        "Total Revenue": 656,
        "Gross Profit": 320,
        "Operating Income": 12,
        "EBIT": 32,
        "Net Income": 8
    },
    "2015-04-30": {
        "Diluted EPS": 0.42,
        "Total Revenue": 661,
        "Gross Profit": 326,
        "Operating Income": 16,
        "EBIT": 36,
        "Net Income": 10
    },
    "2015-01-31": {
        "Diluted EPS": 2.12,
        "Total Revenue": 893,
        "Gross Profit": 424,
        "Operating Income": 87,
        "EBIT": 107,
        "Net Income": 50
    },
    "2014-10-31": {
        "Diluted EPS": 1.21,
        "Total Revenue": 723,
        "Gross Profit": 358,
        "Operating Income": 47,
        "EBIT": 66,
        "Net Income": 29
    },
    "2014-07-31": {
        "Diluted EPS": 0.2,
        "Total Revenue": 615,
        "Gross Profit": 302,
        "Operating Income": 10,
        "EBIT": 29,
        "Net Income": 5
    },
    "2014-04-30": {
        "Diluted EPS": 0.59,
        "Total Revenue": 629,
        "Gross Profit": 316,
        "Operating Income": 24,
        "EBIT": 41,
        "Net Income": 14
    },
    "2014-01-31": {
        "Diluted EPS": 1.78,
        "Total Revenue": 793,
        "Gross Profit": 386,
        "Operating Income": 75,
        "EBIT": 93,
        "Net Income": 42
    },
    "2013-10-31": {
        "Diluted EPS": 1.18,
        "Total Revenue": 666,
        "Gross Profit": 332,
        "Operating Income": 47,
        "EBIT": 64,
        "Net Income": 28
    },
    "2013-07-31": {
        "Diluted EPS": 0.35,
        "Total Revenue": 575,
        "Gross Profit": 283,
        "Operating Income": 16,
        "EBIT": 32,
        "Net Income": 8
    },
    "2013-04-30": {
        "Diluted EPS": 0.61,
        "Total Revenue": 591,
        "Gross Profit": 298,
        "Operating Income": 26,
        "EBIT": 42,
        "Net Income": 14
    },
    "2013-01-31": {
        "Diluted EPS": 1.66,
        "Total Revenue": 797,
        "Gross Profit": 384,
        "Operating Income": 64,
        "EBIT": 82,
        "Net Income": 40
    },
    "2012-10-31": {
        "Diluted EPS": 1.76,
        "Total Revenue": 664,
        "Gross Profit": 334,
        "Operating Income": 54,
        "EBIT": 70,
        "Net Income": 42
    },
    "2012-07-31": {
        "Diluted EPS": 0.41,
        "Total Revenue": 544,
        "Gross Profit": 273,
        "Operating Income": 16,
        "EBIT": 31,
        "Net Income": 10
    },
    "2012-04-30": {
        "Diluted EPS": 0.85,
        "Total Revenue": 600,
        "Gross Profit": 307,
        "Operating Income": 36,
        "EBIT": 51,
        "Net Income": 21
    },
    "2012-01-31": {
        "Diluted EPS": 2.13,
        "Total Revenue": 723,
        "Gross Profit": 353,
        "Operating Income": 88,
        "EBIT": 103,
        "Net Income": 52
    },
    "2011-10-31": {
        "Diluted EPS": 1.09,
        "Total Revenue": 617,
        "Gross Profit": 310,
        "Operating Income": 46,
        "EBIT": 60,
        "Net Income": 26
    },
    "2011-07-31": {
        "Diluted EPS": -0.02,
        "Total Revenue": 471,
        "Gross Profit": 237,
        "Operating Income": 2,
        "EBIT": 15,
        "Net Income": 0
    },
    "2011-04-30": {
        "Diluted EPS": 0.63,
        "Total Revenue": 482,
        "Gross Profit": 248,
        "Operating Income": 26,
        "EBIT": 38,
        "Net Income": 15
    },
    "2011-01-31": {
        "Diluted EPS": 1.28,
        "Total Revenue": 560,
        "Gross Profit": 269,
        "Operating Income": 49,
        "EBIT": 62,
        "Net Income": 32
    },
    "2010-10-31": {
        "Diluted EPS": 0.72,
        "Total Revenue": 465,
        "Gross Profit": 237,
        "Operating Income": 27,
        "EBIT": 39,
        "Net Income": 17
    },
    "2010-07-31": {
        "Diluted EPS": -0.14,
        "Total Revenue": 364,
        "Gross Profit": 184,
        "Operating Income": -3,
        "EBIT": 8,
        "Net Income": -3
    },
    "2010-04-30": {
        "Diluted EPS": 0.36,
        "Total Revenue": 401,
        "Gross Profit": 208,
        "Operating Income": 15,
        "EBIT": 27,
        "Net Income": 9
    },
    "2010-01-31": {
        "Diluted EPS": 1.24,
        "Total Revenue": 479,
        "Gross Profit": 237,
        "Operating Income": 43,
        "EBIT": 55,
        "Net Income": 26
    },
    "2009-10-31": {
        "Diluted EPS": 0.5,
        "Total Revenue": 390,
        "Gross Profit": 200,
        "Operating Income": 18,
        "EBIT": 30,
        "Net Income": 11
    },
    "2009-07-31": {
        "Diluted EPS": -0.13,
        "Total Revenue": 335,
        "Gross Profit": 170,
        "Operating Income": -3,
        "EBIT": 9,
        "Net Income": -3
    },
    "2009-04-30": {
        "Diluted EPS": -0.31,
        "Total Revenue": 370,
        "Gross Profit": 189,
        "Operating Income": 2,
        "EBIT": 15,
        "Net Income": -6
    },
    "2009-01-31": {
        "Diluted EPS": 1.5,
        "Total Revenue": 452,
        "Gross Profit": 219,
        "Operating Income": 36,
        "EBIT": 48,
        "Net Income": 23
    },
    "2023-07-31": {
        "Tax Effect Of Unusual Items": -6612837.0,
        "Tax Rate For Calcs": 0.231,
        "Normalized EBITDA": -10148000.0,
        "Total Unusual Items": -28627000.0,
        "Total Unusual Items Excluding Goodwill": -28627000.0,
        "Net Income From Continuing Operation Net Minority Interest": -31632000.0,
        "Reconciled Depreciation": 11833000.0,
        "Reconciled Cost Of Revenue": 273507000.0,
        "EBITDA": -38775000.0,
        "EBIT": -38775000.0,
        "Net Interest Income": -2383000.0,
        "Interest Expense": 2383000.0,
        "Normalized Income": -9617837.0,
        "Net Income From Continuing And Discontinued Operation": -31665000.0,
        "Total Expenses": 533027000.0,
        "Total Operating Income As Reported": -38627000.0,
        "Diluted Average Shares": 11344000.0,
        "Basic Average Shares": 11344000.0,
        "Diluted EPS": -2.79,
        "Basic EPS": -2.79,
        "Diluted NI Availto Com Stockholders": -31665000.0,
        "Net Income Common Stockholders": -31665000.0,
        "Net Income": -31665000.0,
        "Net Income Including Noncontrolling Interests": -31665000.0,
        "Net Income Discontinuous Operations": -33000.0,
        "Net Income Continuous Operations": -31632000.0,
        "Tax Provision": -9526000.0,
        "Pretax Income": -41158000.0,
        "Other Income Expense": -28775000.0,
        "Other Non Operating Income Expenses": -148000.0,
        "Special Income Charges": -28627000.0,
        "Write Off": 174000.0,
        "Impairment Of Capital Assets": 28453000.0,
        "Net Non Operating Interest Income Expense": -2383000.0,
        "Interest Expense Non Operating": 2383000.0,
        "Operating Income": -10000000.0,
        "Operating Expense": 259520000.0,
        "Selling General And Administration": 259520000.0,
        "Gross Profit": 249520000.0,
        "Cost Of Revenue": 273507000.0,
        "Total Revenue": 523027000.0,
        "Operating Revenue": 523027000.0
    },
    "2023-10-31": {
        "Tax Effect Of Unusual Items": -22230.434271,
        "Tax Rate For Calcs": 0.22455,
        "Normalized EBITDA": 10803000.0,
        "Total Unusual Items": -99000.0,
        "Total Unusual Items Excluding Goodwill": -99000.0,
        "Net Income From Continuing Operation Net Minority Interest": 6589000.0,
        "Reconciled Depreciation": NaN,
        "Reconciled Cost Of Revenue": 300890000.0,
        "EBITDA": 10704000.0,
        "EBIT": 10704000.0,
        "Net Interest Income": -2207000.0,
        "Interest Expense": 2207000.0,
        "Normalized Income": 6665769.565729,
        "Net Income From Continuing And Discontinued Operation": 6539000.0,
        "Total Expenses": 568364000.0,
        "Total Operating Income As Reported": 10852000.0,
        "Diluted Average Shares": 10972000.0,
        "Basic Average Shares": 10898000.0,
        "Diluted EPS": 0.6,
        "Basic EPS": 0.6,
        "Diluted NI Availto Com Stockholders": 6539000.0,
        "Net Income Common Stockholders": 6539000.0,
        "Net Income": 6539000.0,
        "Net Income Including Noncontrolling Interests": 6539000.0,
        "Net Income Discontinuous Operations": -50000.0,
        "Net Income Continuous Operations": 6589000.0,
        "Tax Provision": 1908000.0,
        "Pretax Income": 8497000.0,
        "Other Income Expense": -247000.0,
        "Other Non Operating Income Expenses": -148000.0,
        "Special Income Charges": -99000.0,
        "Write Off": 99000.0,
        "Impairment Of Capital Assets": NaN,
        "Net Non Operating Interest Income Expense": -2207000.0,
        "Interest Expense Non Operating": 2207000.0,
        "Operating Income": 10951000.0,
        "Operating Expense": 267474000.0,
        "Selling General And Administration": 267474000.0,
        "Gross Profit": 278425000.0,
        "Cost Of Revenue": 300890000.0,
        "Total Revenue": 579315000.0,
        "Operating Revenue": 579315000.0
    }
}