{
    "2023-06-30": {
        "Tax Effect Of Unusual Items": NaN,
        "Tax Rate For Calcs": NaN,
        "Normalized EBITDA": NaN,
        "Net Income From Continuing Operation Net Minority Interest": NaN,
        "Reconciled Depreciation": NaN,
        "Reconciled Cost Of Revenue": NaN,
        "EBITDA": NaN,
        "EBIT": NaN,
        "Net Interest Income": NaN,
        "Normalized Income": NaN,
        "Net Income From Continuing And Discontinued Operation": NaN,
        "Total Expenses": NaN,
        "Total Operating Income As Reported": NaN,
        "Diluted Average Shares": NaN,
        "Basic Average Shares": NaN,
        "Diluted EPS": NaN,
        "Basic EPS": NaN,
        "Diluted NI Availto Com Stockholders": NaN,
        "Net Income Common Stockholders": NaN,
        "Net Income": NaN,
        "Net Income Including Noncontrolling Interests": NaN,
        "Net Income Continuous Operations": NaN,
        "Tax Provision": NaN,
        "Pretax Income": NaN,
        "Other Income Expense": NaN,
        "Other Non Operating Income Expenses": NaN,
        "Net Non Operating Interest Income Expense": NaN,
        "Total Other Finance Cost": 89000000.0,
        "Operating Income": NaN,
        "Operating Expense": NaN,
        "Selling General And Administration": NaN,
        "General And Administrative Expense": NaN,
        "Other Gand A": NaN,
        "Gross Profit": NaN,
        "Cost Of Revenue": NaN,
        "Total Revenue": NaN,
        "Operating Revenue": NaN
    },
    "2023-03-31": {
        "Tax Effect Of Unusual Items": NaN,
        "Tax Rate For Calcs": NaN,
        "Normalized EBITDA": NaN,
        "Net Income From Continuing Operation Net Minority Interest": NaN,
        "Reconciled Depreciation": NaN,
        "Reconciled Cost Of Revenue": NaN,
        "EBITDA": NaN,
        "EBIT": NaN,
        "Net Interest Income": NaN,
        "Normalized Income": NaN,
        "Net Income From Continuing And Discontinued Operation": NaN,
        "Total Expenses": NaN,
        "Total Operating Income As Reported": NaN,
        "Diluted Average Shares": NaN,
        "Basic Average Shares": NaN,
        "Diluted EPS": NaN,
        "Basic EPS": NaN,
        "Diluted NI Availto Com Stockholders": NaN,
        "Net Income Common Stockholders": NaN,
        "Net Income": NaN,
        "Net Income Including Noncontrolling Interests": NaN,
        "Net Income Continuous Operations": NaN,
        "Tax Provision": NaN,
        "Pretax Income": NaN,
        "Other Income Expense": NaN,
        "Other Non Operating Income Expenses": NaN,
        "Net Non Operating Interest Income Expense": NaN,
        "Total Other Finance Cost": 91000000.0,
        "Operating Income": NaN,
        "Operating Expense": NaN,
        "Selling General And Administration": NaN,
        "General And Administrative Expense": NaN,
        "Other Gand A": NaN,
        "Gross Profit": NaN,
        "Cost Of Revenue": NaN,
        "Total Revenue": NaN,
        "Operating Revenue": NaN
    },
    "2022-12-31": {
        "Tax Effect Of Unusual Items": 0.0,
        "Tax Rate For Calcs": 0.180842,
        "Normalized EBITDA": 1683000000.0,
        "Net Income From Continuing Operation Net Minority Interest": 992000000.0,
        "Reconciled Depreciation": 240000000.0,
        "Reconciled Cost Of Revenue": 9020000000.0,
        "EBITDA": 1683000000.0,
        "EBIT": 1443000000.0,
        "Net Interest Income": -85000000.0,
        "Normalized Income": 992000000.0,
        "Net Income From Continuing And Discontinued Operation": 992000000.0,
        "Total Expenses": 9624000000.0,
        "Total Operating Income As Reported": 1227000000.0,
        "Diluted Average Shares": 277200000.0,
        "Basic Average Shares": 274000000.0,
        "Diluted EPS": 3.58,
        "Basic EPS": 3.62,
        "Diluted NI Availto Com Stockholders": 992000000.0,
        "Net Income Common Stockholders": 992000000.0,
        "Net Income": 992000000.0,
        "Net Income Including Noncontrolling Interests": 992000000.0,
        "Net Income Continuous Operations": 992000000.0,
        "Tax Provision": 219000000.0,
        "Pretax Income": 1211000000.0,
        "Other Income Expense": 69000000.0,
        "Other Non Operating Income Expenses": 69000000.0,
        "Net Non Operating Interest Income Expense": -85000000.0,
        "Total Other Finance Cost": NaN,
        "Operating Income": 1227000000.0,
        "Operating Expense": 604000000.0,
        "Selling General And Administration": 604000000.0,
        "General And Administrative Expense": 604000000.0,
        "Other Gand A": 604000000.0,
        "Gross Profit": 1831000000.0,
        "Cost Of Revenue": 9020000000.0,
        "Total Revenue": 10851000000.0,
        "Operating Revenue": 10851000000.0
    },
    "2022-09-30": {
        "Tax Effect Of Unusual Items": NaN,
        "Tax Rate For Calcs": NaN,
        "Normalized EBITDA": NaN,
        "Net Income From Continuing Operation Net Minority Interest": NaN,
        "Reconciled Depreciation": NaN,
        "Reconciled Cost Of Revenue": NaN,
        "EBITDA": NaN,
        "EBIT": NaN,
        "Net Interest Income": NaN,
        "Normalized Income": NaN,
        "Net Income From Continuing And Discontinued Operation": NaN,
        "Total Expenses": NaN,
        "Total Operating Income As Reported": NaN,
        "Diluted Average Shares": NaN,
        "Basic Average Shares": NaN,
        "Diluted EPS": NaN,
        "Basic EPS": NaN,
        "Diluted NI Availto Com Stockholders": NaN,
        "Net Income Common Stockholders": NaN,
        "Net Income": NaN,
        "Net Income Including Noncontrolling Interests": NaN,
        "Net Income Continuous Operations": NaN,
        "Tax Provision": NaN,
        "Pretax Income": NaN,
        "Other Income Expense": NaN,
        "Other Non Operating Income Expenses": NaN,
        "Net Non Operating Interest Income Expense": NaN,
        "Total Other Finance Cost": 86000000.0,
        "Operating Income": NaN,
        "Operating Expense": NaN,
        "Selling General And Administration": NaN,
        "General And Administrative Expense": NaN,
        "Other Gand A": NaN,
        "Gross Profit": NaN,
        "Cost Of Revenue": NaN,
        "Total Revenue": NaN,
        "Operating Revenue": NaN
    },
    "2022-06-30": {
        "Tax Effect Of Unusual Items": 0.0,
        "Tax Rate For Calcs": 0.170098,
        "Normalized EBITDA": 1190000000.0,
        "Net Income From Continuing Operation Net Minority Interest": 766000000.0,
        "Reconciled Depreciation": 212000000.0,
        "Reconciled Cost Of Revenue": 7597000000.0,
        "EBITDA": 1190000000.0,
        "EBIT": 978000000.0,
        "Net Interest Income": -95000000.0,
        "Normalized Income": 766000000.0,
        "Net Income From Continuing And Discontinued Operation": 766000000.0,
        "Total Expenses": 8211000000.0,
        "Total Operating Income As Reported": 978000000.0,
        "Diluted Average Shares": 278943000.0,
        "Basic Average Shares": 276267000.0,
        "Diluted EPS": 2.75,
        "Basic EPS": 2.77,
        "Diluted NI Availto Com Stockholders": 766000000.0,
        "Net Income Common Stockholders": 766000000.0,
        "Net Income": 766000000.0,
        "Net Income Including Noncontrolling Interests": 766000000.0,
        "Net Income Continuous Operations": 766000000.0,
        "Tax Provision": 157000000.0,
        "Pretax Income": 923000000.0,
        "Other Income Expense": 40000000.0,
        "Other Non Operating Income Expenses": 40000000.0,
        "Net Non Operating Interest Income Expense": -95000000.0,
        "Total Other Finance Cost": 95000000.0,
        "Operating Income": 978000000.0,
        "Operating Expense": 614000000.0,
        "Other Operating Expenses": NaN,
        "Selling General And Administration": 614000000.0,
        "General And Administrative Expense": 614000000.0,
        "Other Gand A": 614000000.0,
        "Gross Profit": 1592000000.0,
        "Cost Of Revenue": 7597000000.0,
        "Total Revenue": 9189000000.0,
        "Operating Revenue": 9189000000.0
    },
    "2023-09-30": {
        "Tax Effect Of Unusual Items": 0.0,
        "Tax Rate For Calcs": 0.156408,
        "Normalized EBITDA": 1265000000.0,
        "Net Income From Continuing Operation Net Minority Interest": 836000000.0,
        "Reconciled Depreciation": 208000000.0,
        "Reconciled Cost Of Revenue": 8913000000.0,
        "EBITDA": 1265000000.0,
        "EBIT": 1057000000.0,
        "Net Interest Income": -85000000.0,
        "Normalized Income": 836000000.0,
        "Net Income From Continuing And Discontinued Operation": 836000000.0,
        "Total Expenses": 9514000000.0,
        "Total Operating Income As Reported": 1057000000.0,
        "Diluted Average Shares": 274745000.0,
        "Basic Average Shares": 272585000.0,
        "Diluted EPS": 3.04,
        "Basic EPS": 3.07,
        "Diluted NI Availto Com Stockholders": 836000000.0,
        "Net Income Common Stockholders": 836000000.0,
        "Net Income": 836000000.0,
        "Net Income Including Noncontrolling Interests": 836000000.0,
        "Net Income Continuous Operations": 836000000.0,
        "Tax Provision": 155000000.0,
        "Pretax Income": 991000000.0,
        "Other Income Expense": 19000000.0,
        "Other Non Operating Income Expenses": 19000000.0,
        "Net Non Operating Interest Income Expense": -85000000.0,
        "Total Other Finance Cost": 85000000.0,
        "Operating Income": 1057000000.0,
        "Operating Expense": 601000000.0,
        "Selling General And Administration": 601000000.0,
        "General And Administrative Expense": 601000000.0,
        "Other Gand A": 601000000.0,
        "Gross Profit": 1658000000.0,
        "Cost Of Revenue": 8913000000.0,
        "Total Revenue": 10571000000.0,
        "Operating Revenue": 10571000000.0
    },
    "2023-12-31": {
        "Tax Effect Of Unusual Items": 0.0,
        "Tax Rate For Calcs": 0.180929,
        "Normalized EBITDA": 1648000000.0,
        "Net Income From Continuing Operation Net Minority Interest": 1005000000.0,
        "Reconciled Depreciation": 222000000.0,
        "Reconciled Cost Of Revenue": 9745000000.0,
        "EBITDA": 1648000000.0,
        "EBIT": 1426000000.0,
        "Net Interest Income": -78000000.0,
        "Normalized Income": 1005000000.0,
        "Net Income From Continuing And Discontinued Operation": 1005000000.0,
        "Total Expenses": 10380000000.0,
        "Total Operating Income As Reported": 1288000000.0,
        "Diluted Average Shares": 275900000.0,
        "Basic Average Shares": 272800000.0,
        "Diluted EPS": 3.64,
        "Basic EPS": 3.68,
        "Diluted NI Availto Com Stockholders": 1005000000.0,
        "Net Income Common Stockholders": 1005000000.0,
        "Net Income": 1005000000.0,
        "Net Income Including Noncontrolling Interests": 1005000000.0,
        "Net Income Continuous Operations": 1005000000.0,
        "Tax Provision": 222000000.0,
        "Pretax Income": 1227000000.0,
        "Other Income Expense": 17000000.0,
        "Other Non Operating Income Expenses": 17000000.0,
        "Net Non Operating Interest Income Expense": -78000000.0,
        "Total Other Finance Cost": NaN,
        "Operating Income": 1288000000.0,
        "Operating Expense": 635000000.0,
        "Selling General And Administration": 635000000.0,
        "General And Administrative Expense": 635000000.0,
        "Other Gand A": 635000000.0,
        "Gross Profit": 1923000000.0,
        "Cost Of Revenue": 9745000000.0,
        "Total Revenue": 11668000000.0,
        "Operating Revenue": 11668000000.0
    },
    "2024-03-31": {
        "Tax Effect Of Unusual Items": 0.0,
        "Tax Rate For Calcs": 0.175,
        "Normalized EBITDA": 1247000000.0,
        "Net Income From Continuing Operation Net Minority Interest": 799000000.0,
        "Reconciled Depreciation": 211000000.0,
        "Reconciled Cost Of Revenue": 9068000000.0,
        "EBITDA": 1247000000.0,
        "EBIT": 1036000000.0,
        "Net Interest Income": -82000000.0,
        "Normalized Income": 799000000.0,
        "Net Income From Continuing And Discontinued Operation": 799000000.0,
        "Total Expenses": 9695000000.0,
        "Total Operating Income As Reported": 1036000000.0,
        "Diluted Average Shares": 277004000.0,
        "Basic Average Shares": 273496000.0,
        "Diluted EPS": 2.88,
        "Basic EPS": 2.92,
        "Diluted NI Availto Com Stockholders": 799000000.0,
        "Net Income Common Stockholders": 799000000.0,
        "Net Income": 799000000.0,
        "Net Income Including Noncontrolling Interests": 799000000.0,
        "Net Income Continuous Operations": 799000000.0,
        "Tax Provision": 169000000.0,
        "Pretax Income": 968000000.0,
        "Other Income Expense": 14000000.0,
        "Other Non Operating Income Expenses": 14000000.0,
        "Net Non Operating Interest Income Expense": -82000000.0,
        "Total Other Finance Cost": 82000000.0,
        "Operating Income": 1036000000.0,
        "Operating Expense": 627000000.0,
        "Selling General And Administration": 627000000.0,
        "General And Administrative Expense": 627000000.0,
        "Other Gand A": 627000000.0,
        "Gross Profit": 1663000000.0,
        "Cost Of Revenue": 9068000000.0,
        "Total Revenue": 10731000000.0,
        "Operating Revenue": 10731000000.0
    },
    "2024-06-30": {
        "Tax Effect Of Unusual Items": 0.0,
        "Tax Rate For Calcs": 0.169725,
        "Normalized EBITDA": 1373000000.0,
        "Net Income From Continuing Operation Net Minority Interest": 905000000.0,
        "Reconciled Depreciation": 217000000.0,
        "Reconciled Cost Of Revenue": 10176000000.0,
        "EBITDA": 1373000000.0,
        "EBIT": 1156000000.0,
        "Net Interest Income": -84000000.0,
        "Normalized Income": 905000000.0,
        "Net Income From Continuing And Discontinued Operation": 905000000.0,
        "Total Expenses": 10820000000.0,
        "Total Operating Income As Reported": 1156000000.0,
        "Diluted Average Shares": 277700000.0,
        "Basic Average Shares": 274100000.0,
        "Diluted EPS": 3.26,
        "Basic EPS": 3.3,
        "Diluted NI Availto Com Stockholders": 905000000.0,
        "Net Income Common Stockholders": 905000000.0,
        "Net Income": 905000000.0,
        "Net Income Including Noncontrolling Interests": 905000000.0,
        "Net Income Continuous Operations": 905000000.0,
        "Tax Provision": 185000000.0,
        "Pretax Income": 1090000000.0,
        "Other Income Expense": 18000000.0,
        "Other Non Operating Income Expenses": 18000000.0,
        "Net Non Operating Interest Income Expense": -84000000.0,
        "Total Other Finance Cost": 84000000.0,
        "Operating Income": 1156000000.0,
        "Operating Expense": 644000000.0,
        "Selling General And Administration": 644000000.0,
        "General And Administrative Expense": 644000000.0,
        "Other Gand A": 644000000.0,
        "Gross Profit": 1800000000.0,
        "Cost Of Revenue": 10176000000.0,
        "Total Revenue": 11976000000.0,
        "Operating Revenue": 11976000000.0
    },
    "2024-09-30": {
        "Tax Effect Of Unusual Items": 0.0,
        "Tax Rate For Calcs": 0.165171,
        "Normalized EBITDA": 1399000000.0,
        "Net Income From Continuing Operation Net Minority Interest": 930000000.0,
        "Reconciled Depreciation": 218000000.0,
        "Reconciled Cost Of Revenue": 9855000000.0,
        "EBITDA": 1399000000.0,
        "EBIT": 1181000000.0,
        "Net Interest Income": -82000000.0,
        "Normalized Income": 930000000.0,
        "Net Income From Continuing And Discontinued Operation": 930000000.0,
        "Total Expenses": 10490000000.0,
        "Total Operating Income As Reported": 1181000000.0,
        "Diluted Average Shares": 277900000.0,
        "Basic Average Shares": 274400000.0,
        "Diluted EPS": 3.35,
        "Basic EPS": 3.39,
        "Diluted NI Availto Com Stockholders": 930000000.0,
        "Net Income Common Stockholders": 930000000.0,
        "Net Income": 930000000.0,
        "Net Income Including Noncontrolling Interests": 930000000.0,
        "Net Income Continuous Operations": 930000000.0,
        "Tax Provision": 184000000.0,
        "Pretax Income": 1114000000.0,
        "Other Income Expense": 15000000.0,
        "Other Non Operating Income Expenses": 15000000.0,
        "Net Non Operating Interest Income Expense": -82000000.0,
        "Total Other Finance Cost": 82000000.0,
        "Operating Income": 1181000000.0,
        "Operating Expense": 635000000.0,
        "Selling General And Administration": 635000000.0,
        "General And Administrative Expense": 635000000.0,
        "Other Gand A": 635000000.0,
        "Gross Profit": 1816000000.0,
        "Cost Of Revenue": 9855000000.0,
        "Total Revenue": 11671000000.0,
        "Operating Revenue": 11671000000.0
    }
}