{
    "2023-06-30": {
        "Tax Effect Of Unusual Items": NaN,
        "Tax Rate For Calcs": NaN,
        "Normalized EBITDA": NaN,
        "Total Unusual Items": NaN,
        "Total Unusual Items Excluding Goodwill": NaN,
        "Net Income From Continuing Operation Net Minority Interest": NaN,
        "Reconciled Depreciation": NaN,
        "Reconciled Cost Of Revenue": NaN,
        "EBITDA": NaN,
        "EBIT": NaN,
        "Net Interest Income": NaN,
        "Interest Expense": NaN,
        "Normalized Income": NaN,
        "Net Income From Continuing And Discontinued Operation": NaN,
        "Total Expenses": NaN,
        "Total Operating Income As Reported": NaN,
        "Diluted Average Shares": 30717000.0,
        "Basic Average Shares": 28845000.0,
        "Diluted EPS": 0.4,
        "Basic EPS": 0.43,
        "Diluted NI Availto Com Stockholders": NaN,
        "Net Income Common Stockholders": NaN,
        "Net Income": NaN,
        "Net Income Including Noncontrolling Interests": NaN,
        "Net Income Continuous Operations": NaN,
        "Tax Provision": NaN,
        "Pretax Income": NaN,
        "Other Income Expense": NaN,
        "Special Income Charges": NaN,
        "Gain On Sale Of Ppe": NaN,
        "Gain On Sale Of Business": NaN,
        "Other Special Charges": NaN,
        "Net Non Operating Interest Income Expense": NaN,
        "Interest Expense Non Operating": NaN,
        "Operating Income": NaN,
        "Operating Expense": NaN,
        "Other Operating Expenses": NaN,
        "Depreciation Amortization Depletion Income Statement": NaN,
        "Depreciation And Amortization In Income Statement": NaN,
        "Selling General And Administration": NaN,
        "Gross Profit": NaN,
        "Cost Of Revenue": NaN,
        "Total Revenue": NaN,
        "Operating Revenue": NaN
    },
    "2023-03-31": {
        "Tax Effect Of Unusual Items": NaN,
        "Tax Rate For Calcs": NaN,
        "Normalized EBITDA": NaN,
        "Total Unusual Items": NaN,
        "Total Unusual Items Excluding Goodwill": NaN,
        "Net Income From Continuing Operation Net Minority Interest": NaN,
        "Reconciled Depreciation": NaN,
        "Reconciled Cost Of Revenue": NaN,
        "EBITDA": NaN,
        "EBIT": NaN,
        "Net Interest Income": NaN,
        "Interest Expense": NaN,
        "Normalized Income": NaN,
        "Net Income From Continuing And Discontinued Operation": NaN,
        "Total Expenses": NaN,
        "Total Operating Income As Reported": NaN,
        "Diluted Average Shares": 30904000.0,
        "Basic Average Shares": 28308000.0,
        "Diluted EPS": 0.38,
        "Basic EPS": 0.41,
        "Diluted NI Availto Com Stockholders": NaN,
        "Net Income Common Stockholders": NaN,
        "Net Income": NaN,
        "Net Income Including Noncontrolling Interests": NaN,
        "Net Income Continuous Operations": NaN,
        "Tax Provision": NaN,
        "Pretax Income": NaN,
        "Other Income Expense": NaN,
        "Special Income Charges": NaN,
        "Gain On Sale Of Ppe": NaN,
        "Gain On Sale Of Business": NaN,
        "Other Special Charges": NaN,
        "Net Non Operating Interest Income Expense": NaN,
        "Interest Expense Non Operating": NaN,
        "Operating Income": NaN,
        "Operating Expense": NaN,
        "Other Operating Expenses": NaN,
        "Depreciation Amortization Depletion Income Statement": NaN,
        "Depreciation And Amortization In Income Statement": NaN,
        "Selling General And Administration": NaN,
        "Gross Profit": NaN,
        "Cost Of Revenue": NaN,
        "Total Revenue": NaN,
        "Operating Revenue": NaN
    },
    "2022-12-31": {
        "Tax Effect Of Unusual Items": NaN,
        "Tax Rate For Calcs": NaN,
        "Normalized EBITDA": NaN,
        "Total Unusual Items": NaN,
        "Total Unusual Items Excluding Goodwill": NaN,
        "Net Income From Continuing Operation Net Minority Interest": NaN,
        "Reconciled Depreciation": NaN,
        "Reconciled Cost Of Revenue": NaN,
        "EBITDA": NaN,
        "EBIT": NaN,
        "Net Interest Income": NaN,
        "Interest Expense": NaN,
        "Normalized Income": NaN,
        "Net Income From Continuing And Discontinued Operation": NaN,
        "Total Expenses": NaN,
        "Total Operating Income As Reported": NaN,
        "Diluted Average Shares": 31230000.0,
        "Basic Average Shares": 28507000.0,
        "Diluted EPS": 0.35,
        "Basic EPS": 0.39,
        "Diluted NI Availto Com Stockholders": NaN,
        "Net Income Common Stockholders": NaN,
        "Net Income": NaN,
        "Net Income Including Noncontrolling Interests": NaN,
        "Net Income Continuous Operations": NaN,
        "Tax Provision": NaN,
        "Pretax Income": NaN,
        "Other Income Expense": NaN,
        "Special Income Charges": NaN,
        "Gain On Sale Of Ppe": NaN,
        "Gain On Sale Of Business": NaN,
        "Other Special Charges": NaN,
        "Net Non Operating Interest Income Expense": NaN,
        "Interest Expense Non Operating": NaN,
        "Operating Income": NaN,
        "Operating Expense": NaN,
        "Other Operating Expenses": NaN,
        "Depreciation Amortization Depletion Income Statement": NaN,
        "Depreciation And Amortization In Income Statement": NaN,
        "Selling General And Administration": NaN,
        "Gross Profit": NaN,
        "Cost Of Revenue": NaN,
        "Total Revenue": NaN,
        "Operating Revenue": NaN
    },
    "2022-09-30": {
        "Tax Effect Of Unusual Items": NaN,
        "Tax Rate For Calcs": NaN,
        "Normalized EBITDA": NaN,
        "Total Unusual Items": NaN,
        "Total Unusual Items Excluding Goodwill": NaN,
        "Net Income From Continuing Operation Net Minority Interest": NaN,
        "Reconciled Depreciation": NaN,
        "Reconciled Cost Of Revenue": NaN,
        "EBITDA": NaN,
        "EBIT": NaN,
        "Net Interest Income": NaN,
        "Interest Expense": NaN,
        "Normalized Income": NaN,
        "Net Income From Continuing And Discontinued Operation": NaN,
        "Total Expenses": NaN,
        "Total Operating Income As Reported": NaN,
        "Diluted Average Shares": NaN,
        "Basic Average Shares": NaN,
        "Diluted EPS": NaN,
        "Basic EPS": NaN,
        "Diluted NI Availto Com Stockholders": NaN,
        "Net Income Common Stockholders": NaN,
        "Net Income": NaN,
        "Net Income Including Noncontrolling Interests": NaN,
        "Net Income Continuous Operations": NaN,
        "Tax Provision": NaN,
        "Pretax Income": NaN,
        "Other Income Expense": NaN,
        "Special Income Charges": NaN,
        "Gain On Sale Of Ppe": NaN,
        "Gain On Sale Of Business": 0.0,
        "Other Special Charges": NaN,
        "Net Non Operating Interest Income Expense": NaN,
        "Interest Expense Non Operating": NaN,
        "Operating Income": NaN,
        "Operating Expense": NaN,
        "Other Operating Expenses": NaN,
        "Depreciation Amortization Depletion Income Statement": NaN,
        "Depreciation And Amortization In Income Statement": NaN,
        "Selling General And Administration": NaN,
        "Gross Profit": NaN,
        "Cost Of Revenue": NaN,
        "Total Revenue": NaN,
        "Operating Revenue": NaN
    },
    "2022-06-30": {
        "Tax Effect Of Unusual Items": -468362.751911,
        "Tax Rate For Calcs": 0.262682,
        "Normalized EBITDA": 70633000.0,
        "Total Unusual Items": -1783000.0,
        "Total Unusual Items Excluding Goodwill": -1783000.0,
        "Net Income From Continuing Operation Net Minority Interest": 21220000.0,
        "Reconciled Depreciation": 25332000.0,
        "Reconciled Cost Of Revenue": 156102000.0,
        "EBITDA": 68850000.0,
        "EBIT": 43518000.0,
        "Net Interest Income": -14738000.0,
        "Interest Expense": 14738000.0,
        "Normalized Income": 22534637.248089,
        "Net Income From Continuing And Discontinued Operation": 21220000.0,
        "Total Expenses": 244071000.0,
        "Total Operating Income As Reported": 44591000.0,
        "Diluted Average Shares": 31633000.0,
        "Basic Average Shares": 28877000.0,
        "Diluted EPS": 0.67,
        "Basic EPS": 0.73,
        "Diluted NI Availto Com Stockholders": 21220000.0,
        "Net Income Common Stockholders": 21220000.0,
        "Net Income": 21220000.0,
        "Net Income Including Noncontrolling Interests": 21220000.0,
        "Net Income Continuous Operations": 21220000.0,
        "Tax Provision": 7560000.0,
        "Pretax Income": 28780000.0,
        "Other Income Expense": -1783000.0,
        "Special Income Charges": -1783000.0,
        "Gain On Sale Of Ppe": -710000.0,
        "Other Special Charges": 1073000.0,
        "Net Non Operating Interest Income Expense": -14738000.0,
        "Interest Expense Non Operating": 14738000.0,
        "Operating Income": 45301000.0,
        "Operating Expense": 87969000.0,
        "Other Operating Expenses": 5350000.0,
        "Depreciation Amortization Depletion Income Statement": 25332000.0,
        "Depreciation And Amortization In Income Statement": 25332000.0,
        "Selling General And Administration": 57287000.0,
        "Gross Profit": 133270000.0,
        "Cost Of Revenue": 156102000.0,
        "Total Revenue": 289372000.0,
        "Operating Revenue": 274304000.0
    },
    "2022-03-31": {
        "Diluted EPS": 1.12,
        "Total Revenue": 274,
        "Gross Profit": 120,
        "Operating Income": 33,
        "EBIT": 60,
        "Net Income": 36
    },
    "2021-12-31": {
        "Diluted EPS": 0.52,
        "Total Revenue": 282,
        "Gross Profit": 122,
        "Operating Income": 34,
        "EBIT": 62,
        "Net Income": 19
    },
    "2021-09-30": {
        "Diluted EPS": 0.91,
        "Total Revenue": 282,
        "Gross Profit": 126,
        "Operating Income": 45,
        "EBIT": 73,
        "Net Income": 29
    },
    "2021-06-30": {
        "Diluted EPS": 3.26,
        "Total Revenue": 292,
        "Gross Profit": 141,
        "Operating Income": 60,
        "EBIT": 88,
        "Net Income": 103
    },
    "2021-03-31": {
        "Diluted EPS": 0.35,
        "Total Revenue": 240,
        "Gross Profit": 107,
        "Operating Income": 26,
        "EBIT": 55,
        "Net Income": 11
    },
    "2020-12-31": {
        "Diluted EPS": -0.65,
        "Total Revenue": 206,
        "Gross Profit": 82,
        "Operating Income": -1,
        "EBIT": 36,
        "Net Income": -18
    },
    "2020-09-30": {
        "Diluted EPS": -0.25,
        "Total Revenue": 205,
        "Gross Profit": 93,
        "Operating Income": 9,
        "EBIT": 42,
        "Net Income": -7
    },
    "2020-06-30": {
        "Diluted EPS": -2.8,
        "Total Revenue": 76,
        "Gross Profit": 25,
        "Operating Income": -62,
        "EBIT": -7,
        "Net Income": -79
    },
    "2020-03-31": {
        "Diluted EPS": -1.17,
        "Total Revenue": 207,
        "Gross Profit": 75,
        "Operating Income": -14,
        "EBIT": 25,
        "Net Income": -33
    },
    "2019-12-31": {
        "Diluted EPS": -0.28,
        "Total Revenue": 242,
        "Gross Profit": 97,
        "Operating Income": 11,
        "EBIT": 41,
        "Net Income": -8
    },
    "2019-09-30": {
        "Diluted EPS": -0.34,
        "Total Revenue": 243,
        "Gross Profit": 97,
        "Operating Income": 10,
        "EBIT": 40,
        "Net Income": -9
    },
    "2019-06-30": {
        "Diluted EPS": -0.52,
        "Total Revenue": 248,
        "Gross Profit": 103,
        "Operating Income": 14,
        "EBIT": 45,
        "Net Income": -14
    },
    "2019-03-31": {
        "Diluted EPS": -0.29,
        "Total Revenue": 240,
        "Gross Profit": 98,
        "Operating Income": 12,
        "EBIT": 40,
        "Net Income": -8
    },
    "2018-12-31": {
        "Diluted EPS": -0.9,
        "Total Revenue": 210,
        "Gross Profit": 80,
        "Operating Income": 5,
        "EBIT": 30,
        "Net Income": -25
    },
    "2018-09-30": {
        "Diluted EPS": -0.11,
        "Total Revenue": 210,
        "Gross Profit": 82,
        "Operating Income": 10,
        "EBIT": 34,
        "Net Income": -3
    },
    "2018-06-30": {
        "Diluted EPS": 0.12,
        "Total Revenue": 217,
        "Gross Profit": 87,
        "Operating Income": 19,
        "EBIT": 43,
        "Net Income": 4
    },
    "2018-03-31": {
        "Diluted EPS": 0.13,
        "Total Revenue": 215,
        "Gross Profit": 88,
        "Operating Income": 17,
        "EBIT": 43,
        "Net Income": 4
    },
    "2017-12-31": {
        "Diluted EPS": -0.58,
        "Total Revenue": 184,
        "Gross Profit": 68,
        "Operating Income": 5,
        "EBIT": 25,
        "Net Income": -14
    },
    "2017-09-30": {
        "Diluted EPS": 0.36,
        "Total Revenue": 108,
        "Gross Profit": 31,
        "Operating Income": 2,
        "EBIT": 10,
        "Net Income": 9
    },
    "2017-06-30": {
        "Diluted EPS": 0.07,
        "Total Revenue": 110,
        "Gross Profit": 32,
        "Operating Income": 3,
        "EBIT": 10,
        "Net Income": 2
    },
    "2017-03-31": {
        "Diluted EPS": 0.23,
        "Total Revenue": 106,
        "Gross Profit": 30,
        "Operating Income": 5,
        "EBIT": 12,
        "Net Income": 5
    },
    "2016-12-31": {
        "Diluted EPS": 0.45,
        "Total Revenue": 102,
        "Gross Profit": 27,
        "Operating Income": 1,
        "EBIT": 9,
        "Net Income": 10
    },
    "2016-09-30": {
        "Diluted EPS": 0.06,
        "Total Revenue": 104,
        "Gross Profit": 29,
        "Operating Income": 3,
        "EBIT": 10,
        "Net Income": 1
    },
    "2016-06-30": {
        "Diluted EPS": 0.12,
        "Total Revenue": 103,
        "Gross Profit": 29,
        "Operating Income": 5,
        "EBIT": 12,
        "Net Income": 3
    },
    "2016-03-31": {
        "Diluted EPS": 0.1,
        "Total Revenue": 91,
        "Gross Profit": 26,
        "Operating Income": 4,
        "EBIT": 10,
        "Net Income": 2
    },
    "2015-12-31": {
        "Diluted EPS": 1.41,
        "Total Revenue": 86,
        "Gross Profit": 25,
        "Operating Income": 27,
        "EBIT": 32,
        "Net Income": 23
    },
    "2015-09-30": {
        "Diluted EPS": 0.16,
        "Total Revenue": 63,
        "Gross Profit": 19,
        "Operating Income": -8,
        "EBIT": -2,
        "Net Income": 3
    },
    "2015-06-30": {
        "Diluted EPS": -0.01,
        "Total Revenue": 15,
        "Gross Profit": 7,
        "Operating Income": 0,
        "EBIT": 1,
        "Net Income": 0
    },
    "2015-03-31": {
        "Diluted EPS": -0.13,
        "Total Revenue": 13,
        "Gross Profit": 5,
        "Operating Income": -1,
        "EBIT": 0,
        "Net Income": -2
    },
    "2014-12-31": {
        "Diluted EPS": -0.01,
        "Total Revenue": 13,
        "Gross Profit": 5,
        "Operating Income": 0,
        "EBIT": 1,
        "Net Income": 0
    },
    "2014-09-30": {
        "Diluted EPS": -1.72,
        "Total Revenue": 16,
        "Gross Profit": 7,
        "Operating Income": -23,
        "EBIT": -22,
        "Net Income": -23
    },
    "2014-06-30": {
        "Diluted EPS": 0.0,
        "Total Revenue": 14,
        "Gross Profit": 6,
        "Operating Income": 0,
        "EBIT": 1,
        "Net Income": 0
    },
    "2014-03-31": {
        "Diluted EPS": -0.13,
        "Total Revenue": 12,
        "Gross Profit": 5,
        "Operating Income": -2,
        "EBIT": -1,
        "Net Income": -2
    },
    "2013-12-31": {
        "Diluted EPS": -0.06,
        "Total Revenue": 11,
        "Gross Profit": 4,
        "Operating Income": -2,
        "EBIT": -2,
        "Net Income": -1
    },
    "2013-09-30": {
        "Diluted EPS": 1.46,
        "Total Revenue": 15,
        "Gross Profit": 7,
        "Operating Income": 19,
        "EBIT": 19,
        "Net Income": 20
    },
    "2013-06-30": {
        "Diluted EPS": 0.02,
        "Total Revenue": 9,
        "Gross Profit": 5,
        "Operating Income": -1,
        "EBIT": -2,
        "Net Income": 0
    },
    "2013-03-31": {
        "Diluted EPS": -0.02,
        "Total Revenue": 3,
        "Gross Profit": 3,
        "Operating Income": -2,
        "EBIT": -2,
        "Net Income": 0
    },
    "2012-12-31": {
        "Diluted EPS": 0.14,
        "Total Revenue": 3,
        "Gross Profit": 2,
        "Operating Income": -2,
        "EBIT": -2,
        "Net Income": 2
    },
    "2012-09-30": {
        "Diluted EPS": -0.08,
        "Total Revenue": 4,
        "Gross Profit": 3,
        "Operating Income": -3,
        "EBIT": -3,
        "Net Income": -1
    },
    "2012-06-30": {
        "Diluted EPS": 0.04,
        "Total Revenue": 3,
        "Gross Profit": 3,
        "Operating Income": -1,
        "EBIT": -2,
        "Net Income": 0
    },
    "2012-03-31": {
        "Diluted EPS": 0.14,
        "Total Revenue": 2,
        "Gross Profit": 2,
        "Operating Income": -2,
        "EBIT": -2,
        "Net Income": 2
    },
    "2011-12-31": {
        "Diluted EPS": -0.96,
        "Total Revenue": 1,
        "Gross Profit": 1,
        "Operating Income": -17,
        "EBIT": -14,
        "Net Income": -13
    },
    "2011-09-30": {
        "Diluted EPS": -0.0,
        "Total Revenue": 0,
        "Gross Profit": 0,
        "Operating Income": -10,
        "EBIT": -11,
        "Net Income": 0
    },
    "2011-06-30": {
        "Diluted EPS": 0.72,
        "Total Revenue": 28,
        "Gross Profit": 28,
        "Operating Income": 16,
        "EBIT": 25,
        "Net Income": 9
    },
    "2011-03-31": {
        "Diluted EPS": 0.1,
        "Total Revenue": 6,
        "Gross Profit": 6,
        "Operating Income": 1,
        "EBIT": 3,
        "Net Income": 1
    },
    "2010-12-31": {
        "Diluted EPS": -2.12,
        "Total Revenue": 5,
        "Gross Profit": 5,
        "Operating Income": -39,
        "EBIT": -34,
        "Net Income": -28
    },
    "2010-09-30": {
        "Diluted EPS": 1.14,
        "Total Revenue": 8,
        "Gross Profit": 8,
        "Operating Income": 2,
        "EBIT": 3,
        "Net Income": 15
    },
    "2010-06-30": {
        "Diluted EPS": 0.3,
        "Total Revenue": 5,
        "Gross Profit": 5,
        "Operating Income": -3,
        "EBIT": 0,
        "Net Income": 4
    },
    "2010-03-31": {
        "Diluted EPS": -0.36,
        "Total Revenue": 7,
        "Gross Profit": 7,
        "Operating Income": 0,
        "EBIT": 3,
        "Net Income": -5
    },
    "2009-12-31": {
        "Diluted EPS": -0.2,
        "Total Revenue": 5,
        "Gross Profit": 5,
        "Operating Income": -3,
        "EBIT": 2,
        "Net Income": -2
    },
    "2009-09-30": {
        "Diluted EPS": 0.18,
        "Total Revenue": 7,
        "Gross Profit": 7,
        "Operating Income": 1,
        "EBIT": 1,
        "Net Income": 2
    },
    "2009-06-30": {
        "Diluted EPS": 0.22,
        "Total Revenue": 7,
        "Gross Profit": 7,
        "Operating Income": 1,
        "EBIT": 4,
        "Net Income": 3
    },
    "2009-03-31": {
        "Diluted EPS": 0.08,
        "Total Revenue": 7,
        "Gross Profit": 7,
        "Operating Income": 0,
        "EBIT": 3,
        "Net Income": 1
    },
    "2023-09-30": {
        "Tax Effect Of Unusual Items": 66616438.906236,
        "Tax Rate For Calcs": 0.217855,
        "Normalized EBITDA": 40138000.0,
        "Total Unusual Items": 305784000.0,
        "Total Unusual Items Excluding Goodwill": 305784000.0,
        "Net Income From Continuing Operation Net Minority Interest": 241216000.0,
        "Reconciled Depreciation": 22213000.0,
        "Reconciled Cost Of Revenue": 144374000.0,
        "EBITDA": 345922000.0,
        "EBIT": 323709000.0,
        "Net Interest Income": -15306000.0,
        "Interest Expense": 15306000.0,
        "Normalized Income": 2048438.906236,
        "Net Income From Continuing And Discontinued Operation": 241216000.0,
        "Total Expenses": 239801000.0,
        "Total Operating Income As Reported": 323709000.0,
        "Diluted Average Shares": 30794000.0,
        "Basic Average Shares": 28827000.0,
        "Diluted EPS": 7.83,
        "Basic EPS": 8.37,
        "Diluted NI Availto Com Stockholders": 241216000.0,
        "Net Income Common Stockholders": 241216000.0,
        "Net Income": 241216000.0,
        "Net Income Including Noncontrolling Interests": 241216000.0,
        "Net Income Continuous Operations": 241216000.0,
        "Tax Provision": 67187000.0,
        "Pretax Income": 308403000.0,
        "Other Income Expense": 305784000.0,
        "Special Income Charges": 305784000.0,
        "Gain On Sale Of Ppe": 5000.0,
        "Gain On Sale Of Business": 305829000.0,
        "Other Special Charges": 50000.0,
        "Net Non Operating Interest Income Expense": -15306000.0,
        "Interest Expense Non Operating": 15306000.0,
        "Operating Income": 17925000.0,
        "Operating Expense": 95427000.0,
        "Other Operating Expenses": 5487000.0,
        "Depreciation Amortization Depletion Income Statement": 22213000.0,
        "Depreciation And Amortization In Income Statement": 22213000.0,
        "Selling General And Administration": 67727000.0,
        "Gross Profit": 113352000.0,
        "Cost Of Revenue": 144374000.0,
        "Total Revenue": 257726000.0,
        "Operating Revenue": 241101000.0
    },
    "2023-12-31": {
        "Tax Effect Of Unusual Items": -3387930.0,
        "Tax Rate For Calcs": 0.21,
        "Normalized EBITDA": 43677000.0,
        "Total Unusual Items": -16133000.0,
        "Total Unusual Items Excluding Goodwill": -16133000.0,
        "Net Income From Continuing Operation Net Minority Interest": -9372000.0,
        "Reconciled Depreciation": 21758000.0,
        "Reconciled Cost Of Revenue": 123112000.0,
        "EBITDA": 27544000.0,
        "EBIT": 5786000.0,
        "Net Interest Income": -13170000.0,
        "Interest Expense": 13170000.0,
        "Normalized Income": 3373070.0,
        "Net Income From Continuing And Discontinued Operation": -9372000.0,
        "Total Expenses": 208772000.0,
        "Total Operating Income As Reported": 7115000.0,
        "Diluted Average Shares": NaN,
        "Basic Average Shares": NaN,
        "Diluted EPS": NaN,
        "Basic EPS": NaN,
        "Diluted NI Availto Com Stockholders": -9372000.0,
        "Net Income Common Stockholders": -9372000.0,
        "Net Income": -9372000.0,
        "Net Income Including Noncontrolling Interests": -9372000.0,
        "Net Income Continuous Operations": -9372000.0,
        "Tax Provision": 1988000.0,
        "Pretax Income": -7384000.0,
        "Other Income Expense": -16133000.0,
        "Special Income Charges": -16133000.0,
        "Gain On Sale Of Ppe": 103000.0,
        "Gain On Sale Of Business": -2650000.0,
        "Other Special Charges": 1514000.0,
        "Net Non Operating Interest Income Expense": -13170000.0,
        "Interest Expense Non Operating": 13170000.0,
        "Operating Income": 21919000.0,
        "Operating Expense": 85660000.0,
        "Other Operating Expenses": 5193000.0,
        "Depreciation Amortization Depletion Income Statement": 21758000.0,
        "Depreciation And Amortization In Income Statement": 21758000.0,
        "Selling General And Administration": 58709000.0,
        "Gross Profit": 107579000.0,
        "Cost Of Revenue": 123112000.0,
        "Total Revenue": 230691000.0,
        "Operating Revenue": 215515000.0
    },
    "2024-03-31": {
        "Tax Effect Of Unusual Items": 27554868.0,
        "Tax Rate For Calcs": 0.396,
        "Normalized EBITDA": 32679000.0,
        "Total Unusual Items": 69583000.0,
        "Total Unusual Items Excluding Goodwill": 69583000.0,
        "Net Income From Continuing Operation Net Minority Interest": 41963000.0,
        "Reconciled Depreciation": 22120000.0,
        "Reconciled Cost Of Revenue": 77301000.0,
        "EBITDA": 102262000.0,
        "EBIT": 80142000.0,
        "Net Interest Income": -10686000.0,
        "Interest Expense": 10686000.0,
        "Normalized Income": -65132.0,
        "Net Income From Continuing And Discontinued Operation": 41963000.0,
        "Total Expenses": 163488000.0,
        "Total Operating Income As Reported": 80142000.0,
        "Diluted Average Shares": 30679000.0,
        "Basic Average Shares": 28724000.0,
        "Diluted EPS": 1.37,
        "Basic EPS": 1.46,
        "Diluted NI Availto Com Stockholders": 41963000.0,
        "Net Income Common Stockholders": 41963000.0,
        "Net Income": 41963000.0,
        "Net Income Including Noncontrolling Interests": 41963000.0,
        "Net Income Continuous Operations": 41963000.0,
        "Tax Provision": 27493000.0,
        "Pretax Income": 69456000.0,
        "Other Income Expense": 69583000.0,
        "Special Income Charges": 69583000.0,
        "Gain On Sale Of Ppe": -14000.0,
        "Gain On Sale Of Business": 69736000.0,
        "Other Special Charges": 139000.0,
        "Net Non Operating Interest Income Expense": -10686000.0,
        "Interest Expense Non Operating": 10686000.0,
        "Operating Income": 10559000.0,
        "Operating Expense": 86187000.0,
        "Other Operating Expenses": 4080000.0,
        "Depreciation Amortization Depletion Income Statement": 22120000.0,
        "Depreciation And Amortization In Income Statement": 22120000.0,
        "Selling General And Administration": 59987000.0,
        "Gross Profit": 96746000.0,
        "Cost Of Revenue": 77301000.0,
        "Total Revenue": 174047000.0,
        "Operating Revenue": 160010000.0
    },
    "2024-06-30": {
        "Tax Effect Of Unusual Items": -1100820.0,
        "Tax Rate For Calcs": 0.21,
        "Normalized EBITDA": 36947000.0,
        "Total Unusual Items": -5242000.0,
        "Total Unusual Items Excluding Goodwill": -5242000.0,
        "Net Income From Continuing Operation Net Minority Interest": 623000.0,
        "Reconciled Depreciation": 22616000.0,
        "Reconciled Cost Of Revenue": 71516000.0,
        "EBITDA": 31705000.0,
        "EBIT": 9089000.0,
        "Net Interest Income": -8610000.0,
        "Interest Expense": 8610000.0,
        "Normalized Income": 4764180.0,
        "Net Income From Continuing And Discontinued Operation": 623000.0,
        "Total Expenses": 153003000.0,
        "Total Operating Income As Reported": 13535000.0,
        "Diluted Average Shares": 30234000.0,
        "Basic Average Shares": 28798000.0,
        "Diluted EPS": 0.02,
        "Basic EPS": 0.02,
        "Diluted NI Availto Com Stockholders": 623000.0,
        "Net Income Common Stockholders": 623000.0,
        "Net Income": 623000.0,
        "Net Income Including Noncontrolling Interests": 623000.0,
        "Net Income Continuous Operations": 623000.0,
        "Tax Provision": -144000.0,
        "Pretax Income": 479000.0,
        "Other Income Expense": -5242000.0,
        "Special Income Charges": -5242000.0,
        "Gain On Sale Of Ppe": 0.0,
        "Gain On Sale Of Business": -792000.0,
        "Other Special Charges": 4450000.0,
        "Net Non Operating Interest Income Expense": -8610000.0,
        "Interest Expense Non Operating": 8610000.0,
        "Operating Income": 14331000.0,
        "Operating Expense": 81487000.0,
        "Other Operating Expenses": 2784000.0,
        "Depreciation Amortization Depletion Income Statement": 22616000.0,
        "Depreciation And Amortization In Income Statement": 22616000.0,
        "Selling General And Administration": 56087000.0,
        "Gross Profit": 95818000.0,
        "Cost Of Revenue": 71516000.0,
        "Total Revenue": 167334000.0,
        "Operating Revenue": 152782000.0
    },
    "2024-09-30": {
        "Tax Effect Of Unusual Items": 4620.0,
        "Tax Rate For Calcs": 0.21,
        "Normalized EBITDA": 29332000.0,
        "Total Unusual Items": 22000.0,
        "Total Unusual Items Excluding Goodwill": 22000.0,
        "Net Income From Continuing Operation Net Minority Interest": 5167000.0,
        "Reconciled Depreciation": 22626000.0,
        "Reconciled Cost Of Revenue": 70569000.0,
        "EBITDA": 29354000.0,
        "EBIT": 6728000.0,
        "Net Interest Income": -7959000.0,
        "Interest Expense": 7959000.0,
        "Normalized Income": 5149620.0,
        "Net Income From Continuing And Discontinued Operation": 5167000.0,
        "Total Expenses": 154527000.0,
        "Total Operating Income As Reported": 6728000.0,
        "Diluted Average Shares": 29408000.0,
        "Basic Average Shares": 28153000.0,
        "Diluted EPS": 0.18,
        "Basic EPS": 0.18,
        "Diluted NI Availto Com Stockholders": 5167000.0,
        "Net Income Common Stockholders": 5167000.0,
        "Net Income": 5167000.0,
        "Net Income Including Noncontrolling Interests": 5167000.0,
        "Net Income Continuous Operations": 5167000.0,
        "Tax Provision": -6398000.0,
        "Pretax Income": -1231000.0,
        "Other Income Expense": 22000.0,
        "Special Income Charges": 22000.0,
        "Gain On Sale Of Ppe": 256000.0,
        "Gain On Sale Of Business": 0.0,
        "Other Special Charges": 234000.0,
        "Net Non Operating Interest Income Expense": -7959000.0,
        "Interest Expense Non Operating": 7959000.0,
        "Operating Income": 6706000.0,
        "Operating Expense": 83958000.0,
        "Other Operating Expenses": 4276000.0,
        "Depreciation Amortization Depletion Income Statement": 22626000.0,
        "Depreciation And Amortization In Income Statement": 22626000.0,
        "Selling General And Administration": 57056000.0,
        "Gross Profit": 90664000.0,
        "Cost Of Revenue": 70569000.0,
        "Total Revenue": 161233000.0,
        "Operating Revenue": 146471000.0
    }
}