{
    "2022-12-31": {
        "Tax Effect Of Unusual Items": -405446.560227,
        "Tax Rate For Calcs": 0.004088,
        "Normalized EBITDA": 860000.0,
        "Total Unusual Items": -99174000.0,
        "Total Unusual Items Excluding Goodwill": -99174000.0,
        "Net Income From Continuing Operation Net Minority Interest": -100365000.0,
        "Reconciled Depreciation": 1542000.0,
        "Reconciled Cost Of Revenue": 58319000.0,
        "EBITDA": -98314000.0,
        "EBIT": -101707000.0,
        "Net Interest Income": 2213000.0,
        "Interest Expense": -930000.0,
        "Interest Income": NaN,
        "Normalized Income": -1596446.560227,
        "Net Income From Continuing And Discontinued Operation": -76960000.0,
        "Total Expenses": 102590000.0,
        "Total Operating Income As Reported": -97871000.0,
        "Diluted Average Shares": NaN,
        "Basic Average Shares": NaN,
        "Diluted EPS": NaN,
        "Basic EPS": NaN,
        "Diluted NI Availto Com Stockholders": -76960000.0,
        "Net Income Common Stockholders": -76960000.0,
        "Net Income": -76960000.0,
        "Minority Interests": 0.0,
        "Net Income Including Noncontrolling Interests": -76960000.0,
        "Net Income Discontinuous Operations": NaN,
        "Net Income Continuous Operations": -100365000.0,
        "Tax Provision": -412000.0,
        "Pretax Income": -100777000.0,
        "Other Income Expense": -103450000.0,
        "Special Income Charges": -98435000.0,
        "Gain On Sale Of Business": NaN,
        "Write Off": NaN,
        "Restructuring And Mergern Acquisition": 104000.0,
        "Earnings From Equity Interest": -4276000.0,
        "Gain On Sale Of Security": -739000.0,
        "Net Non Operating Interest Income Expense": 2213000.0,
        "Total Other Finance Cost": NaN,
        "Interest Expense Non Operating": -930000.0,
        "Interest Income Non Operating": NaN,
        "Operating Income": 460000.0,
        "Operating Expense": 46122000.0,
        "Other Operating Expenses": NaN,
        "Depreciation Amortization Depletion Income Statement": 3393000.0,
        "Depreciation And Amortization In Income Statement": 3393000.0,
        "Selling General And Administration": 37567000.0,
        "Selling And Marketing Expense": 34888000.0,
        "General And Administrative Expense": 2679000.0,
        "Other Gand A": -21883000.0,
        "Insurance And Claims": NaN,
        "Salaries And Wages": NaN,
        "Gross Profit": 46582000.0,
        "Cost Of Revenue": 56468000.0,
        "Total Revenue": 103050000.0,
        "Operating Revenue": 103050000.0
    },
    "2022-09-30": {
        "Tax Effect Of Unusual Items": -905715.295573,
        "Tax Rate For Calcs": 0.068304,
        "Normalized EBITDA": 49049000.0,
        "Total Unusual Items": -13260000.0,
        "Total Unusual Items Excluding Goodwill": -13260000.0,
        "Net Income From Continuing Operation Net Minority Interest": 31200000.0,
        "Reconciled Depreciation": 1742000.0,
        "Reconciled Cost Of Revenue": 46103000.0,
        "EBITDA": 35789000.0,
        "EBIT": 34047000.0,
        "Net Interest Income": 369000.0,
        "Interest Expense": 96000.0,
        "Interest Income": 536000.0,
        "Normalized Income": 43554284.704427,
        "Net Income From Continuing And Discontinued Operation": 31200000.0,
        "Total Expenses": 76968000.0,
        "Total Operating Income As Reported": 44129000.0,
        "Diluted Average Shares": 197971371.0,
        "Basic Average Shares": 197971371.0,
        "Diluted EPS": 0.16,
        "Basic EPS": 0.16,
        "Diluted NI Availto Com Stockholders": 31200000.0,
        "Net Income Common Stockholders": 31200000.0,
        "Net Income": 31200000.0,
        "Minority Interests": -432000.0,
        "Net Income Including Noncontrolling Interests": 31632000.0,
        "Net Income Discontinuous Operations": -3034000.0,
        "Net Income Continuous Operations": 31632000.0,
        "Tax Provision": 2319000.0,
        "Pretax Income": 33951000.0,
        "Other Income Expense": -17465000.0,
        "Special Income Charges": -6918000.0,
        "Gain On Sale Of Business": -4969000.0,
        "Write Off": 1949000.0,
        "Restructuring And Mergern Acquisition": 0.0,
        "Earnings From Equity Interest": -4205000.0,
        "Gain On Sale Of Security": -6342000.0,
        "Net Non Operating Interest Income Expense": 369000.0,
        "Total Other Finance Cost": 71000.0,
        "Interest Expense Non Operating": 96000.0,
        "Interest Income Non Operating": 536000.0,
        "Operating Income": 51047000.0,
        "Operating Expense": 30865000.0,
        "Other Operating Expenses": 3481000.0,
        "Depreciation Amortization Depletion Income Statement": 1742000.0,
        "Depreciation And Amortization In Income Statement": 1742000.0,
        "Selling General And Administration": 25642000.0,
        "Selling And Marketing Expense": 19435000.0,
        "General And Administrative Expense": 6207000.0,
        "Other Gand A": 543000.0,
        "Insurance And Claims": 383000.0,
        "Salaries And Wages": 5281000.0,
        "Gross Profit": 81912000.0,
        "Cost Of Revenue": 46103000.0,
        "Total Revenue": 128015000.0,
        "Operating Revenue": 128015000.0
    },
    "2022-06-30": {
        "Tax Effect Of Unusual Items": 17122.18054,
        "Tax Rate For Calcs": 0.029726,
        "Normalized EBITDA": 44800000.0,
        "Total Unusual Items": 576000.0,
        "Total Unusual Items Excluding Goodwill": 576000.0,
        "Net Income From Continuing Operation Net Minority Interest": 41172000.0,
        "Reconciled Depreciation": 2150000.0,
        "Reconciled Cost Of Revenue": 37922000.0,
        "EBITDA": 45376000.0,
        "EBIT": 43226000.0,
        "Net Interest Income": 1612000.0,
        "Interest Expense": NaN,
        "Interest Income": 1612000.0,
        "Normalized Income": 40613122.18054,
        "Net Income From Continuing And Discontinued Operation": 29634000.0,
        "Total Expenses": 82540000.0,
        "Total Operating Income As Reported": 43226000.0,
        "Diluted Average Shares": 197971371.0,
        "Basic Average Shares": 197971371.0,
        "Diluted EPS": 0.15,
        "Basic EPS": 0.15,
        "Diluted NI Availto Com Stockholders": 29634000.0,
        "Net Income Common Stockholders": 29634000.0,
        "Net Income": 29634000.0,
        "Minority Interests": 307000.0,
        "Net Income Including Noncontrolling Interests": 29328000.0,
        "Net Income Discontinuous Operations": -11538000.0,
        "Net Income Continuous Operations": 40866000.0,
        "Tax Provision": 1252000.0,
        "Pretax Income": 42118000.0,
        "Other Income Expense": -2720000.0,
        "Special Income Charges": NaN,
        "Restructuring And Mergern Acquisition": NaN,
        "Earnings From Equity Interest": -3296000.0,
        "Gain On Sale Of Security": 576000.0,
        "Net Non Operating Interest Income Expense": 1612000.0,
        "Interest Expense Non Operating": NaN,
        "Interest Income Non Operating": 1612000.0,
        "Operating Income": 43226000.0,
        "Operating Expense": 43842000.0,
        "Depreciation Amortization Depletion Income Statement": 1374000.0,
        "Depreciation And Amortization In Income Statement": 1374000.0,
        "Selling General And Administration": 42468000.0,
        "Selling And Marketing Expense": 35027000.0,
        "General And Administrative Expense": 7441000.0,
        "Other Gand A": 7441000.0,
        "Gross Profit": 87068000.0,
        "Cost Of Revenue": 38698000.0,
        "Total Revenue": 125766000.0,
        "Operating Revenue": 125766000.0
    },
    "2022-03-31": {
        "Diluted EPS": 0.12,
        "Total Revenue": 126,
        "Gross Profit": 117,
        "Operating Income": 17,
        "EBIT": 18,
        "Net Income": 23
    },
    "2021-12-31": {
        "Diluted EPS": 0.13,
        "Total Revenue": 123,
        "Gross Profit": 111,
        "Operating Income": 13,
        "EBIT": 14,
        "Net Income": 18
    },
    "2021-09-30": {
        "Diluted EPS": -0.59,
        "Total Revenue": 115,
        "Gross Profit": 113,
        "Operating Income": -111,
        "EBIT": -111,
        "Net Income": -104
    },
    "2021-06-30": {
        "Diluted EPS": -0.11,
        "Total Revenue": 110,
        "Gross Profit": 108,
        "Operating Income": -16,
        "EBIT": -15,
        "Net Income": -20
    },
    "2021-03-31": {
        "Diluted EPS": -0.07,
        "Total Revenue": 87,
        "Gross Profit": 83,
        "Operating Income": -10,
        "EBIT": -9,
        "Net Income": -12
    },
    "2020-12-31": {
        "Diluted EPS": 0.0,
        "Total Revenue": NaN,
        "Gross Profit": NaN,
        "Operating Income": NaN,
        "EBIT": NaN,
        "Net Income": NaN
    },
    "2020-09-30": {
        "Diluted EPS": -0.06,
        "Total Revenue": 65,
        "Gross Profit": 60,
        "Operating Income": -12,
        "EBIT": -11,
        "Net Income": -11
    },
    "2020-06-30": {
        "Diluted EPS": 520.0,
        "Total Revenue": 63,
        "Gross Profit": 60,
        "Operating Income": 10,
        "EBIT": 10,
        "Net Income": 10
    },
    "2019-12-31": {
        "Diluted EPS": 0.0,
        "Total Revenue": NaN,
        "Gross Profit": NaN,
        "Operating Income": NaN,
        "EBIT": NaN,
        "Net Income": NaN
    },
    "2023-09-30": {
        "Tax Effect Of Unusual Items": -363389.535344,
        "Tax Rate For Calcs": 0.062653,
        "Normalized EBITDA": 32930000.0,
        "Total Unusual Items": -5800000.0,
        "Total Unusual Items Excluding Goodwill": -5800000.0,
        "Net Income From Continuing Operation Net Minority Interest": 23683000.0,
        "Reconciled Depreciation": 1749000.0,
        "Reconciled Cost Of Revenue": 39920000.0,
        "EBITDA": 27130000.0,
        "EBIT": 25381000.0,
        "Net Interest Income": 898000.0,
        "Interest Expense": 115000.0,
        "Interest Income": 1101000.0,
        "Normalized Income": 29119610.464656,
        "Net Income From Continuing And Discontinued Operation": 23683000.0,
        "Total Expenses": 91127000.0,
        "Total Operating Income As Reported": 28957000.0,
        "Diluted Average Shares": 197389502.0,
        "Basic Average Shares": 197389502.0,
        "Diluted EPS": 0.12,
        "Basic EPS": 0.12,
        "Diluted NI Availto Com Stockholders": 23683000.0,
        "Net Income Common Stockholders": 23683000.0,
        "Net Income": 23683000.0,
        "Minority Interests": 0.0,
        "Net Income Including Noncontrolling Interests": 23683000.0,
        "Net Income Discontinuous Operations": NaN,
        "Net Income Continuous Operations": 23683000.0,
        "Tax Provision": 1583000.0,
        "Pretax Income": 25266000.0,
        "Other Income Expense": -5800000.0,
        "Special Income Charges": -1211000.0,
        "Gain On Sale Of Business": 0.0,
        "Write Off": 1211000.0,
        "Restructuring And Mergern Acquisition": NaN,
        "Earnings From Equity Interest": 0.0,
        "Gain On Sale Of Security": -4589000.0,
        "Net Non Operating Interest Income Expense": 898000.0,
        "Total Other Finance Cost": 88000.0,
        "Interest Expense Non Operating": 115000.0,
        "Interest Income Non Operating": 1101000.0,
        "Operating Income": 30168000.0,
        "Operating Expense": 51207000.0,
        "Other Operating Expenses": 312000.0,
        "Depreciation Amortization Depletion Income Statement": 1749000.0,
        "Depreciation And Amortization In Income Statement": 1749000.0,
        "Selling General And Administration": 49146000.0,
        "Selling And Marketing Expense": 40948000.0,
        "General And Administrative Expense": 8198000.0,
        "Other Gand A": 1719000.0,
        "Insurance And Claims": 363000.0,
        "Salaries And Wages": 6116000.0,
        "Gross Profit": 81375000.0,
        "Cost Of Revenue": 39920000.0,
        "Total Revenue": 121295000.0,
        "Operating Revenue": 121295000.0
    },
    "2023-12-31": {
        "Tax Effect Of Unusual Items": 283786.694826,
        "Tax Rate For Calcs": 0.099261,
        "Normalized EBITDA": 10925000.0,
        "Total Unusual Items": 2859000.0,
        "Total Unusual Items Excluding Goodwill": 2859000.0,
        "Net Income From Continuing Operation Net Minority Interest": 11089000.0,
        "Reconciled Depreciation": 1624000.0,
        "Reconciled Cost Of Revenue": 37556000.0,
        "EBITDA": 13784000.0,
        "EBIT": 12160000.0,
        "Net Interest Income": 970000.0,
        "Interest Expense": -151000.0,
        "Interest Income": 907000.0,
        "Normalized Income": 8513786.694826,
        "Net Income From Continuing And Discontinued Operation": 11089000.0,
        "Total Expenses": 100633000.0,
        "Total Operating Income As Reported": 8070000.0,
        "Diluted Average Shares": NaN,
        "Basic Average Shares": NaN,
        "Diluted EPS": NaN,
        "Basic EPS": NaN,
        "Diluted NI Availto Com Stockholders": 11089000.0,
        "Net Income Common Stockholders": 11089000.0,
        "Net Income": 11089000.0,
        "Minority Interests": 0.0,
        "Net Income Including Noncontrolling Interests": 11089000.0,
        "Net Income Discontinuous Operations": NaN,
        "Net Income Continuous Operations": 11089000.0,
        "Tax Provision": 1222000.0,
        "Pretax Income": 12311000.0,
        "Other Income Expense": 2859000.0,
        "Special Income Charges": -412000.0,
        "Gain On Sale Of Business": 0.0,
        "Write Off": 412000.0,
        "Restructuring And Mergern Acquisition": NaN,
        "Earnings From Equity Interest": 0.0,
        "Gain On Sale Of Security": 3271000.0,
        "Net Non Operating Interest Income Expense": 970000.0,
        "Total Other Finance Cost": 88000.0,
        "Interest Expense Non Operating": -151000.0,
        "Interest Income Non Operating": 907000.0,
        "Operating Income": 8482000.0,
        "Operating Expense": 63077000.0,
        "Other Operating Expenses": 1964000.0,
        "Depreciation Amortization Depletion Income Statement": 1624000.0,
        "Depreciation And Amortization In Income Statement": 1624000.0,
        "Selling General And Administration": 59489000.0,
        "Selling And Marketing Expense": 52114000.0,
        "General And Administrative Expense": 7375000.0,
        "Other Gand A": 1663000.0,
        "Insurance And Claims": 300000.0,
        "Salaries And Wages": 5412000.0,
        "Gross Profit": 71559000.0,
        "Cost Of Revenue": 37556000.0,
        "Total Revenue": 109115000.0,
        "Operating Revenue": 109115000.0
    }
}