{
    "2023-03-31": {
        "Tax Effect Of Unusual Items": 0.0,
        "Tax Rate For Calcs": 0.223,
        "Normalized EBITDA": 68716000.0,
        "Net Income From Continuing Operation Net Minority Interest": 36012000.0,
        "Reconciled Depreciation": 19365000.0,
        "Reconciled Cost Of Revenue": 215479000.0,
        "EBITDA": 68716000.0,
        "EBIT": 49351000.0,
        "Net Interest Income": -1644000.0,
        "Interest Expense": 1644000.0,
        "Normalized Income": 36012000.0,
        "Net Income From Continuing And Discontinued Operation": 36012000.0,
        "Total Expenses": 367029000.0,
        "Total Operating Income As Reported": 50995000.0,
        "Diluted Average Shares": 52021000.0,
        "Basic Average Shares": 51813000.0,
        "Diluted EPS": 0.69,
        "Basic EPS": 0.7,
        "Diluted NI Availto Com Stockholders": 36012000.0,
        "Average Dilution Earnings": NaN,
        "Net Income Common Stockholders": 36012000.0,
        "Otherunder Preferred Stock Dividend": NaN,
        "Net Income": 36012000.0,
        "Net Income Including Noncontrolling Interests": 36012000.0,
        "Net Income Continuous Operations": 36012000.0,
        "Tax Provision": 10315000.0,
        "Pretax Income": 46327000.0,
        "Other Income Expense": -3024000.0,
        "Other Non Operating Income Expenses": -3024000.0,
        "Net Non Operating Interest Income Expense": -1644000.0,
        "Interest Expense Non Operating": 1644000.0,
        "Operating Income": 49351000.0,
        "Operating Expense": 151550000.0,
        "Selling General And Administration": 151550000.0,
        "Selling And Marketing Expense": 75212000.0,
        "General And Administrative Expense": 76338000.0,
        "Other Gand A": 76338000.0,
        "Gross Profit": 200901000.0,
        "Cost Of Revenue": 215479000.0,
        "Total Revenue": 416380000.0,
        "Operating Revenue": 416380000.0
    },
    "2022-12-31": {
        "Tax Effect Of Unusual Items": 0.0,
        "Tax Rate For Calcs": 0.137875,
        "Normalized EBITDA": 27851000.0,
        "Net Income From Continuing Operation Net Minority Interest": 5884000.0,
        "Reconciled Depreciation": 19884000.0,
        "Reconciled Cost Of Revenue": 190027000.0,
        "EBITDA": 27851000.0,
        "EBIT": 7967000.0,
        "Net Interest Income": -112000.0,
        "Interest Expense": 112000.0,
        "Normalized Income": 5884000.0,
        "Net Income From Continuing And Discontinued Operation": 5884000.0,
        "Total Expenses": 334465000.0,
        "Total Operating Income As Reported": 8079000.0,
        "Diluted Average Shares": 52299000.0,
        "Basic Average Shares": 51901000.0,
        "Diluted EPS": 0.11,
        "Basic EPS": 0.11,
        "Diluted NI Availto Com Stockholders": 5910000.0,
        "Average Dilution Earnings": 0.0,
        "Net Income Common Stockholders": 5910000.0,
        "Otherunder Preferred Stock Dividend": -26000.0,
        "Net Income": 5884000.0,
        "Net Income Including Noncontrolling Interests": 5884000.0,
        "Net Income Continuous Operations": 5884000.0,
        "Tax Provision": 941000.0,
        "Pretax Income": 6825000.0,
        "Other Income Expense": -1142000.0,
        "Other Non Operating Income Expenses": -1142000.0,
        "Net Non Operating Interest Income Expense": -112000.0,
        "Interest Expense Non Operating": 112000.0,
        "Operating Income": 7967000.0,
        "Operating Expense": 144438000.0,
        "Selling General And Administration": 144438000.0,
        "Selling And Marketing Expense": 70002000.0,
        "General And Administrative Expense": 74436000.0,
        "Other Gand A": 74436000.0,
        "Gross Profit": 152405000.0,
        "Cost Of Revenue": 190027000.0,
        "Total Revenue": 342432000.0,
        "Operating Revenue": 342432000.0
    },
    "2022-09-30": {
        "Tax Effect Of Unusual Items": 0.0,
        "Tax Rate For Calcs": 0.276,
        "Normalized EBITDA": 26662000.0,
        "Net Income From Continuing Operation Net Minority Interest": 4696000.0,
        "Reconciled Depreciation": 20146000.0,
        "Reconciled Cost Of Revenue": 187129000.0,
        "EBITDA": 26662000.0,
        "EBIT": 6516000.0,
        "Net Interest Income": -27000.0,
        "Interest Expense": 27000.0,
        "Normalized Income": 4696000.0,
        "Net Income From Continuing And Discontinued Operation": 4696000.0,
        "Total Expenses": 332983000.0,
        "Total Operating Income As Reported": 10765000.0,
        "Diluted Average Shares": 53382000.0,
        "Basic Average Shares": 53053000.0,
        "Diluted EPS": 0.09,
        "Basic EPS": 0.09,
        "Diluted NI Availto Com Stockholders": 4686000.0,
        "Average Dilution Earnings": 0.0,
        "Net Income Common Stockholders": 4686000.0,
        "Otherunder Preferred Stock Dividend": 10000.0,
        "Net Income": 4696000.0,
        "Net Income Including Noncontrolling Interests": 4696000.0,
        "Net Income Continuous Operations": 4696000.0,
        "Tax Provision": 1793000.0,
        "Pretax Income": 6489000.0,
        "Other Income Expense": -4249000.0,
        "Other Non Operating Income Expenses": -4249000.0,
        "Net Non Operating Interest Income Expense": -27000.0,
        "Interest Expense Non Operating": 27000.0,
        "Operating Income": 10765000.0,
        "Operating Expense": 145854000.0,
        "Selling General And Administration": 145854000.0,
        "Selling And Marketing Expense": 66996000.0,
        "General And Administrative Expense": 78858000.0,
        "Other Gand A": 78858000.0,
        "Gross Profit": 156619000.0,
        "Cost Of Revenue": 187129000.0,
        "Total Revenue": 343748000.0,
        "Operating Revenue": 343748000.0
    },
    "2022-06-30": {
        "Tax Effect Of Unusual Items": 0.0,
        "Tax Rate For Calcs": 0.244767,
        "Normalized EBITDA": 40160000.0,
        "Net Income From Continuing Operation Net Minority Interest": 15008000.0,
        "Reconciled Depreciation": 20259000.0,
        "Reconciled Cost Of Revenue": 169999000.0,
        "EBITDA": 40160000.0,
        "EBIT": 19901000.0,
        "Net Interest Income": -29000.0,
        "Interest Expense": 29000.0,
        "Normalized Income": 15008000.0,
        "Net Income From Continuing And Discontinued Operation": 15008000.0,
        "Total Expenses": 338830000.0,
        "Total Operating Income As Reported": 23939000.0,
        "Diluted Average Shares": 54389000.0,
        "Basic Average Shares": 53928000.0,
        "Diluted EPS": 0.27,
        "Basic EPS": 0.28,
        "Diluted NI Availto Com Stockholders": 15008000.0,
        "Average Dilution Earnings": 1000.0,
        "Net Income Common Stockholders": 15008000.0,
        "Otherunder Preferred Stock Dividend": 53000.0,
        "Net Income": 15008000.0,
        "Net Income Including Noncontrolling Interests": 15008000.0,
        "Net Income Continuous Operations": 15008000.0,
        "Tax Provision": 4864000.0,
        "Pretax Income": 19872000.0,
        "Other Income Expense": -4038000.0,
        "Other Non Operating Income Expenses": -4038000.0,
        "Net Non Operating Interest Income Expense": -29000.0,
        "Interest Expense Non Operating": 29000.0,
        "Operating Income": 23939000.0,
        "Operating Expense": 168831000.0,
        "Selling General And Administration": 168831000.0,
        "Selling And Marketing Expense": 77376000.0,
        "General And Administrative Expense": 91455000.0,
        "Other Gand A": 91455000.0,
        "Gross Profit": 192770000.0,
        "Cost Of Revenue": 169999000.0,
        "Total Revenue": 362769000.0,
        "Operating Revenue": 362769000.0
    },
    "2022-03-31": {
        "Diluted EPS": 0.7,
        "Total Revenue": 401,
        "Gross Profit": 401,
        "Operating Income": 52,
        "EBIT": 72,
        "Net Income": 39
    },
    "2021-12-31": {
        "Diluted EPS": -0.19,
        "Total Revenue": 331,
        "Gross Profit": 331,
        "Operating Income": -8,
        "EBIT": 14,
        "Net Income": -11
    },
    "2021-09-30": {
        "Diluted EPS": 0.13,
        "Total Revenue": 339,
        "Gross Profit": 339,
        "Operating Income": 9,
        "EBIT": 32,
        "Net Income": 7
    },
    "2021-06-30": {
        "Diluted EPS": 0.45,
        "Total Revenue": 369,
        "Gross Profit": 369,
        "Operating Income": 32,
        "EBIT": 54,
        "Net Income": 25
    },
    "2021-03-31": {
        "Diluted EPS": 0.46,
        "Total Revenue": 393,
        "Gross Profit": 393,
        "Operating Income": 34,
        "EBIT": 55,
        "Net Income": 26
    },
    "2020-12-31": {
        "Diluted EPS": -0.45,
        "Total Revenue": 284,
        "Gross Profit": 284,
        "Operating Income": -32,
        "EBIT": -9,
        "Net Income": -24
    },
    "2020-09-30": {
        "Diluted EPS": -0.06,
        "Total Revenue": 291,
        "Gross Profit": 291,
        "Operating Income": -3,
        "EBIT": 19,
        "Net Income": -3
    },
    "2020-06-30": {
        "Diluted EPS": 0.06,
        "Total Revenue": 316,
        "Gross Profit": 316,
        "Operating Income": 5,
        "EBIT": 27,
        "Net Income": 3
    },
    "2020-03-31": {
        "Diluted EPS": 0.87,
        "Total Revenue": 362,
        "Gross Profit": 362,
        "Operating Income": 59,
        "EBIT": 80,
        "Net Income": 47
    },
    "2019-12-31": {
        "Diluted EPS": 0.08,
        "Total Revenue": 249,
        "Gross Profit": 249,
        "Operating Income": 0,
        "EBIT": 20,
        "Net Income": 2
    },
    "2019-09-30": {
        "Diluted EPS": -0.01,
        "Total Revenue": 240,
        "Gross Profit": 240,
        "Operating Income": -2,
        "EBIT": 19,
        "Net Income": -1
    },
    "2019-06-30": {
        "Diluted EPS": 0.64,
        "Total Revenue": 278,
        "Gross Profit": 278,
        "Operating Income": 44,
        "EBIT": 64,
        "Net Income": 35
    },
    "2019-03-31": {
        "Diluted EPS": 1.17,
        "Total Revenue": 341,
        "Gross Profit": 341,
        "Operating Income": 81,
        "EBIT": 101,
        "Net Income": 64
    },
    "2018-12-31": {
        "Diluted EPS": 0.26,
        "Total Revenue": 245,
        "Gross Profit": 245,
        "Operating Income": 15,
        "EBIT": 35,
        "Net Income": 14
    },
    "2018-09-30": {
        "Diluted EPS": 0.08,
        "Total Revenue": 236,
        "Gross Profit": 236,
        "Operating Income": 1,
        "EBIT": 19,
        "Net Income": 5
    },
    "2018-06-30": {
        "Diluted EPS": 0.55,
        "Total Revenue": 264,
        "Gross Profit": 264,
        "Operating Income": 33,
        "EBIT": 51,
        "Net Income": 30
    },
    "2018-03-31": {
        "Diluted EPS": 1.29,
        "Total Revenue": 320,
        "Gross Profit": 320,
        "Operating Income": 82,
        "EBIT": 100,
        "Net Income": 70
    },
    "2017-12-31": {
        "Diluted EPS": 0.2,
        "Total Revenue": 224,
        "Gross Profit": 224,
        "Operating Income": 15,
        "EBIT": 32,
        "Net Income": 12
    },
    "2017-09-30": {
        "Diluted EPS": 0.26,
        "Total Revenue": 202,
        "Gross Profit": 202,
        "Operating Income": 13,
        "EBIT": 30,
        "Net Income": 14
    },
    "2017-06-30": {
        "Diluted EPS": 0.37,
        "Total Revenue": 223,
        "Gross Profit": 223,
        "Operating Income": 20,
        "EBIT": 38,
        "Net Income": 19
    },
    "2017-03-31": {
        "Diluted EPS": 0.78,
        "Total Revenue": 253,
        "Gross Profit": 253,
        "Operating Income": 61,
        "EBIT": 77,
        "Net Income": 41
    },
    "2016-12-31": {
        "Diluted EPS": -0.03,
        "Total Revenue": 163,
        "Gross Profit": 163,
        "Operating Income": -4,
        "EBIT": 12,
        "Net Income": -1
    },
    "2016-09-30": {
        "Diluted EPS": 0.04,
        "Total Revenue": 154,
        "Gross Profit": 154,
        "Operating Income": -1,
        "EBIT": 15,
        "Net Income": 2
    },
    "2016-06-30": {
        "Diluted EPS": 0.16,
        "Total Revenue": 173,
        "Gross Profit": 173,
        "Operating Income": 13,
        "EBIT": 30,
        "Net Income": 8
    },
    "2016-03-31": {
        "Diluted EPS": 0.63,
        "Total Revenue": 228,
        "Gross Profit": 228,
        "Operating Income": 54,
        "EBIT": 72,
        "Net Income": 32
    },
    "2015-12-31": {
        "Diluted EPS": -0.1,
        "Total Revenue": 151,
        "Gross Profit": 151,
        "Operating Income": -12,
        "EBIT": 5,
        "Net Income": -6
    },
    "2015-09-30": {
        "Diluted EPS": 0.0,
        "Total Revenue": 146,
        "Gross Profit": 146,
        "Operating Income": -2,
        "EBIT": 14,
        "Net Income": 0
    },
    "2015-06-30": {
        "Diluted EPS": 0.06,
        "Total Revenue": 170,
        "Gross Profit": 170,
        "Operating Income": 7,
        "EBIT": 23,
        "Net Income": 3
    },
    "2015-03-31": {
        "Diluted EPS": 0.76,
        "Total Revenue": 227,
        "Gross Profit": 227,
        "Operating Income": 66,
        "EBIT": 81,
        "Net Income": 40
    },
    "2014-12-31": {
        "Diluted EPS": -0.04,
        "Total Revenue": 151,
        "Gross Profit": 151,
        "Operating Income": 0,
        "EBIT": 14,
        "Net Income": 0
    },
    "2014-09-30": {
        "Diluted EPS": 0.3,
        "Total Revenue": 145,
        "Gross Profit": 145,
        "Operating Income": 13,
        "EBIT": 22,
        "Net Income": 12
    },
    "2014-06-30": {
        "Diluted EPS": 0.31,
        "Total Revenue": 147,
        "Gross Profit": 147,
        "Operating Income": 22,
        "EBIT": 30,
        "Net Income": 13
    },
    "2014-03-31": {
        "Diluted EPS": 0.33,
        "Total Revenue": 159,
        "Gross Profit": 159,
        "Operating Income": 24,
        "EBIT": 32,
        "Net Income": 13
    },
    "2013-12-31": {
        "Diluted EPS": 0.03,
        "Total Revenue": 142,
        "Gross Profit": 142,
        "Operating Income": 0,
        "EBIT": 8,
        "Net Income": 1
    },
    "2013-09-30": {
        "Diluted EPS": 0.13,
        "Total Revenue": 137,
        "Gross Profit": 137,
        "Operating Income": 8,
        "EBIT": 15,
        "Net Income": 5
    },
    "2013-06-30": {
        "Diluted EPS": 0.25,
        "Total Revenue": 141,
        "Gross Profit": 141,
        "Operating Income": 17,
        "EBIT": 24,
        "Net Income": 10
    },
    "2013-03-31": {
        "Diluted EPS": 0.35,
        "Total Revenue": 154,
        "Gross Profit": 154,
        "Operating Income": 23,
        "EBIT": 30,
        "Net Income": 13
    },
    "2012-12-31": {
        "Diluted EPS": 0.32,
        "Total Revenue": 137,
        "Gross Profit": 137,
        "Operating Income": 14,
        "EBIT": 20,
        "Net Income": 9
    },
    "2012-09-30": {
        "Diluted EPS": 0.22,
        "Total Revenue": 133,
        "Gross Profit": 133,
        "Operating Income": 15,
        "EBIT": 20,
        "Net Income": 8
    },
    "2012-06-30": {
        "Diluted EPS": 0.22,
        "Total Revenue": 135,
        "Gross Profit": 135,
        "Operating Income": 17,
        "EBIT": 22,
        "Net Income": 9
    },
    "2012-03-31": {
        "Diluted EPS": 0.32,
        "Total Revenue": 141,
        "Gross Profit": 141,
        "Operating Income": 26,
        "EBIT": 30,
        "Net Income": 14
    },
    "2011-12-31": {
        "Diluted EPS": 0.23,
        "Total Revenue": 120,
        "Gross Profit": 120,
        "Operating Income": 22,
        "EBIT": 26,
        "Net Income": 13
    },
    "2011-09-30": {
        "Diluted EPS": 0.22,
        "Total Revenue": 115,
        "Gross Profit": 115,
        "Operating Income": 21,
        "EBIT": 25,
        "Net Income": 13
    },
    "2011-06-30": {
        "Diluted EPS": 0.19,
        "Total Revenue": 115,
        "Gross Profit": 115,
        "Operating Income": 19,
        "EBIT": 22,
        "Net Income": 12
    },
    "2011-03-31": {
        "Diluted EPS": 0.19,
        "Total Revenue": 117,
        "Gross Profit": 117,
        "Operating Income": 21,
        "EBIT": 23,
        "Net Income": 13
    },
    "2010-12-31": {
        "Diluted EPS": 0.1,
        "Total Revenue": 92,
        "Gross Profit": 92,
        "Operating Income": 13,
        "EBIT": 15,
        "Net Income": 8
    },
    "2010-09-30": {
        "Diluted EPS": 0.11,
        "Total Revenue": 89,
        "Gross Profit": 89,
        "Operating Income": 15,
        "EBIT": 17,
        "Net Income": 8
    },
    "2010-06-30": {
        "Diluted EPS": 0.14,
        "Total Revenue": 90,
        "Gross Profit": 90,
        "Operating Income": 17,
        "EBIT": 19,
        "Net Income": 5
    },
    "2010-03-31": {
        "Diluted EPS": 0.27,
        "Total Revenue": 93,
        "Gross Profit": 93,
        "Operating Income": 24,
        "EBIT": 26,
        "Net Income": 4
    },
    "2009-12-31": {
        "Diluted EPS": 0.15,
        "Total Revenue": 70,
        "Gross Profit": 70,
        "Operating Income": 12,
        "EBIT": 13,
        "Net Income": 2
    },
    "2009-09-30": {
        "Diluted EPS": 0.22,
        "Total Revenue": 65,
        "Gross Profit": 65,
        "Operating Income": 18,
        "EBIT": 19,
        "Net Income": 3
    },
    "2009-07-31": {
        "Diluted EPS": 0.0,
        "Total Revenue": NaN,
        "Gross Profit": NaN,
        "Operating Income": NaN,
        "EBIT": NaN,
        "Net Income": NaN
    },
    "2009-06-30": {
        "Diluted EPS": 0.25,
        "Total Revenue": 63,
        "Gross Profit": 63,
        "Operating Income": 22,
        "EBIT": 23,
        "Net Income": 4
    },
    "2009-03-31": {
        "Diluted EPS": 0.22,
        "Total Revenue": 61,
        "Gross Profit": 61,
        "Operating Income": 18,
        "EBIT": 20,
        "Net Income": 3
    },
    "2023-06-30": {
        "Tax Effect Of Unusual Items": 0.0,
        "Tax Rate For Calcs": 0.21,
        "Normalized EBITDA": 25715000.0,
        "Net Income From Continuing Operation Net Minority Interest": 578000.0,
        "Reconciled Depreciation": 21167000.0,
        "Reconciled Cost Of Revenue": 218349000.0,
        "EBITDA": 25715000.0,
        "EBIT": 4548000.0,
        "Net Interest Income": -238000.0,
        "Interest Expense": 238000.0,
        "Normalized Income": 578000.0,
        "Net Income From Continuing And Discontinued Operation": 578000.0,
        "Total Expenses": 361328000.0,
        "Total Operating Income As Reported": 4786000.0,
        "Diluted Average Shares": 52437000.0,
        "Basic Average Shares": 52193000.0,
        "Diluted EPS": 0.01,
        "Basic EPS": 0.01,
        "Diluted NI Availto Com Stockholders": 578000.0,
        "Average Dilution Earnings": 0.0,
        "Net Income Common Stockholders": 578000.0,
        "Otherunder Preferred Stock Dividend": 0.0,
        "Net Income": 578000.0,
        "Net Income Including Noncontrolling Interests": 578000.0,
        "Net Income Continuous Operations": 578000.0,
        "Tax Provision": 1746000.0,
        "Pretax Income": 2324000.0,
        "Other Income Expense": -2224000.0,
        "Other Non Operating Income Expenses": -2224000.0,
        "Net Non Operating Interest Income Expense": -238000.0,
        "Interest Expense Non Operating": 238000.0,
        "Operating Income": 4548000.0,
        "Operating Expense": 142979000.0,
        "Selling General And Administration": 142979000.0,
        "Selling And Marketing Expense": 62823000.0,
        "General And Administrative Expense": 80156000.0,
        "Other Gand A": 80156000.0,
        "Gross Profit": 147527000.0,
        "Cost Of Revenue": 218349000.0,
        "Total Revenue": 365876000.0,
        "Operating Revenue": 365876000.0
    },
    "2023-09-30": {
        "Tax Effect Of Unusual Items": 0.0,
        "Tax Rate For Calcs": 0.204949,
        "Normalized EBITDA": 13289000.0,
        "Net Income From Continuing Operation Net Minority Interest": -6265000.0,
        "Reconciled Depreciation": 20367000.0,
        "Reconciled Cost Of Revenue": 221782000.0,
        "EBITDA": 13289000.0,
        "EBIT": -7078000.0,
        "Net Interest Income": NaN,
        "Interest Expense": NaN,
        "Normalized Income": -6265000.0,
        "Net Income From Continuing And Discontinued Operation": -6265000.0,
        "Total Expenses": 360107000.0,
        "Total Operating Income As Reported": -6839000.0,
        "Diluted Average Shares": 52367000.0,
        "Basic Average Shares": 52367000.0,
        "Diluted EPS": -0.12,
        "Basic EPS": -0.12,
        "Diluted NI Availto Com Stockholders": -6265000.0,
        "Average Dilution Earnings": 0.0,
        "Net Income Common Stockholders": -6265000.0,
        "Otherunder Preferred Stock Dividend": 0.0,
        "Net Income": -6265000.0,
        "Net Income Including Noncontrolling Interests": -6265000.0,
        "Net Income Continuous Operations": -6265000.0,
        "Tax Provision": -1615000.0,
        "Pretax Income": -7880000.0,
        "Other Income Expense": -802000.0,
        "Other Non Operating Income Expenses": -802000.0,
        "Net Non Operating Interest Income Expense": NaN,
        "Interest Expense Non Operating": NaN,
        "Operating Income": -7078000.0,
        "Operating Expense": 138325000.0,
        "Selling General And Administration": 138325000.0,
        "Selling And Marketing Expense": 56495000.0,
        "General And Administrative Expense": 81830000.0,
        "Other Gand A": 81830000.0,
        "Gross Profit": 131247000.0,
        "Cost Of Revenue": 221782000.0,
        "Total Revenue": 353029000.0,
        "Operating Revenue": 353029000.0
    },
    "2023-12-31": {
        "Tax Effect Of Unusual Items": 0.0,
        "Tax Rate For Calcs": 0.096985,
        "Normalized EBITDA": -5106000.0,
        "Net Income From Continuing Operation Net Minority Interest": -23603000.0,
        "Reconciled Depreciation": 22072000.0,
        "Reconciled Cost Of Revenue": 225173000.0,
        "EBITDA": -5106000.0,
        "EBIT": -27178000.0,
        "Net Interest Income": NaN,
        "Interest Expense": NaN,
        "Normalized Income": -23603000.0,
        "Net Income From Continuing And Discontinued Operation": -23603000.0,
        "Total Expenses": 393221000.0,
        "Total Operating Income As Reported": -26272000.0,
        "Diluted Average Shares": 52622000.0,
        "Basic Average Shares": 52622000.0,
        "Diluted EPS": -0.45,
        "Basic EPS": -0.45,
        "Diluted NI Availto Com Stockholders": -23603000.0,
        "Average Dilution Earnings": 0.0,
        "Net Income Common Stockholders": -23603000.0,
        "Otherunder Preferred Stock Dividend": 0.0,
        "Net Income": -23603000.0,
        "Net Income Including Noncontrolling Interests": -23603000.0,
        "Net Income Continuous Operations": -23603000.0,
        "Tax Provision": -2535000.0,
        "Pretax Income": -26138000.0,
        "Other Income Expense": 1040000.0,
        "Other Non Operating Income Expenses": 1040000.0,
        "Net Non Operating Interest Income Expense": NaN,
        "Interest Expense Non Operating": NaN,
        "Operating Income": -27178000.0,
        "Operating Expense": 168048000.0,
        "Selling General And Administration": 168048000.0,
        "Selling And Marketing Expense": 50795000.0,
        "General And Administrative Expense": 117253000.0,
        "Other Gand A": 117253000.0,
        "Gross Profit": 140870000.0,
        "Cost Of Revenue": 225173000.0,
        "Total Revenue": 366043000.0,
        "Operating Revenue": 366043000.0
    }
}