{
    "2023-03-31": {
        "Tax Effect Of Unusual Items": NaN,
        "Tax Rate For Calcs": NaN,
        "Normalized EBITDA": NaN,
        "Net Income From Continuing Operation Net Minority Interest": NaN,
        "Reconciled Depreciation": NaN,
        "Reconciled Cost Of Revenue": NaN,
        "EBITDA": NaN,
        "EBIT": NaN,
        "Net Interest Income": NaN,
        "Interest Expense": NaN,
        "Interest Income": NaN,
        "Normalized Income": NaN,
        "Net Income From Continuing And Discontinued Operation": NaN,
        "Total Expenses": NaN,
        "Total Operating Income As Reported": NaN,
        "Diluted Average Shares": 412429000.0,
        "Basic Average Shares": 412429000.0,
        "Diluted EPS": -0.01,
        "Basic EPS": -0.01,
        "Diluted NI Availto Com Stockholders": NaN,
        "Net Income Common Stockholders": NaN,
        "Net Income": NaN,
        "Net Income Including Noncontrolling Interests": NaN,
        "Net Income Continuous Operations": NaN,
        "Tax Provision": NaN,
        "Pretax Income": NaN,
        "Other Income Expense": -1808000.0,
        "Other Non Operating Income Expenses": -1808000.0,
        "Net Non Operating Interest Income Expense": NaN,
        "Interest Expense Non Operating": NaN,
        "Interest Income Non Operating": NaN,
        "Operating Income": NaN,
        "Operating Expense": NaN,
        "Depreciation Amortization Depletion Income Statement": NaN,
        "Depreciation And Amortization In Income Statement": NaN,
        "Research And Development": NaN,
        "Selling General And Administration": NaN,
        "Selling And Marketing Expense": NaN,
        "General And Administrative Expense": NaN,
        "Other Gand A": NaN,
        "Salaries And Wages": NaN,
        "Gross Profit": NaN,
        "Cost Of Revenue": NaN,
        "Total Revenue": NaN,
        "Operating Revenue": NaN
    },
    "2022-12-31": {
        "Tax Effect Of Unusual Items": NaN,
        "Tax Rate For Calcs": NaN,
        "Normalized EBITDA": NaN,
        "Net Income From Continuing Operation Net Minority Interest": NaN,
        "Reconciled Depreciation": NaN,
        "Reconciled Cost Of Revenue": NaN,
        "EBITDA": NaN,
        "EBIT": NaN,
        "Net Interest Income": NaN,
        "Interest Expense": NaN,
        "Interest Income": NaN,
        "Normalized Income": NaN,
        "Net Income From Continuing And Discontinued Operation": NaN,
        "Total Expenses": NaN,
        "Total Operating Income As Reported": NaN,
        "Diluted Average Shares": 411683000.0,
        "Basic Average Shares": 411683000.0,
        "Diluted EPS": -0.00479,
        "Basic EPS": -0.00479,
        "Diluted NI Availto Com Stockholders": NaN,
        "Net Income Common Stockholders": NaN,
        "Net Income": NaN,
        "Net Income Including Noncontrolling Interests": NaN,
        "Net Income Continuous Operations": NaN,
        "Tax Provision": NaN,
        "Pretax Income": NaN,
        "Other Income Expense": NaN,
        "Other Non Operating Income Expenses": NaN,
        "Net Non Operating Interest Income Expense": NaN,
        "Interest Expense Non Operating": NaN,
        "Interest Income Non Operating": NaN,
        "Operating Income": NaN,
        "Operating Expense": NaN,
        "Depreciation Amortization Depletion Income Statement": NaN,
        "Depreciation And Amortization In Income Statement": NaN,
        "Research And Development": NaN,
        "Selling General And Administration": NaN,
        "Selling And Marketing Expense": NaN,
        "General And Administrative Expense": NaN,
        "Other Gand A": NaN,
        "Salaries And Wages": NaN,
        "Gross Profit": NaN,
        "Cost Of Revenue": NaN,
        "Total Revenue": NaN,
        "Operating Revenue": NaN
    },
    "2022-09-30": {
        "Tax Effect Of Unusual Items": 0.0,
        "Tax Rate For Calcs": 0.21,
        "Normalized EBITDA": 1159000.0,
        "Net Income From Continuing Operation Net Minority Interest": -41734000.0,
        "Reconciled Depreciation": 13952000.0,
        "Reconciled Cost Of Revenue": 17395000.0,
        "EBITDA": 1159000.0,
        "EBIT": -12793000.0,
        "Net Interest Income": -6558000.0,
        "Interest Expense": 9478000.0,
        "Interest Income": 2920000.0,
        "Normalized Income": -41734000.0,
        "Net Income From Continuing And Discontinued Operation": -41734000.0,
        "Total Expenses": 203031000.0,
        "Total Operating Income As Reported": -15713000.0,
        "Diluted Average Shares": 412956000.0,
        "Basic Average Shares": 412956000.0,
        "Diluted EPS": -0.1,
        "Basic EPS": -0.1,
        "Diluted NI Availto Com Stockholders": -41734000.0,
        "Net Income Common Stockholders": -41734000.0,
        "Net Income": -41734000.0,
        "Net Income Including Noncontrolling Interests": -41734000.0,
        "Net Income Continuous Operations": -41734000.0,
        "Tax Provision": 19463000.0,
        "Pretax Income": -22271000.0,
        "Other Income Expense": NaN,
        "Other Non Operating Income Expenses": NaN,
        "Net Non Operating Interest Income Expense": -6558000.0,
        "Interest Expense Non Operating": 9478000.0,
        "Interest Income Non Operating": 2920000.0,
        "Operating Income": -15713000.0,
        "Operating Expense": 185636000.0,
        "Depreciation Amortization Depletion Income Statement": 13952000.0,
        "Depreciation And Amortization In Income Statement": 13952000.0,
        "Research And Development": 35921000.0,
        "Selling General And Administration": 135763000.0,
        "Selling And Marketing Expense": 86215000.0,
        "General And Administrative Expense": 49548000.0,
        "Other Gand A": 49548000.0,
        "Salaries And Wages": NaN,
        "Gross Profit": 169923000.0,
        "Cost Of Revenue": 17395000.0,
        "Total Revenue": 187318000.0,
        "Operating Revenue": 187318000.0
    },
    "2022-06-30": {
        "Tax Effect Of Unusual Items": 0.0,
        "Tax Rate For Calcs": 0.4,
        "Normalized EBITDA": 10129000.0,
        "Net Income From Continuing Operation Net Minority Interest": -1415000.0,
        "Reconciled Depreciation": 13319000.0,
        "Reconciled Cost Of Revenue": 18044000.0,
        "EBITDA": 10129000.0,
        "EBIT": -3190000.0,
        "Net Interest Income": -6112000.0,
        "Interest Expense": 6969000.0,
        "Interest Income": 857000.0,
        "Normalized Income": -1415000.0,
        "Net Income From Continuing And Discontinued Operation": -1415000.0,
        "Total Expenses": 195845000.0,
        "Total Operating Income As Reported": -4047000.0,
        "Diluted Average Shares": 412135000.0,
        "Basic Average Shares": 412135000.0,
        "Diluted EPS": -0.003433,
        "Basic EPS": -0.003433,
        "Diluted NI Availto Com Stockholders": -1415000.0,
        "Net Income Common Stockholders": -1415000.0,
        "Net Income": -1415000.0,
        "Net Income Including Noncontrolling Interests": -1415000.0,
        "Net Income Continuous Operations": -1415000.0,
        "Tax Provision": -8744000.0,
        "Pretax Income": -10159000.0,
        "Other Income Expense": NaN,
        "Other Non Operating Income Expenses": NaN,
        "Net Non Operating Interest Income Expense": -6112000.0,
        "Interest Expense Non Operating": 6969000.0,
        "Interest Income Non Operating": 857000.0,
        "Operating Income": -4047000.0,
        "Operating Expense": 177801000.0,
        "Depreciation Amortization Depletion Income Statement": 13319000.0,
        "Depreciation And Amortization In Income Statement": 13319000.0,
        "Research And Development": 35404000.0,
        "Selling General And Administration": 129078000.0,
        "Selling And Marketing Expense": 94338000.0,
        "General And Administrative Expense": 34740000.0,
        "Other Gand A": 34740000.0,
        "Salaries And Wages": NaN,
        "Gross Profit": 173754000.0,
        "Cost Of Revenue": 18044000.0,
        "Total Revenue": 191798000.0,
        "Operating Revenue": 186939000.0
    },
    "2022-03-31": {
        "Diluted EPS": 0.03,
        "Total Revenue": 203,
        "Gross Profit": 191,
        "Operating Income": 20,
        "EBIT": 32,
        "Net Income": 12
    },
    "2021-12-31": {
        "Diluted EPS": -0.09,
        "Total Revenue": 213,
        "Gross Profit": 199,
        "Operating Income": 12,
        "EBIT": 23,
        "Net Income": -40
    },
    "2021-09-30": {
        "Diluted EPS": -0.04,
        "Total Revenue": 195,
        "Gross Profit": 184,
        "Operating Income": 7,
        "EBIT": 18,
        "Net Income": -18
    },
    "2021-06-30": {
        "Diluted EPS": 0.07,
        "Total Revenue": 177,
        "Gross Profit": 166,
        "Operating Income": 0,
        "EBIT": 9,
        "Net Income": 31
    },
    "2021-03-31": {
        "Diluted EPS": 0.0,
        "Total Revenue": 160,
        "Gross Profit": 150,
        "Operating Income": -5,
        "EBIT": 1,
        "Net Income": 2
    },
    "2020-12-31": {
        "Diluted EPS": -1.02,
        "Total Revenue": 154,
        "Gross Profit": 144,
        "Operating Income": -299,
        "EBIT": -294,
        "Net Income": -289
    },
    "2020-09-30": {
        "Diluted EPS": -0.21,
        "Total Revenue": 140,
        "Gross Profit": 133,
        "Operating Income": -62,
        "EBIT": -56,
        "Net Income": -50
    },
    "2020-06-30": {
        "Diluted EPS": 0.08,
        "Total Revenue": 123,
        "Gross Profit": 116,
        "Operating Income": 42,
        "EBIT": 47,
        "Net Income": 27
    },
    "2020-03-31": {
        "Diluted EPS": 0.08,
        "Total Revenue": 133,
        "Gross Profit": 127,
        "Operating Income": 44,
        "EBIT": 49,
        "Net Income": 18
    },
    "2019-12-31": {
        "Diluted EPS": 0.0,
        "Total Revenue": NaN,
        "Gross Profit": NaN,
        "Operating Income": NaN,
        "EBIT": NaN,
        "Net Income": NaN
    },
    "2019-09-30": {
        "Diluted EPS": 0.05,
        "Total Revenue": 102,
        "Gross Profit": 98,
        "Operating Income": 38,
        "EBIT": 38,
        "Net Income": 20
    },
    "2018-12-31": {
        "Diluted EPS": 0.0,
        "Total Revenue": NaN,
        "Gross Profit": NaN,
        "Operating Income": NaN,
        "EBIT": NaN,
        "Net Income": NaN
    },
    "2023-06-30": {
        "Tax Effect Of Unusual Items": 0.0,
        "Tax Rate For Calcs": 0.21,
        "Normalized EBITDA": 42219000.0,
        "Net Income From Continuing Operation Net Minority Interest": 58786000.0,
        "Reconciled Depreciation": 16097000.0,
        "Reconciled Cost Of Revenue": 16339000.0,
        "EBITDA": 42219000.0,
        "EBIT": 26122000.0,
        "Net Interest Income": -6240000.0,
        "Interest Expense": 14054000.0,
        "Interest Income": 7814000.0,
        "Normalized Income": 58786000.0,
        "Net Income From Continuing And Discontinued Operation": 58786000.0,
        "Total Expenses": 171369000.0,
        "Total Operating Income As Reported": 18308000.0,
        "Diluted Average Shares": 414335000.0,
        "Basic Average Shares": 412221000.0,
        "Diluted EPS": 0.14,
        "Basic EPS": 0.14,
        "Diluted NI Availto Com Stockholders": 58786000.0,
        "Net Income Common Stockholders": 58786000.0,
        "Net Income": 58786000.0,
        "Net Income Including Noncontrolling Interests": 58786000.0,
        "Net Income Continuous Operations": 58786000.0,
        "Tax Provision": -46718000.0,
        "Pretax Income": 12068000.0,
        "Other Income Expense": NaN,
        "Other Non Operating Income Expenses": NaN,
        "Net Non Operating Interest Income Expense": -6240000.0,
        "Interest Expense Non Operating": 14054000.0,
        "Interest Income Non Operating": 7814000.0,
        "Operating Income": 18308000.0,
        "Operating Expense": 155030000.0,
        "Depreciation Amortization Depletion Income Statement": 16097000.0,
        "Depreciation And Amortization In Income Statement": 16097000.0,
        "Research And Development": 31285000.0,
        "Selling General And Administration": 107648000.0,
        "Selling And Marketing Expense": 77440000.0,
        "General And Administrative Expense": 30208000.0,
        "Other Gand A": 30208000.0,
        "Salaries And Wages": 10183000.0,
        "Gross Profit": 173338000.0,
        "Cost Of Revenue": 16339000.0,
        "Total Revenue": 189677000.0,
        "Operating Revenue": 184748000.0
    },
    "2023-09-30": {
        "Tax Effect Of Unusual Items": 0.0,
        "Tax Rate For Calcs": 0.174,
        "Normalized EBITDA": 1143000.0,
        "Net Income From Continuing Operation Net Minority Interest": -38495000.0,
        "Reconciled Depreciation": 33024000.0,
        "Reconciled Cost Of Revenue": 18721000.0,
        "EBITDA": 1143000.0,
        "EBIT": -31881000.0,
        "Net Interest Income": -6071000.0,
        "Interest Expense": 14720000.0,
        "Interest Income": 8649000.0,
        "Normalized Income": -38495000.0,
        "Net Income From Continuing And Discontinued Operation": -38495000.0,
        "Total Expenses": 218288000.0,
        "Total Operating Income As Reported": -38330000.0,
        "Diluted Average Shares": 413437000.0,
        "Basic Average Shares": 413437000.0,
        "Diluted EPS": -0.09,
        "Basic EPS": -0.09,
        "Diluted NI Availto Com Stockholders": -38495000.0,
        "Net Income Common Stockholders": -38495000.0,
        "Net Income": -38495000.0,
        "Net Income Including Noncontrolling Interests": -38495000.0,
        "Net Income Continuous Operations": -38495000.0,
        "Tax Provision": -8106000.0,
        "Pretax Income": -46601000.0,
        "Other Income Expense": -2200000.0,
        "Other Non Operating Income Expenses": -2200000.0,
        "Net Non Operating Interest Income Expense": -6071000.0,
        "Interest Expense Non Operating": 14720000.0,
        "Interest Income Non Operating": 8649000.0,
        "Operating Income": -38330000.0,
        "Operating Expense": 199567000.0,
        "Depreciation Amortization Depletion Income Statement": 33024000.0,
        "Depreciation And Amortization In Income Statement": 33024000.0,
        "Research And Development": 39611000.0,
        "Selling General And Administration": 126932000.0,
        "Selling And Marketing Expense": 91615000.0,
        "General And Administrative Expense": 35317000.0,
        "Other Gand A": 35317000.0,
        "Salaries And Wages": NaN,
        "Gross Profit": 161237000.0,
        "Cost Of Revenue": 18721000.0,
        "Total Revenue": 179958000.0,
        "Operating Revenue": 174564000.0
    },
    "2023-12-31": {
        "Tax Effect Of Unusual Items": 0.0,
        "Tax Rate For Calcs": 0.21,
        "Normalized EBITDA": 33794000.0,
        "Net Income From Continuing Operation Net Minority Interest": -25869000.0,
        "Reconciled Depreciation": 43608000.0,
        "Reconciled Cost Of Revenue": 15170000.0,
        "EBITDA": 33794000.0,
        "EBIT": -9814000.0,
        "Net Interest Income": -6347000.0,
        "Interest Expense": 14821000.0,
        "Interest Income": 8474000.0,
        "Normalized Income": -25869000.0,
        "Net Income From Continuing And Discontinued Operation": -25869000.0,
        "Total Expenses": 214932000.0,
        "Total Operating Income As Reported": -18288000.0,
        "Diluted Average Shares": NaN,
        "Basic Average Shares": NaN,
        "Diluted EPS": NaN,
        "Basic EPS": NaN,
        "Diluted NI Availto Com Stockholders": -25869000.0,
        "Net Income Common Stockholders": -25869000.0,
        "Net Income": -25869000.0,
        "Net Income Including Noncontrolling Interests": -25869000.0,
        "Net Income Continuous Operations": -25869000.0,
        "Tax Provision": 1234000.0,
        "Pretax Income": -24635000.0,
        "Other Income Expense": 0.0,
        "Other Non Operating Income Expenses": 0.0,
        "Net Non Operating Interest Income Expense": -6347000.0,
        "Interest Expense Non Operating": 14821000.0,
        "Interest Income Non Operating": 8474000.0,
        "Operating Income": -18288000.0,
        "Operating Expense": 199762000.0,
        "Depreciation Amortization Depletion Income Statement": 43608000.0,
        "Depreciation And Amortization In Income Statement": 43608000.0,
        "Research And Development": 32032000.0,
        "Selling General And Administration": 124122000.0,
        "Selling And Marketing Expense": 93751000.0,
        "General And Administrative Expense": 30371000.0,
        "Other Gand A": 30371000.0,
        "Salaries And Wages": NaN,
        "Gross Profit": 181474000.0,
        "Cost Of Revenue": 15170000.0,
        "Total Revenue": 196644000.0,
        "Operating Revenue": 191416000.0
    },
    "2024-03-31": {
        "Tax Effect Of Unusual Items": 0.0,
        "Tax Rate For Calcs": 0.21,
        "Normalized EBITDA": 30878000.0,
        "Net Income From Continuing Operation Net Minority Interest": -1009000.0,
        "Reconciled Depreciation": 15942000.0,
        "Reconciled Cost Of Revenue": 12468000.0,
        "EBITDA": 30878000.0,
        "EBIT": 14936000.0,
        "Net Interest Income": -7088000.0,
        "Interest Expense": 14643000.0,
        "Interest Income": 7555000.0,
        "Normalized Income": -1009000.0,
        "Net Income From Continuing And Discontinued Operation": -1009000.0,
        "Total Expenses": 190499000.0,
        "Total Operating Income As Reported": 7381000.0,
        "Diluted Average Shares": 390048000.0,
        "Basic Average Shares": 390048000.0,
        "Diluted EPS": -0.002587,
        "Basic EPS": -0.002587,
        "Diluted NI Availto Com Stockholders": -1009000.0,
        "Net Income Common Stockholders": -1009000.0,
        "Net Income": -1009000.0,
        "Net Income Including Noncontrolling Interests": -1009000.0,
        "Net Income Continuous Operations": -1009000.0,
        "Tax Provision": 1302000.0,
        "Pretax Income": 293000.0,
        "Other Income Expense": NaN,
        "Other Non Operating Income Expenses": NaN,
        "Net Non Operating Interest Income Expense": -7088000.0,
        "Interest Expense Non Operating": 14643000.0,
        "Interest Income Non Operating": 7555000.0,
        "Operating Income": 7381000.0,
        "Operating Expense": 178031000.0,
        "Depreciation Amortization Depletion Income Statement": 15942000.0,
        "Depreciation And Amortization In Income Statement": 15942000.0,
        "Research And Development": 31017000.0,
        "Selling General And Administration": 131072000.0,
        "Selling And Marketing Expense": 89964000.0,
        "General And Administrative Expense": 41108000.0,
        "Other Gand A": 41108000.0,
        "Salaries And Wages": NaN,
        "Gross Profit": 185412000.0,
        "Cost Of Revenue": 12468000.0,
        "Total Revenue": 197880000.0,
        "Operating Revenue": 192505000.0
    },
    "2024-06-30": {
        "Tax Effect Of Unusual Items": 0.0,
        "Tax Rate For Calcs": 0.21,
        "Normalized EBITDA": 43177000.0,
        "Net Income From Continuing Operation Net Minority Interest": 6694000.0,
        "Reconciled Depreciation": 16965000.0,
        "Reconciled Cost Of Revenue": 11870000.0,
        "EBITDA": 43177000.0,
        "EBIT": 26212000.0,
        "Net Interest Income": -8232000.0,
        "Interest Expense": 14566000.0,
        "Interest Income": 6334000.0,
        "Normalized Income": 6694000.0,
        "Net Income From Continuing And Discontinued Operation": 6694000.0,
        "Total Expenses": 180732000.0,
        "Total Operating Income As Reported": 19878000.0,
        "Diluted Average Shares": 384732000.0,
        "Basic Average Shares": 376254000.0,
        "Diluted EPS": 0.02,
        "Basic EPS": 0.02,
        "Diluted NI Availto Com Stockholders": 6694000.0,
        "Net Income Common Stockholders": 6694000.0,
        "Net Income": 6694000.0,
        "Net Income Including Noncontrolling Interests": 6694000.0,
        "Net Income Continuous Operations": 6694000.0,
        "Tax Provision": 4952000.0,
        "Pretax Income": 11646000.0,
        "Other Income Expense": NaN,
        "Other Non Operating Income Expenses": NaN,
        "Net Non Operating Interest Income Expense": -8232000.0,
        "Interest Expense Non Operating": 14566000.0,
        "Interest Income Non Operating": 6334000.0,
        "Operating Income": 19878000.0,
        "Operating Expense": 168862000.0,
        "Depreciation Amortization Depletion Income Statement": 16965000.0,
        "Depreciation And Amortization In Income Statement": 16965000.0,
        "Research And Development": 30854000.0,
        "Selling General And Administration": 121043000.0,
        "Selling And Marketing Expense": 93454000.0,
        "General And Administrative Expense": 27589000.0,
        "Other Gand A": 27589000.0,
        "Salaries And Wages": NaN,
        "Gross Profit": 188740000.0,
        "Cost Of Revenue": 11870000.0,
        "Total Revenue": 200610000.0,
        "Operating Revenue": 195205000.0
    }
}