{
    "2023-03-31": {
        "Tax Effect Of Unusual Items": NaN,
        "Tax Rate For Calcs": NaN,
        "Normalized EBITDA": NaN,
        "Total Unusual Items": NaN,
        "Total Unusual Items Excluding Goodwill": NaN,
        "Net Income From Continuing Operation Net Minority Interest": NaN,
        "Reconciled Depreciation": NaN,
        "Reconciled Cost Of Revenue": NaN,
        "EBITDA": NaN,
        "EBIT": NaN,
        "Net Interest Income": NaN,
        "Interest Expense": NaN,
        "Normalized Income": NaN,
        "Net Income From Continuing And Discontinued Operation": NaN,
        "Total Expenses": NaN,
        "Total Operating Income As Reported": NaN,
        "Diluted Average Shares": NaN,
        "Basic Average Shares": NaN,
        "Diluted EPS": NaN,
        "Basic EPS": NaN,
        "Diluted NI Availto Com Stockholders": NaN,
        "Net Income Common Stockholders": NaN,
        "Preferred Stock Dividends": NaN,
        "Net Income": NaN,
        "Minority Interests": NaN,
        "Net Income Including Noncontrolling Interests": NaN,
        "Net Income Continuous Operations": NaN,
        "Tax Provision": NaN,
        "Pretax Income": NaN,
        "Other Income Expense": NaN,
        "Other Non Operating Income Expenses": NaN,
        "Special Income Charges": 0.0,
        "Impairment Of Capital Assets": 0.0,
        "Restructuring And Mergern Acquisition": 0.0,
        "Gain On Sale Of Security": NaN,
        "Net Non Operating Interest Income Expense": NaN,
        "Interest Expense Non Operating": NaN,
        "Operating Income": NaN,
        "Operating Expense": NaN,
        "Research And Development": NaN,
        "Selling General And Administration": NaN,
        "Selling And Marketing Expense": NaN,
        "General And Administrative Expense": NaN,
        "Other Gand A": NaN,
        "Gross Profit": NaN,
        "Cost Of Revenue": NaN,
        "Total Revenue": NaN,
        "Operating Revenue": NaN
    },
    "2022-12-31": {
        "Tax Effect Of Unusual Items": NaN,
        "Tax Rate For Calcs": NaN,
        "Normalized EBITDA": NaN,
        "Total Unusual Items": NaN,
        "Total Unusual Items Excluding Goodwill": NaN,
        "Net Income From Continuing Operation Net Minority Interest": NaN,
        "Reconciled Depreciation": NaN,
        "Reconciled Cost Of Revenue": NaN,
        "EBITDA": NaN,
        "EBIT": NaN,
        "Net Interest Income": NaN,
        "Interest Expense": NaN,
        "Normalized Income": NaN,
        "Net Income From Continuing And Discontinued Operation": NaN,
        "Total Expenses": NaN,
        "Total Operating Income As Reported": NaN,
        "Diluted Average Shares": 183400046.0,
        "Basic Average Shares": 183400046.0,
        "Diluted EPS": -1.04,
        "Basic EPS": -1.04,
        "Diluted NI Availto Com Stockholders": NaN,
        "Net Income Common Stockholders": NaN,
        "Preferred Stock Dividends": NaN,
        "Net Income": NaN,
        "Minority Interests": NaN,
        "Net Income Including Noncontrolling Interests": NaN,
        "Net Income Continuous Operations": NaN,
        "Tax Provision": NaN,
        "Pretax Income": NaN,
        "Other Income Expense": NaN,
        "Other Non Operating Income Expenses": NaN,
        "Special Income Charges": NaN,
        "Impairment Of Capital Assets": NaN,
        "Restructuring And Mergern Acquisition": NaN,
        "Gain On Sale Of Security": NaN,
        "Net Non Operating Interest Income Expense": NaN,
        "Interest Expense Non Operating": NaN,
        "Operating Income": NaN,
        "Operating Expense": NaN,
        "Research And Development": NaN,
        "Selling General And Administration": NaN,
        "Selling And Marketing Expense": NaN,
        "General And Administrative Expense": NaN,
        "Other Gand A": NaN,
        "Gross Profit": NaN,
        "Cost Of Revenue": NaN,
        "Total Revenue": NaN,
        "Operating Revenue": NaN
    },
    "2022-09-30": {
        "Tax Effect Of Unusual Items": NaN,
        "Tax Rate For Calcs": NaN,
        "Normalized EBITDA": NaN,
        "Total Unusual Items": NaN,
        "Total Unusual Items Excluding Goodwill": NaN,
        "Net Income From Continuing Operation Net Minority Interest": NaN,
        "Reconciled Depreciation": NaN,
        "Reconciled Cost Of Revenue": NaN,
        "EBITDA": NaN,
        "EBIT": NaN,
        "Net Interest Income": NaN,
        "Interest Expense": NaN,
        "Normalized Income": NaN,
        "Net Income From Continuing And Discontinued Operation": NaN,
        "Total Expenses": NaN,
        "Total Operating Income As Reported": NaN,
        "Diluted Average Shares": 183316130.0,
        "Basic Average Shares": 183316130.0,
        "Diluted EPS": -1.92,
        "Basic EPS": -1.92,
        "Diluted NI Availto Com Stockholders": NaN,
        "Net Income Common Stockholders": NaN,
        "Preferred Stock Dividends": NaN,
        "Net Income": NaN,
        "Minority Interests": NaN,
        "Net Income Including Noncontrolling Interests": NaN,
        "Net Income Continuous Operations": NaN,
        "Tax Provision": NaN,
        "Pretax Income": NaN,
        "Other Income Expense": NaN,
        "Other Non Operating Income Expenses": NaN,
        "Special Income Charges": NaN,
        "Impairment Of Capital Assets": NaN,
        "Restructuring And Mergern Acquisition": NaN,
        "Gain On Sale Of Security": NaN,
        "Net Non Operating Interest Income Expense": NaN,
        "Interest Expense Non Operating": NaN,
        "Operating Income": NaN,
        "Operating Expense": NaN,
        "Research And Development": NaN,
        "Selling General And Administration": NaN,
        "Selling And Marketing Expense": NaN,
        "General And Administrative Expense": NaN,
        "Other Gand A": NaN,
        "Gross Profit": NaN,
        "Cost Of Revenue": NaN,
        "Total Revenue": NaN,
        "Operating Revenue": NaN
    },
    "2022-06-30": {
        "Tax Effect Of Unusual Items": 1454400.0,
        "Tax Rate For Calcs": 0.4,
        "Normalized EBITDA": 942287000.0,
        "Total Unusual Items": 3636000.0,
        "Total Unusual Items Excluding Goodwill": 3636000.0,
        "Net Income From Continuing Operation Net Minority Interest": -375357000.0,
        "Reconciled Depreciation": 791547000.0,
        "Reconciled Cost Of Revenue": 1841809000.0,
        "EBITDA": 945923000.0,
        "EBIT": 154376000.0,
        "Net Interest Income": -470838000.0,
        "Interest Expense": 470838000.0,
        "Normalized Income": -377538600.0,
        "Net Income From Continuing And Discontinued Operation": -375357000.0,
        "Total Expenses": 2177283000.0,
        "Total Operating Income As Reported": 133127000.0,
        "Diluted Average Shares": 182881485.0,
        "Basic Average Shares": 182881485.0,
        "Diluted EPS": -2.16,
        "Basic EPS": -2.16,
        "Diluted NI Availto Com Stockholders": -387875000.0,
        "Net Income Common Stockholders": -387875000.0,
        "Preferred Stock Dividends": 12518000.0,
        "Net Income": -375357000.0,
        "Minority Interests": -50000.0,
        "Net Income Including Noncontrolling Interests": -375307000.0,
        "Net Income Continuous Operations": -375307000.0,
        "Tax Provision": 58845000.0,
        "Pretax Income": -316462000.0,
        "Other Income Expense": 21249000.0,
        "Other Non Operating Income Expenses": 17613000.0,
        "Special Income Charges": NaN,
        "Impairment Of Capital Assets": NaN,
        "Restructuring And Mergern Acquisition": NaN,
        "Gain On Sale Of Security": 3636000.0,
        "Net Non Operating Interest Income Expense": -470838000.0,
        "Interest Expense Non Operating": 470838000.0,
        "Operating Income": 133127000.0,
        "Operating Expense": 335474000.0,
        "Research And Development": 9371000.0,
        "Selling General And Administration": 326103000.0,
        "Selling And Marketing Expense": 38924000.0,
        "General And Administrative Expense": 287179000.0,
        "Other Gand A": 287179000.0,
        "Gross Profit": 468601000.0,
        "Cost Of Revenue": 1841809000.0,
        "Total Revenue": 2310410000.0,
        "Operating Revenue": 2310410000.0
    },
    "2022-03-31": {
        "Diluted EPS": -0.48,
        "Total Revenue": 354,
        "Gross Profit": 77,
        "Operating Income": 21,
        "EBIT": 151,
        "Net Income": -91
    },
    "2021-09-30": {
        "Diluted EPS": -0.32,
        "Total Revenue": 320,
        "Gross Profit": 71,
        "Operating Income": 23,
        "EBIT": 137,
        "Net Income": -52
    },
    "2021-06-30": {
        "Diluted EPS": -0.24,
        "Total Revenue": 289,
        "Gross Profit": 68,
        "Operating Income": 23,
        "EBIT": 23,
        "Net Income": -50
    },
    "2020-12-31": {
        "Diluted EPS": -0.28,
        "Total Revenue": 242,
        "Gross Profit": 64,
        "Operating Income": 23,
        "EBIT": 101,
        "Net Income": -45
    },
    "2020-09-30": {
        "Diluted EPS": -0.24,
        "Total Revenue": 225,
        "Gross Profit": 60,
        "Operating Income": 23,
        "EBIT": 98,
        "Net Income": -31
    },
    "2020-06-30": {
        "Diluted EPS": -0.08,
        "Total Revenue": 190,
        "Gross Profit": 51,
        "Operating Income": 23,
        "EBIT": 85,
        "Net Income": -16
    },
    "2020-03-31": {
        "Diluted EPS": -0.08,
        "Total Revenue": 175,
        "Gross Profit": 49,
        "Operating Income": 27,
        "EBIT": 75,
        "Net Income": -15
    },
    "2019-12-31": {
        "Diluted EPS": -0.12,
        "Total Revenue": 171,
        "Gross Profit": 43,
        "Operating Income": 19,
        "EBIT": 71,
        "Net Income": -17
    },
    "2019-09-30": {
        "Diluted EPS": -0.16,
        "Total Revenue": 149,
        "Gross Profit": 38,
        "Operating Income": 18,
        "EBIT": 61,
        "Net Income": -17
    },
    "2019-06-30": {
        "Diluted EPS": -0.08,
        "Total Revenue": 144,
        "Gross Profit": 38,
        "Operating Income": 19,
        "EBIT": 63,
        "Net Income": -15
    },
    "2019-03-31": {
        "Diluted EPS": -0.16,
        "Total Revenue": 133,
        "Gross Profit": 32,
        "Operating Income": 13,
        "EBIT": 54,
        "Net Income": -23
    },
    "2018-12-31": {
        "Diluted EPS": -0.12,
        "Total Revenue": 125,
        "Gross Profit": 29,
        "Operating Income": 9,
        "EBIT": 52,
        "Net Income": -19
    },
    "2018-09-30": {
        "Diluted EPS": -0.16,
        "Total Revenue": 111,
        "Gross Profit": 25,
        "Operating Income": 7,
        "EBIT": 38,
        "Net Income": -17
    },
    "2018-06-30": {
        "Diluted EPS": -0.16,
        "Total Revenue": 96,
        "Gross Profit": 21,
        "Operating Income": 4,
        "EBIT": 29,
        "Net Income": -15
    },
    "2018-03-31": {
        "Diluted EPS": -0.08,
        "Total Revenue": 90,
        "Gross Profit": 20,
        "Operating Income": 5,
        "EBIT": 28,
        "Net Income": -14
    },
    "2017-12-31": {
        "Diluted EPS": -0.18,
        "Total Revenue": 75,
        "Gross Profit": 18,
        "Operating Income": 4,
        "EBIT": 25,
        "Net Income": -17
    },
    "2017-09-30": {
        "Diluted EPS": -0.16,
        "Total Revenue": 64,
        "Gross Profit": 15,
        "Operating Income": 2,
        "EBIT": 20,
        "Net Income": -14
    },
    "2017-06-30": {
        "Diluted EPS": -0.08,
        "Total Revenue": 50,
        "Gross Profit": 12,
        "Operating Income": 1,
        "EBIT": 14,
        "Net Income": -11
    },
    "2017-03-31": {
        "Diluted EPS": -0.08,
        "Total Revenue": 51,
        "Gross Profit": 15,
        "Operating Income": 5,
        "EBIT": 17,
        "Net Income": -6
    },
    "2016-12-31": {
        "Diluted EPS": 0.07,
        "Total Revenue": 46,
        "Gross Profit": 46,
        "Operating Income": 46,
        "EBIT": 58,
        "Net Income": -25
    },
    "2016-09-30": {
        "Diluted EPS": -0.48,
        "Total Revenue": 45,
        "Gross Profit": 11,
        "Operating Income": 2,
        "EBIT": 2,
        "Net Income": -13
    },
    "2016-06-30": {
        "Diluted EPS": -0.81,
        "Total Revenue": 36,
        "Gross Profit": 36,
        "Operating Income": 36,
        "EBIT": 36,
        "Net Income": -18
    },
    "2016-03-31": {
        "Diluted EPS": -0.4,
        "Total Revenue": 32,
        "Gross Profit": 32,
        "Operating Income": 32,
        "EBIT": 32,
        "Net Income": -6
    },
    "2015-12-31": {
        "Diluted EPS": -0.33,
        "Total Revenue": 33,
        "Gross Profit": 33,
        "Operating Income": 33,
        "EBIT": 33,
        "Net Income": -4
    },
    "2015-09-30": {
        "Diluted EPS": -0.31,
        "Total Revenue": 30,
        "Gross Profit": 30,
        "Operating Income": 30,
        "EBIT": 30,
        "Net Income": -4
    },
    "2023-06-30": {
        "Tax Effect Of Unusual Items": 1238250.0,
        "Tax Rate For Calcs": 0.25,
        "Normalized EBITDA": 1138584000.0,
        "Total Unusual Items": 4953000.0,
        "Total Unusual Items Excluding Goodwill": 4953000.0,
        "Net Income From Continuing Operation Net Minority Interest": -226576000.0,
        "Reconciled Depreciation": 874109000.0,
        "Reconciled Cost Of Revenue": 1921023000.0,
        "EBITDA": 1143537000.0,
        "EBIT": 269428000.0,
        "Net Interest Income": -469472000.0,
        "Interest Expense": 469472000.0,
        "Normalized Income": -230290750.0,
        "Net Income From Continuing And Discontinued Operation": -226576000.0,
        "Total Expenses": 2227788000.0,
        "Total Operating Income As Reported": 244232000.0,
        "Diluted Average Shares": 183400046.0,
        "Basic Average Shares": 183400046.0,
        "Diluted EPS": -1.28,
        "Basic EPS": -1.28,
        "Diluted NI Availto Com Stockholders": -239882000.0,
        "Net Income Common Stockholders": -239882000.0,
        "Preferred Stock Dividends": 13306000.0,
        "Net Income": -226576000.0,
        "Minority Interests": -1270000.0,
        "Net Income Including Noncontrolling Interests": -225306000.0,
        "Net Income Continuous Operations": -225306000.0,
        "Tax Provision": 25262000.0,
        "Pretax Income": -200044000.0,
        "Other Income Expense": 25196000.0,
        "Other Non Operating Income Expenses": 20243000.0,
        "Special Income Charges": NaN,
        "Impairment Of Capital Assets": NaN,
        "Restructuring And Mergern Acquisition": NaN,
        "Gain On Sale Of Security": 4953000.0,
        "Net Non Operating Interest Income Expense": -469472000.0,
        "Interest Expense Non Operating": 469472000.0,
        "Operating Income": 244232000.0,
        "Operating Expense": 306765000.0,
        "Research And Development": 5045000.0,
        "Selling General And Administration": 301720000.0,
        "Selling And Marketing Expense": 32193000.0,
        "General And Administrative Expense": 269527000.0,
        "Other Gand A": 269527000.0,
        "Gross Profit": 550997000.0,
        "Cost Of Revenue": 1921023000.0,
        "Total Revenue": 2472020000.0,
        "Operating Revenue": 2472020000.0
    },
    "2023-09-30": {
        "Tax Effect Of Unusual Items": 227000.0,
        "Tax Rate For Calcs": 0.25,
        "Normalized EBITDA": 988504000.0,
        "Total Unusual Items": 908000.0,
        "Total Unusual Items Excluding Goodwill": 908000.0,
        "Net Income From Continuing Operation Net Minority Interest": -421181000.0,
        "Reconciled Depreciation": 886142000.0,
        "Reconciled Cost Of Revenue": 2071584000.0,
        "EBITDA": 989412000.0,
        "EBIT": 103270000.0,
        "Net Interest Income": -503156000.0,
        "Interest Expense": 503156000.0,
        "Normalized Income": -421862000.0,
        "Net Income From Continuing And Discontinued Operation": -421181000.0,
        "Total Expenses": 2438351000.0,
        "Total Operating Income As Reported": 80682000.0,
        "Diluted Average Shares": 183542109.0,
        "Basic Average Shares": 183542109.0,
        "Diluted EPS": -2.4,
        "Basic EPS": -2.4,
        "Diluted NI Availto Com Stockholders": -434926000.0,
        "Net Income Common Stockholders": -434926000.0,
        "Preferred Stock Dividends": 13745000.0,
        "Net Income": -421181000.0,
        "Minority Interests": -350000.0,
        "Net Income Including Noncontrolling Interests": -420831000.0,
        "Net Income Continuous Operations": -420831000.0,
        "Tax Provision": 20945000.0,
        "Pretax Income": -399886000.0,
        "Other Income Expense": 22588000.0,
        "Other Non Operating Income Expenses": 21680000.0,
        "Special Income Charges": NaN,
        "Impairment Of Capital Assets": NaN,
        "Restructuring And Mergern Acquisition": NaN,
        "Gain On Sale Of Security": 908000.0,
        "Net Non Operating Interest Income Expense": -503156000.0,
        "Interest Expense Non Operating": 503156000.0,
        "Operating Income": 80682000.0,
        "Operating Expense": 366767000.0,
        "Research And Development": 10529000.0,
        "Selling General And Administration": 356238000.0,
        "Selling And Marketing Expense": 38912000.0,
        "General And Administrative Expense": 317326000.0,
        "Other Gand A": 317326000.0,
        "Gross Profit": 447449000.0,
        "Cost Of Revenue": 2071584000.0,
        "Total Revenue": 2519033000.0,
        "Operating Revenue": 2519033000.0
    },
    "2023-12-31": {
        "Tax Effect Of Unusual Items": -199598487.100776,
        "Tax Rate For Calcs": 0.066255,
        "Normalized EBITDA": 1227686000.0,
        "Total Unusual Items": -3012569000.0,
        "Total Unusual Items Excluding Goodwill": -3012569000.0,
        "Net Income From Continuing Operation Net Minority Interest": -3165954000.0,
        "Reconciled Depreciation": 1024389000.0,
        "Reconciled Cost Of Revenue": 2124173000.0,
        "EBITDA": -1784883000.0,
        "EBIT": -2809272000.0,
        "Net Interest Income": -482378000.0,
        "Interest Expense": 579924000.0,
        "Normalized Income": -352983487.100776,
        "Net Income From Continuing And Discontinued Operation": -3165954000.0,
        "Total Expenses": 2396747000.0,
        "Total Operating Income As Reported": -2938184000.0,
        "Diluted Average Shares": 183747752.0,
        "Basic Average Shares": 183747752.0,
        "Diluted EPS": -17.28,
        "Basic EPS": -17.28,
        "Diluted NI Availto Com Stockholders": -3179633000.0,
        "Net Income Common Stockholders": -3179633000.0,
        "Preferred Stock Dividends": 13679000.0,
        "Net Income": -3165954000.0,
        "Minority Interests": -1310000.0,
        "Net Income Including Noncontrolling Interests": -3164644000.0,
        "Net Income Continuous Operations": -3164644000.0,
        "Tax Provision": -224552000.0,
        "Pretax Income": -3389196000.0,
        "Other Income Expense": -3066561000.0,
        "Other Non Operating Income Expenses": -53992000.0,
        "Special Income Charges": NaN,
        "Impairment Of Capital Assets": NaN,
        "Restructuring And Mergern Acquisition": NaN,
        "Gain On Sale Of Security": 847000.0,
        "Net Non Operating Interest Income Expense": -482378000.0,
        "Interest Expense Non Operating": 579924000.0,
        "Operating Income": 159743000.0,
        "Operating Expense": 272574000.0,
        "Research And Development": 12800000.0,
        "Selling General And Administration": 344285000.0,
        "Selling And Marketing Expense": 35208000.0,
        "General And Administrative Expense": 309077000.0,
        "Other Gand A": 309077000.0,
        "Gross Profit": 432317000.0,
        "Cost Of Revenue": 2124173000.0,
        "Total Revenue": 2556490000.0,
        "Operating Revenue": 2556490000.0
    },
    "2024-03-31": {
        "Tax Effect Of Unusual Items": -1131750.0,
        "Tax Rate For Calcs": 0.25,
        "Normalized EBITDA": 1082204000.0,
        "Total Unusual Items": -4527000.0,
        "Total Unusual Items Excluding Goodwill": -4527000.0,
        "Net Income From Continuing Operation Net Minority Interest": -345827000.0,
        "Reconciled Depreciation": 856739000.0,
        "Reconciled Cost Of Revenue": 2053693000.0,
        "EBITDA": 1077677000.0,
        "EBIT": 220938000.0,
        "Net Interest Income": -503476000.0,
        "Interest Expense": 503476000.0,
        "Normalized Income": -342431750.0,
        "Net Income From Continuing And Discontinued Operation": -345827000.0,
        "Total Expenses": 2408136000.0,
        "Total Operating Income As Reported": 219231000.0,
        "Diluted Average Shares": 183747752.0,
        "Basic Average Shares": 183747752.0,
        "Diluted EPS": -1.92,
        "Basic EPS": -1.92,
        "Diluted NI Availto Com Stockholders": -359285000.0,
        "Net Income Common Stockholders": -359285000.0,
        "Preferred Stock Dividends": 13458000.0,
        "Net Income": -345827000.0,
        "Minority Interests": -896000.0,
        "Net Income Including Noncontrolling Interests": -344931000.0,
        "Net Income Continuous Operations": -344931000.0,
        "Tax Provision": 62393000.0,
        "Pretax Income": -282538000.0,
        "Other Income Expense": 1707000.0,
        "Other Non Operating Income Expenses": 6234000.0,
        "Special Income Charges": 0.0,
        "Impairment Of Capital Assets": 0.0,
        "Restructuring And Mergern Acquisition": NaN,
        "Gain On Sale Of Security": -4527000.0,
        "Net Non Operating Interest Income Expense": -503476000.0,
        "Interest Expense Non Operating": 503476000.0,
        "Operating Income": 219231000.0,
        "Operating Expense": 354443000.0,
        "Research And Development": 9980000.0,
        "Selling General And Administration": 344463000.0,
        "Selling And Marketing Expense": 33628000.0,
        "General And Administrative Expense": 310835000.0,
        "Other Gand A": 310835000.0,
        "Gross Profit": 573674000.0,
        "Cost Of Revenue": 2053693000.0,
        "Total Revenue": 2627367000.0,
        "Operating Revenue": 2627367000.0
    },
    "2024-06-30": {
        "Tax Effect Of Unusual Items": 2957250.0,
        "Tax Rate For Calcs": 0.25,
        "Normalized EBITDA": 1195677000.0,
        "Total Unusual Items": 11829000.0,
        "Total Unusual Items Excluding Goodwill": 11829000.0,
        "Net Income From Continuing Operation Net Minority Interest": -225741000.0,
        "Reconciled Depreciation": 874168000.0,
        "Reconciled Cost Of Revenue": 2188544000.0,
        "EBITDA": 1207506000.0,
        "EBIT": 333338000.0,
        "Net Interest Income": -505231000.0,
        "Interest Expense": 505231000.0,
        "Normalized Income": -234612750.0,
        "Net Income From Continuing And Discontinued Operation": -225741000.0,
        "Total Expenses": 2510736000.0,
        "Total Operating Income As Reported": 315633000.0,
        "Diluted Average Shares": 183751650.0,
        "Basic Average Shares": 183751650.0,
        "Diluted EPS": -1.28,
        "Basic EPS": -1.28,
        "Diluted NI Availto Com Stockholders": -239218000.0,
        "Net Income Common Stockholders": -239218000.0,
        "Preferred Stock Dividends": 13477000.0,
        "Net Income": -225741000.0,
        "Minority Interests": 6027000.0,
        "Net Income Including Noncontrolling Interests": -231768000.0,
        "Net Income Continuous Operations": -231768000.0,
        "Tax Provision": 59875000.0,
        "Pretax Income": -171893000.0,
        "Other Income Expense": 17705000.0,
        "Other Non Operating Income Expenses": 5876000.0,
        "Special Income Charges": NaN,
        "Impairment Of Capital Assets": NaN,
        "Restructuring And Mergern Acquisition": NaN,
        "Gain On Sale Of Security": 11829000.0,
        "Net Non Operating Interest Income Expense": -505231000.0,
        "Interest Expense Non Operating": 505231000.0,
        "Operating Income": 315633000.0,
        "Operating Expense": 322192000.0,
        "Research And Development": 10889000.0,
        "Selling General And Administration": 311303000.0,
        "Selling And Marketing Expense": 26516000.0,
        "General And Administrative Expense": 284787000.0,
        "Other Gand A": 284787000.0,
        "Gross Profit": 637825000.0,
        "Cost Of Revenue": 2188544000.0,
        "Total Revenue": 2826369000.0,
        "Operating Revenue": 2826369000.0
    },
    "2024-09-30": {
        "Tax Effect Of Unusual Items": -1348971.661061,
        "Tax Rate For Calcs": 0.041507,
        "Normalized EBITDA": 1237665000.0,
        "Total Unusual Items": -32500000.0,
        "Total Unusual Items Excluding Goodwill": -32500000.0,
        "Net Income From Continuing Operation Net Minority Interest": -192340000.0,
        "Reconciled Depreciation": 911274000.0,
        "Reconciled Cost Of Revenue": 2308792000.0,
        "EBITDA": 1205165000.0,
        "EBIT": 293891000.0,
        "Net Interest Income": -535008000.0,
        "Interest Expense": 535008000.0,
        "Normalized Income": -161188971.661061,
        "Net Income From Continuing And Discontinued Operation": -192340000.0,
        "Total Expenses": 2645462000.0,
        "Total Operating Income As Reported": 320251000.0,
        "Diluted Average Shares": 184516266.0,
        "Basic Average Shares": 184516266.0,
        "Diluted EPS": -1.12,
        "Basic EPS": -1.12,
        "Diluted NI Availto Com Stockholders": -205958000.0,
        "Net Income Common Stockholders": -205958000.0,
        "Preferred Stock Dividends": 13618000.0,
        "Net Income": -192340000.0,
        "Minority Interests": 38769000.0,
        "Net Income Including Noncontrolling Interests": -231109000.0,
        "Net Income Continuous Operations": -231109000.0,
        "Tax Provision": -10008000.0,
        "Pretax Income": -241117000.0,
        "Other Income Expense": -26360000.0,
        "Other Non Operating Income Expenses": 6140000.0,
        "Special Income Charges": NaN,
        "Impairment Of Capital Assets": NaN,
        "Restructuring And Mergern Acquisition": NaN,
        "Gain On Sale Of Security": -32500000.0,
        "Net Non Operating Interest Income Expense": -535008000.0,
        "Interest Expense Non Operating": 535008000.0,
        "Operating Income": 320251000.0,
        "Operating Expense": 336670000.0,
        "Research And Development": 8628000.0,
        "Selling General And Administration": 328042000.0,
        "Selling And Marketing Expense": 35020000.0,
        "General And Administrative Expense": 293022000.0,
        "Other Gand A": 293022000.0,
        "Gross Profit": 656921000.0,
        "Cost Of Revenue": 2308792000.0,
        "Total Revenue": 2965713000.0,
        "Operating Revenue": 2965713000.0
    }
}