{
    "2023-04-30": {
        "Tax Effect Of Unusual Items": 1641795.865633,
        "Tax Rate For Calcs": 0.252584,
        "Normalized EBITDA": 228300000.0,
        "Total Unusual Items": 6500000.0,
        "Total Unusual Items Excluding Goodwill": 6500000.0,
        "Net Income From Continuing Operation Net Minority Interest": 111200000.0,
        "Reconciled Depreciation": 56600000.0,
        "Reconciled Cost Of Revenue": 997100000.0,
        "EBITDA": 234800000.0,
        "EBIT": 178200000.0,
        "Net Interest Income": -23400000.0,
        "Interest Expense": 23400000.0,
        "Normalized Income": 106341795.865633,
        "Net Income From Continuing And Discontinued Operation": 111200000.0,
        "Total Expenses": 1134300000.0,
        "Total Operating Income As Reported": 181100000.0,
        "Diluted Average Shares": 58429507.0,
        "Basic Average Shares": 58015585.0,
        "Diluted EPS": 1.9,
        "Basic EPS": 1.91,
        "Diluted NI Availto Com Stockholders": 111200000.0,
        "Net Income Common Stockholders": 111200000.0,
        "Net Income": 111200000.0,
        "Minority Interests": -4800000.0,
        "Net Income Including Noncontrolling Interests": 116000000.0,
        "Net Income Continuous Operations": 116000000.0,
        "Earnings From Equity Interest Net Of Tax": 300000.0,
        "Tax Provision": 39100000.0,
        "Pretax Income": 154800000.0,
        "Other Income Expense": 3600000.0,
        "Other Non Operating Income Expenses": -2900000.0,
        "Special Income Charges": 6500000.0,
        "Gain On Sale Of Ppe": 5000000.0,
        "Gain On Sale Of Business": 9800000.0,
        "Write Off": 1300000.0,
        "Restructuring And Mergern Acquisition": 7000000.0,
        "Net Non Operating Interest Income Expense": -23400000.0,
        "Interest Expense Non Operating": 23400000.0,
        "Operating Income": 174600000.0,
        "Operating Expense": 137200000.0,
        "Selling General And Administration": 137200000.0,
        "General And Administrative Expense": NaN,
        "Other Gand A": NaN,
        "Gross Profit": 311800000.0,
        "Cost Of Revenue": 997100000.0,
        "Total Revenue": 1308900000.0,
        "Operating Revenue": 1308900000.0
    },
    "2023-01-31": {
        "Tax Effect Of Unusual Items": 12788488.104375,
        "Tax Rate For Calcs": 0.289332,
        "Normalized EBITDA": 164000000.0,
        "Total Unusual Items": 44200000.0,
        "Total Unusual Items Excluding Goodwill": 44200000.0,
        "Net Income From Continuing Operation Net Minority Interest": 89900000.0,
        "Reconciled Depreciation": 55100000.0,
        "Reconciled Cost Of Revenue": 1019400000.0,
        "EBITDA": 208200000.0,
        "EBIT": 153100000.0,
        "Net Interest Income": -22800000.0,
        "Interest Expense": 22800000.0,
        "Normalized Income": 58488488.104375,
        "Net Income From Continuing And Discontinued Operation": 89900000.0,
        "Total Expenses": 1158800000.0,
        "Total Operating Income As Reported": 156400000.0,
        "Diluted Average Shares": 58369860.0,
        "Basic Average Shares": 58234784.0,
        "Diluted EPS": 1.54,
        "Basic EPS": 1.55,
        "Diluted NI Availto Com Stockholders": 89900000.0,
        "Net Income Common Stockholders": 89900000.0,
        "Net Income": 89900000.0,
        "Minority Interests": -3200000.0,
        "Net Income Including Noncontrolling Interests": 93100000.0,
        "Net Income Continuous Operations": 93100000.0,
        "Earnings From Equity Interest Net Of Tax": 500000.0,
        "Tax Provision": 37700000.0,
        "Pretax Income": 130300000.0,
        "Other Income Expense": 40900000.0,
        "Other Non Operating Income Expenses": -3300000.0,
        "Special Income Charges": 44200000.0,
        "Gain On Sale Of Ppe": 0.0,
        "Gain On Sale Of Business": 54600000.0,
        "Write Off": 500000.0,
        "Impairment Of Capital Assets": 500000.0,
        "Restructuring And Mergern Acquisition": 9900000.0,
        "Net Non Operating Interest Income Expense": -22800000.0,
        "Interest Expense Non Operating": 22800000.0,
        "Operating Income": 112200000.0,
        "Operating Expense": 139400000.0,
        "Selling General And Administration": 139400000.0,
        "General And Administrative Expense": 139400000.0,
        "Other Gand A": 139400000.0,
        "Gross Profit": 251600000.0,
        "Cost Of Revenue": 1019400000.0,
        "Total Revenue": 1271000000.0,
        "Operating Revenue": 1271000000.0
    },
    "2022-10-31": {
        "Tax Effect Of Unusual Items": -3899698.113208,
        "Tax Rate For Calcs": 0.239245,
        "Normalized EBITDA": 216900000.0,
        "Total Unusual Items": -16300000.0,
        "Total Unusual Items Excluding Goodwill": -16300000.0,
        "Net Income From Continuing Operation Net Minority Interest": 99500000.0,
        "Reconciled Depreciation": 51200000.0,
        "Reconciled Cost Of Revenue": 1185700000.0,
        "EBITDA": 200600000.0,
        "EBIT": 149400000.0,
        "Net Interest Income": -16900000.0,
        "Interest Expense": 16900000.0,
        "Normalized Income": 111900301.886792,
        "Net Income From Continuing And Discontinued Operation": 99500000.0,
        "Total Expenses": 1326100000.0,
        "Total Operating Income As Reported": 153400000.0,
        "Diluted Average Shares": 59300000.0,
        "Basic Average Shares": 58600000.0,
        "Diluted EPS": 1.67,
        "Basic EPS": 1.7,
        "Diluted NI Availto Com Stockholders": 99500000.0,
        "Net Income Common Stockholders": 99500000.0,
        "Net Income": 99500000.0,
        "Minority Interests": -3100000.0,
        "Net Income Including Noncontrolling Interests": 102600000.0,
        "Net Income Continuous Operations": 102600000.0,
        "Earnings From Equity Interest Net Of Tax": 1800000.0,
        "Tax Provision": 31700000.0,
        "Pretax Income": 132500000.0,
        "Other Income Expense": -20300000.0,
        "Other Non Operating Income Expenses": -4000000.0,
        "Special Income Charges": -16300000.0,
        "Gain On Sale Of Ppe": 0.0,
        "Gain On Sale Of Business": -2800000.0,
        "Other Special Charges": 0.0,
        "Write Off": 7900000.0,
        "Impairment Of Capital Assets": 7900000.0,
        "Restructuring And Mergern Acquisition": 5600000.0,
        "Net Non Operating Interest Income Expense": -16900000.0,
        "Interest Expense Non Operating": 16900000.0,
        "Operating Income": 169700000.0,
        "Operating Expense": 140400000.0,
        "Selling General And Administration": 140400000.0,
        "Gross Profit": 310100000.0,
        "Cost Of Revenue": 1185700000.0,
        "Total Revenue": 1495800000.0,
        "Operating Revenue": 1495800000.0
    },
    "2022-07-31": {
        "Tax Effect Of Unusual Items": 86550.976139,
        "Tax Rate For Calcs": 0.216377,
        "Normalized EBITDA": 249400000.0,
        "Total Unusual Items": 400000.0,
        "Total Unusual Items Excluding Goodwill": 400000.0,
        "Net Income From Continuing Operation Net Minority Interest": 141800000.0,
        "Reconciled Depreciation": 51400000.0,
        "Reconciled Cost Of Revenue": 1275200000.0,
        "EBITDA": 249800000.0,
        "EBIT": 198400000.0,
        "Net Interest Income": -14000000.0,
        "Interest Expense": 14000000.0,
        "Normalized Income": 141486550.976139,
        "Net Income From Continuing And Discontinued Operation": 141800000.0,
        "Total Expenses": 1416800000.0,
        "Total Operating Income As Reported": 205700000.0,
        "Diluted Average Shares": 48634708.0,
        "Basic Average Shares": 48215533.0,
        "Diluted EPS": 2.36,
        "Basic EPS": 2.38,
        "Diluted NI Availto Com Stockholders": 141800000.0,
        "Net Income Common Stockholders": 141800000.0,
        "Net Income": 141800000.0,
        "Minority Interests": -4300000.0,
        "Net Income Including Noncontrolling Interests": 146100000.0,
        "Net Income Continuous Operations": 146100000.0,
        "Earnings From Equity Interest Net Of Tax": 1600000.0,
        "Tax Provision": 39900000.0,
        "Pretax Income": 184400000.0,
        "Other Income Expense": -6900000.0,
        "Other Non Operating Income Expenses": -7300000.0,
        "Special Income Charges": 400000.0,
        "Gain On Sale Of Ppe": 6400000.0,
        "Gain On Sale Of Business": 0.0,
        "Other Special Charges": NaN,
        "Write Off": 700000.0,
        "Impairment Of Capital Assets": 700000.0,
        "Restructuring And Mergern Acquisition": 5300000.0,
        "Net Non Operating Interest Income Expense": -14000000.0,
        "Interest Expense Non Operating": 14000000.0,
        "Operating Income": 205300000.0,
        "Operating Expense": 141600000.0,
        "Selling General And Administration": 141600000.0,
        "Gross Profit": 346900000.0,
        "Cost Of Revenue": 1275200000.0,
        "Total Revenue": 1622100000.0,
        "Operating Revenue": 1622100000.0
    },
    "2022-04-30": {
        "Diluted EPS": 2.0,
        "Total Revenue": NaN,
        "Gross Profit": 339,
        "Operating Income": 190,
        "EBIT": 245,
        "Net Income": 98
    },
    "2022-01-31": {
        "Diluted EPS": -0.35,
        "Total Revenue": NaN,
        "Gross Profit": 290,
        "Operating Income": 72,
        "EBIT": 131,
        "Net Income": -17
    },
    "2021-10-31": {
        "Diluted EPS": 1.58,
        "Total Revenue": NaN,
        "Gross Profit": 296,
        "Operating Income": 142,
        "EBIT": 200,
        "Net Income": 77
    },
    "2021-07-31": {
        "Diluted EPS": 1.78,
        "Total Revenue": NaN,
        "Gross Profit": 319,
        "Operating Income": 173,
        "EBIT": 231,
        "Net Income": 87
    },
    "2021-04-30": {
        "Diluted EPS": 2.54,
        "Total Revenue": NaN,
        "Gross Profit": 266,
        "Operating Income": 201,
        "EBIT": 259,
        "Net Income": 124
    },
    "2021-01-31": {
        "Diluted EPS": -0.05,
        "Total Revenue": NaN,
        "Gross Profit": 212,
        "Operating Income": 70,
        "EBIT": 129,
        "Net Income": -3
    },
    "2020-10-31": {
        "Diluted EPS": 0.37,
        "Total Revenue": NaN,
        "Gross Profit": 232,
        "Operating Income": 92,
        "EBIT": 152,
        "Net Income": 18
    },
    "2020-07-31": {
        "Diluted EPS": -0.11,
        "Total Revenue": NaN,
        "Gross Profit": 220,
        "Operating Income": 62,
        "EBIT": 122,
        "Net Income": -6
    },
    "2020-04-30": {
        "Diluted EPS": -0.3,
        "Total Revenue": NaN,
        "Gross Profit": 241,
        "Operating Income": 72,
        "EBIT": 133,
        "Net Income": -15
    },
    "2020-01-31": {
        "Diluted EPS": 0.13,
        "Total Revenue": NaN,
        "Gross Profit": 223,
        "Operating Income": 79,
        "EBIT": 141,
        "Net Income": 6
    },
    "2019-10-31": {
        "Diluted EPS": 0.82,
        "Total Revenue": NaN,
        "Gross Profit": 259,
        "Operating Income": 116,
        "EBIT": 175,
        "Net Income": 39
    },
    "2019-07-31": {
        "Diluted EPS": 0.76,
        "Total Revenue": NaN,
        "Gross Profit": 279,
        "Operating Income": 126,
        "EBIT": 186,
        "Net Income": 37
    },
    "2019-04-30": {
        "Diluted EPS": -0.26,
        "Total Revenue": NaN,
        "Gross Profit": 249,
        "Operating Income": 91,
        "EBIT": 146,
        "Net Income": -13
    },
    "2019-01-31": {
        "Diluted EPS": 0.08,
        "Total Revenue": 897,
        "Gross Profit": 173,
        "Operating Income": 67,
        "EBIT": 99,
        "Net Income": 4
    },
    "2018-10-31": {
        "Diluted EPS": 0.29,
        "Total Revenue": 988,
        "Gross Profit": 205,
        "Operating Income": 103,
        "EBIT": 134,
        "Net Income": 14
    },
    "2018-07-31": {
        "Diluted EPS": 0.9,
        "Total Revenue": NaN,
        "Gross Profit": 217,
        "Operating Income": 114,
        "EBIT": 146,
        "Net Income": 43
    },
    "2018-04-30": {
        "Diluted EPS": 0.42,
        "Total Revenue": 968,
        "Gross Profit": 195,
        "Operating Income": 88,
        "EBIT": 120,
        "Net Income": 20
    },
    "2018-01-31": {
        "Diluted EPS": 0.67,
        "Total Revenue": 906,
        "Gross Profit": 172,
        "Operating Income": 66,
        "EBIT": 97,
        "Net Income": 32
    },
    "2017-10-31": {
        "Diluted EPS": 0.18,
        "Total Revenue": 968,
        "Gross Profit": 182,
        "Operating Income": 62,
        "EBIT": 93,
        "Net Income": 9
    },
    "2017-07-31": {
        "Diluted EPS": 0.4,
        "Total Revenue": 962,
        "Gross Profit": 187,
        "Operating Income": 91,
        "EBIT": 118,
        "Net Income": 19
    },
    "2017-04-30": {
        "Diluted EPS": 0.24,
        "Total Revenue": 887,
        "Gross Profit": 182,
        "Operating Income": 82,
        "EBIT": 113,
        "Net Income": 11
    },
    "2017-01-31": {
        "Diluted EPS": -0.4,
        "Total Revenue": 821,
        "Gross Profit": 163,
        "Operating Income": 66,
        "EBIT": 96,
        "Net Income": -19
    },
    "2016-10-31": {
        "Diluted EPS": -0.35,
        "Total Revenue": 868,
        "Gross Profit": 183,
        "Operating Income": 54,
        "EBIT": 86,
        "Net Income": -16
    },
    "2016-07-31": {
        "Diluted EPS": 0.45,
        "Total Revenue": 845,
        "Gross Profit": 177,
        "Operating Income": 72,
        "EBIT": 103,
        "Net Income": 21
    },
    "2016-04-30": {
        "Diluted EPS": 0.14,
        "Total Revenue": 840,
        "Gross Profit": 174,
        "Operating Income": 83,
        "EBIT": 115,
        "Net Income": 7
    },
    "2016-01-31": {
        "Diluted EPS": -0.74,
        "Total Revenue": 771,
        "Gross Profit": 151,
        "Operating Income": 18,
        "EBIT": 50,
        "Net Income": -36
    },
    "2015-10-31": {
        "Diluted EPS": -0.26,
        "Total Revenue": 869,
        "Gross Profit": 168,
        "Operating Income": 32,
        "EBIT": 66,
        "Net Income": -12
    },
    "2015-07-31": {
        "Diluted EPS": -0.34,
        "Total Revenue": 930,
        "Gross Profit": 167,
        "Operating Income": 44,
        "EBIT": 76,
        "Net Income": -16
    },
    "2015-04-30": {
        "Diluted EPS": -0.08,
        "Total Revenue": 916,
        "Gross Profit": 181,
        "Operating Income": 51,
        "EBIT": 86,
        "Net Income": -4
    },
    "2015-01-31": {
        "Diluted EPS": 0.12,
        "Total Revenue": 902,
        "Gross Profit": 154,
        "Operating Income": 65,
        "EBIT": 100,
        "Net Income": 6
    },
    "2014-10-31": {
        "Diluted EPS": -0.33,
        "Total Revenue": NaN,
        "Gross Profit": 203,
        "Operating Income": 38,
        "EBIT": 76,
        "Net Income": -16
    },
    "2014-07-31": {
        "Diluted EPS": -0.23,
        "Total Revenue": NaN,
        "Gross Profit": 218,
        "Operating Income": 61,
        "EBIT": 100,
        "Net Income": -11
    },
    "2014-04-30": {
        "Diluted EPS": 0.28,
        "Total Revenue": NaN,
        "Gross Profit": 204,
        "Operating Income": 79,
        "EBIT": 119,
        "Net Income": 14
    },
    "2014-01-31": {
        "Diluted EPS": 0.13,
        "Total Revenue": NaN,
        "Gross Profit": 186,
        "Operating Income": 71,
        "EBIT": 111,
        "Net Income": 6
    },
    "2013-10-31": {
        "Diluted EPS": 0.21,
        "Total Revenue": 993,
        "Gross Profit": 226,
        "Operating Income": 97,
        "EBIT": 137,
        "Net Income": 10
    },
    "2013-07-31": {
        "Diluted EPS": 0.46,
        "Total Revenue": NaN,
        "Gross Profit": 217,
        "Operating Income": 97,
        "EBIT": 136,
        "Net Income": 22
    },
    "2013-04-30": {
        "Diluted EPS": 0.33,
        "Total Revenue": NaN,
        "Gross Profit": 203,
        "Operating Income": 84,
        "EBIT": 123,
        "Net Income": 16
    },
    "2013-01-31": {
        "Diluted EPS": -0.02,
        "Total Revenue": NaN,
        "Gross Profit": 187,
        "Operating Income": 64,
        "EBIT": 104,
        "Net Income": -1
    },
    "2012-10-31": {
        "Diluted EPS": -0.1,
        "Total Revenue": 936,
        "Gross Profit": 194,
        "Operating Income": 61,
        "EBIT": 101,
        "Net Income": -5
    },
    "2012-07-31": {
        "Diluted EPS": 0.27,
        "Total Revenue": NaN,
        "Gross Profit": 202,
        "Operating Income": 85,
        "EBIT": 122,
        "Net Income": 13
    },
    "2012-04-30": {
        "Diluted EPS": 0.31,
        "Total Revenue": NaN,
        "Gross Profit": 206,
        "Operating Income": 78,
        "EBIT": 118,
        "Net Income": 15
    },
    "2012-01-31": {
        "Diluted EPS": -0.05,
        "Total Revenue": 993,
        "Gross Profit": 177,
        "Operating Income": 57,
        "EBIT": 95,
        "Net Income": -3
    },
    "2011-10-31": {
        "Diluted EPS": -0.18,
        "Total Revenue": NaN,
        "Gross Profit": 204,
        "Operating Income": 63,
        "EBIT": 104,
        "Net Income": -9
    },
    "2011-07-31": {
        "Diluted EPS": 0.89,
        "Total Revenue": NaN,
        "Gross Profit": 211,
        "Operating Income": 108,
        "EBIT": 143,
        "Net Income": 42
    },
    "2011-04-30": {
        "Diluted EPS": 0.56,
        "Total Revenue": NaN,
        "Gross Profit": 207,
        "Operating Income": 91,
        "EBIT": 126,
        "Net Income": 26
    },
    "2011-01-31": {
        "Diluted EPS": 0.36,
        "Total Revenue": 944,
        "Gross Profit": 176,
        "Operating Income": 69,
        "EBIT": 102,
        "Net Income": 17
    },
    "2010-10-31": {
        "Diluted EPS": -0.5,
        "Total Revenue": 994,
        "Gross Profit": 204,
        "Operating Income": 102,
        "EBIT": 133,
        "Net Income": -24
    },
    "2010-07-31": {
        "Diluted EPS": 1.39,
        "Total Revenue": 921,
        "Gross Profit": 191,
        "Operating Income": 96,
        "EBIT": 123,
        "Net Income": 66
    },
    "2010-04-30": {
        "Diluted EPS": 0.9,
        "Total Revenue": 837,
        "Gross Profit": 169,
        "Operating Income": 73,
        "EBIT": 100,
        "Net Income": 43
    },
    "2010-01-31": {
        "Diluted EPS": 0.52,
        "Total Revenue": 710,
        "Gross Profit": 138,
        "Operating Income": 51,
        "EBIT": 80,
        "Net Income": 25
    },
    "2009-10-31": {
        "Diluted EPS": -0.3,
        "Total Revenue": 760,
        "Gross Profit": 169,
        "Operating Income": 108,
        "EBIT": 136,
        "Net Income": -14
    },
    "2009-07-31": {
        "Diluted EPS": 0.8,
        "Total Revenue": 718,
        "Gross Profit": 139,
        "Operating Income": 67,
        "EBIT": 92,
        "Net Income": 38
    },
    "2009-04-30": {
        "Diluted EPS": 0.03,
        "Total Revenue": 648,
        "Gross Profit": 97,
        "Operating Income": 13,
        "EBIT": 37,
        "Net Income": 2
    },
    "2009-01-31": {
        "Diluted EPS": -0.05,
        "Total Revenue": 666,
        "Gross Profit": 95,
        "Operating Income": 12,
        "EBIT": 37,
        "Net Income": -2
    },
    "2023-07-31": {
        "Tax Effect Of Unusual Items": -3847675.334909,
        "Tax Rate For Calcs": 0.245075,
        "Normalized EBITDA": 225600000.0,
        "Total Unusual Items": -15700000.0,
        "Total Unusual Items Excluding Goodwill": -15700000.0,
        "Net Income From Continuing Operation Net Minority Interest": 90300000.0,
        "Reconciled Depreciation": 57700000.0,
        "Reconciled Cost Of Revenue": 1023300000.0,
        "EBITDA": 209900000.0,
        "EBIT": 152200000.0,
        "Net Interest Income": -25300000.0,
        "Interest Expense": 25300000.0,
        "Normalized Income": 102152324.665091,
        "Net Income From Continuing And Discontinued Operation": 90300000.0,
        "Total Expenses": 1159000000.0,
        "Total Operating Income As Reported": 155600000.0,
        "Diluted Average Shares": 58004186.0,
        "Basic Average Shares": 57483368.0,
        "Diluted EPS": 1.55,
        "Basic EPS": 1.57,
        "Diluted NI Availto Com Stockholders": 90300000.0,
        "Net Income Common Stockholders": 90300000.0,
        "Net Income": 90300000.0,
        "Minority Interests": -6400000.0,
        "Net Income Including Noncontrolling Interests": 96700000.0,
        "Net Income Continuous Operations": 96700000.0,
        "Earnings From Equity Interest Net Of Tax": 900000.0,
        "Tax Provision": 31100000.0,
        "Pretax Income": 126900000.0,
        "Other Income Expense": -19100000.0,
        "Other Non Operating Income Expenses": -3400000.0,
        "Special Income Charges": -15700000.0,
        "Gain On Sale Of Ppe": -1700000.0,
        "Gain On Sale Of Business": -300000.0,
        "Write Off": 1600000.0,
        "Restructuring And Mergern Acquisition": 12100000.0,
        "Net Non Operating Interest Income Expense": -25300000.0,
        "Interest Expense Non Operating": 25300000.0,
        "Operating Income": 171300000.0,
        "Operating Expense": 135700000.0,
        "Selling General And Administration": 135700000.0,
        "General And Administrative Expense": NaN,
        "Other Gand A": NaN,
        "Gross Profit": 307000000.0,
        "Cost Of Revenue": 1023300000.0,
        "Total Revenue": 1330300000.0,
        "Operating Revenue": 1330300000.0
    },
    "2023-10-31": {
        "Tax Effect Of Unusual Items": -3172309.5526,
        "Tax Rate For Calcs": 0.11971,
        "Normalized EBITDA": 195200000.0,
        "Total Unusual Items": -26500000.0,
        "Total Unusual Items Excluding Goodwill": -26500000.0,
        "Net Income From Continuing Operation Net Minority Interest": 67800000.0,
        "Reconciled Depreciation": 61200000.0,
        "Reconciled Cost Of Revenue": 1032700000.0,
        "EBITDA": 168700000.0,
        "EBIT": 107500000.0,
        "Net Interest Income": -24800000.0,
        "Interest Expense": 24800000.0,
        "Normalized Income": 91127690.4474,
        "Net Income From Continuing And Discontinued Operation": 67800000.0,
        "Total Expenses": 1169500000.0,
        "Total Operating Income As Reported": 112400000.0,
        "Diluted Average Shares": 57950000.0,
        "Basic Average Shares": 57450000.0,
        "Diluted EPS": 1.16,
        "Basic EPS": 1.19,
        "Diluted NI Availto Com Stockholders": 67800000.0,
        "Net Income Common Stockholders": 67800000.0,
        "Net Income": 67800000.0,
        "Minority Interests": -5500000.0,
        "Net Income Including Noncontrolling Interests": 73300000.0,
        "Net Income Continuous Operations": 73300000.0,
        "Earnings From Equity Interest Net Of Tax": 500000.0,
        "Tax Provision": 9900000.0,
        "Pretax Income": 82700000.0,
        "Other Income Expense": -31400000.0,
        "Other Non Operating Income Expenses": -4900000.0,
        "Special Income Charges": -26500000.0,
        "Gain On Sale Of Ppe": -800000.0,
        "Gain On Sale Of Business": -100000.0,
        "Write Off": 16900000.0,
        "Restructuring And Mergern Acquisition": 8700000.0,
        "Net Non Operating Interest Income Expense": -24800000.0,
        "Interest Expense Non Operating": 24800000.0,
        "Operating Income": 138900000.0,
        "Operating Expense": 136800000.0,
        "Selling General And Administration": 136800000.0,
        "General And Administrative Expense": NaN,
        "Other Gand A": NaN,
        "Gross Profit": 275700000.0,
        "Cost Of Revenue": 1032700000.0,
        "Total Revenue": 1308400000.0,
        "Operating Revenue": 1308400000.0
    },
    "2024-01-31": {
        "Tax Effect Of Unusual Items": -2760000.0,
        "Tax Rate For Calcs": 0.4,
        "Normalized EBITDA": 127100000.0,
        "Total Unusual Items": -6900000.0,
        "Total Unusual Items Excluding Goodwill": -6900000.0,
        "Net Income From Continuing Operation Net Minority Interest": 67200000.0,
        "Reconciled Depreciation": 60400000.0,
        "Reconciled Cost Of Revenue": 984200000.0,
        "EBITDA": 120200000.0,
        "EBIT": 59800000.0,
        "Net Interest Income": -24200000.0,
        "Interest Expense": 24200000.0,
        "Normalized Income": 71340000.0,
        "Net Income From Continuing And Discontinued Operation": 67200000.0,
        "Total Expenses": 1130000000.0,
        "Total Operating Income As Reported": 68900000.0,
        "Diluted Average Shares": 57623526.0,
        "Basic Average Shares": 57527912.0,
        "Diluted EPS": 1.17,
        "Basic EPS": 1.17,
        "Diluted NI Availto Com Stockholders": 67200000.0,
        "Net Income Common Stockholders": 67200000.0,
        "Net Income": 67200000.0,
        "Minority Interests": -7100000.0,
        "Net Income Including Noncontrolling Interests": 74300000.0,
        "Net Income Continuous Operations": 74300000.0,
        "Earnings From Equity Interest Net Of Tax": 500000.0,
        "Tax Provision": -38200000.0,
        "Pretax Income": 35600000.0,
        "Other Income Expense": -16000000.0,
        "Other Non Operating Income Expenses": -9100000.0,
        "Special Income Charges": -6900000.0,
        "Gain On Sale Of Ppe": 2700000.0,
        "Gain On Sale Of Business": 0.0,
        "Write Off": 1300000.0,
        "Restructuring And Mergern Acquisition": 8300000.0,
        "Net Non Operating Interest Income Expense": -24200000.0,
        "Interest Expense Non Operating": 24200000.0,
        "Operating Income": 75800000.0,
        "Operating Expense": 145800000.0,
        "Selling General And Administration": 145800000.0,
        "General And Administrative Expense": 145800000.0,
        "Other Gand A": 145800000.0,
        "Gross Profit": 221600000.0,
        "Cost Of Revenue": 984200000.0,
        "Total Revenue": 1205800000.0,
        "Operating Revenue": 1205800000.0
    }
}