{
    "2023-03-31": {
        "Tax Effect Of Unusual Items": NaN,
        "Tax Rate For Calcs": NaN,
        "Normalized EBITDA": NaN,
        "Total Unusual Items": NaN,
        "Total Unusual Items Excluding Goodwill": NaN,
        "Net Income From Continuing Operation Net Minority Interest": NaN,
        "Reconciled Depreciation": NaN,
        "Reconciled Cost Of Revenue": NaN,
        "EBITDA": NaN,
        "EBIT": NaN,
        "Net Interest Income": NaN,
        "Interest Expense": NaN,
        "Interest Income": 0.0,
        "Normalized Income": NaN,
        "Net Income From Continuing And Discontinued Operation": NaN,
        "Total Expenses": NaN,
        "Total Operating Income As Reported": NaN,
        "Diluted Average Shares": 28997000.0,
        "Basic Average Shares": 28997000.0,
        "Diluted EPS": 0.4,
        "Basic EPS": 0.4,
        "Diluted NI Availto Com Stockholders": NaN,
        "Net Income Common Stockholders": NaN,
        "Net Income": NaN,
        "Minority Interests": NaN,
        "Net Income Including Noncontrolling Interests": NaN,
        "Net Income Discontinuous Operations": NaN,
        "Net Income Continuous Operations": NaN,
        "Tax Provision": NaN,
        "Pretax Income": NaN,
        "Other Income Expense": NaN,
        "Special Income Charges": 0.0,
        "Gain On Sale Of Business": 0.0,
        "Gain On Sale Of Security": NaN,
        "Net Non Operating Interest Income Expense": NaN,
        "Interest Expense Non Operating": NaN,
        "Interest Income Non Operating": 0.0,
        "Operating Income": NaN,
        "Operating Expense": NaN,
        "Other Operating Expenses": NaN,
        "Depreciation Amortization Depletion Income Statement": NaN,
        "Depreciation And Amortization In Income Statement": NaN,
        "Selling General And Administration": NaN,
        "Gross Profit": NaN,
        "Cost Of Revenue": NaN,
        "Total Revenue": NaN,
        "Operating Revenue": NaN
    },
    "2022-12-31": {
        "Tax Effect Of Unusual Items": NaN,
        "Tax Rate For Calcs": NaN,
        "Normalized EBITDA": NaN,
        "Total Unusual Items": NaN,
        "Total Unusual Items Excluding Goodwill": NaN,
        "Net Income From Continuing Operation Net Minority Interest": NaN,
        "Reconciled Depreciation": NaN,
        "Reconciled Cost Of Revenue": NaN,
        "EBITDA": NaN,
        "EBIT": NaN,
        "Net Interest Income": NaN,
        "Interest Expense": NaN,
        "Interest Income": 0.0,
        "Normalized Income": NaN,
        "Net Income From Continuing And Discontinued Operation": NaN,
        "Total Expenses": NaN,
        "Total Operating Income As Reported": NaN,
        "Diluted Average Shares": 40586000.0,
        "Basic Average Shares": 28803000.0,
        "Diluted EPS": 0.74,
        "Basic EPS": 1.02,
        "Diluted NI Availto Com Stockholders": NaN,
        "Net Income Common Stockholders": NaN,
        "Net Income": NaN,
        "Minority Interests": NaN,
        "Net Income Including Noncontrolling Interests": NaN,
        "Net Income Discontinuous Operations": NaN,
        "Net Income Continuous Operations": NaN,
        "Tax Provision": NaN,
        "Pretax Income": NaN,
        "Other Income Expense": NaN,
        "Special Income Charges": NaN,
        "Gain On Sale Of Business": NaN,
        "Gain On Sale Of Security": NaN,
        "Net Non Operating Interest Income Expense": NaN,
        "Interest Expense Non Operating": NaN,
        "Interest Income Non Operating": 0.0,
        "Operating Income": NaN,
        "Operating Expense": NaN,
        "Other Operating Expenses": NaN,
        "Depreciation Amortization Depletion Income Statement": NaN,
        "Depreciation And Amortization In Income Statement": NaN,
        "Selling General And Administration": NaN,
        "Gross Profit": NaN,
        "Cost Of Revenue": NaN,
        "Total Revenue": NaN,
        "Operating Revenue": NaN
    },
    "2022-09-30": {
        "Tax Effect Of Unusual Items": NaN,
        "Tax Rate For Calcs": NaN,
        "Normalized EBITDA": NaN,
        "Total Unusual Items": NaN,
        "Total Unusual Items Excluding Goodwill": NaN,
        "Net Income From Continuing Operation Net Minority Interest": NaN,
        "Reconciled Depreciation": NaN,
        "Reconciled Cost Of Revenue": NaN,
        "EBITDA": NaN,
        "EBIT": NaN,
        "Net Interest Income": NaN,
        "Interest Expense": NaN,
        "Interest Income": NaN,
        "Normalized Income": NaN,
        "Net Income From Continuing And Discontinued Operation": NaN,
        "Total Expenses": NaN,
        "Total Operating Income As Reported": NaN,
        "Diluted Average Shares": NaN,
        "Basic Average Shares": NaN,
        "Diluted EPS": NaN,
        "Basic EPS": NaN,
        "Diluted NI Availto Com Stockholders": NaN,
        "Net Income Common Stockholders": NaN,
        "Net Income": NaN,
        "Minority Interests": NaN,
        "Net Income Including Noncontrolling Interests": NaN,
        "Net Income Discontinuous Operations": NaN,
        "Net Income Continuous Operations": NaN,
        "Tax Provision": NaN,
        "Pretax Income": NaN,
        "Other Income Expense": NaN,
        "Other Non Operating Income Expenses": 1000.0,
        "Special Income Charges": NaN,
        "Gain On Sale Of Business": NaN,
        "Other Special Charges": 23000.0,
        "Gain On Sale Of Security": NaN,
        "Net Non Operating Interest Income Expense": NaN,
        "Interest Expense Non Operating": NaN,
        "Interest Income Non Operating": NaN,
        "Operating Income": NaN,
        "Operating Expense": NaN,
        "Other Operating Expenses": 46000.0,
        "Depreciation Amortization Depletion Income Statement": NaN,
        "Depreciation And Amortization In Income Statement": NaN,
        "Selling General And Administration": NaN,
        "Gross Profit": NaN,
        "Cost Of Revenue": NaN,
        "Total Revenue": NaN,
        "Operating Revenue": NaN
    },
    "2022-06-30": {
        "Tax Effect Of Unusual Items": -692000.0,
        "Tax Rate For Calcs": 0.4,
        "Normalized EBITDA": -674000.0,
        "Total Unusual Items": -1730000.0,
        "Total Unusual Items Excluding Goodwill": -1730000.0,
        "Net Income From Continuing Operation Net Minority Interest": -4546000.0,
        "Reconciled Depreciation": 630000.0,
        "Reconciled Cost Of Revenue": 17381000.0,
        "EBITDA": -2404000.0,
        "EBIT": -3034000.0,
        "Net Interest Income": -1708000.0,
        "Interest Expense": 1708000.0,
        "Normalized Income": -3508000.0,
        "Net Income From Continuing And Discontinued Operation": -4546000.0,
        "Total Expenses": 19369000.0,
        "Total Operating Income As Reported": -1304000.0,
        "Diluted Average Shares": 26247000.0,
        "Basic Average Shares": 26247000.0,
        "Diluted EPS": -0.18,
        "Basic EPS": -0.18,
        "Diluted NI Availto Com Stockholders": -4546000.0,
        "Net Income Common Stockholders": -4546000.0,
        "Net Income": -4546000.0,
        "Minority Interests": 303000.0,
        "Net Income Including Noncontrolling Interests": -4849000.0,
        "Net Income Discontinuous Operations": 0.0,
        "Net Income Continuous Operations": -4849000.0,
        "Tax Provision": 107000.0,
        "Pretax Income": -4742000.0,
        "Other Income Expense": -1730000.0,
        "Other Non Operating Income Expenses": 0.0,
        "Special Income Charges": -190000.0,
        "Gain On Sale Of Business": NaN,
        "Other Special Charges": 190000.0,
        "Gain On Sale Of Security": -1540000.0,
        "Net Non Operating Interest Income Expense": -1708000.0,
        "Interest Expense Non Operating": 1708000.0,
        "Operating Income": -1304000.0,
        "Operating Expense": 1988000.0,
        "Other Operating Expenses": -4000.0,
        "Depreciation Amortization Depletion Income Statement": 630000.0,
        "Depreciation And Amortization In Income Statement": 630000.0,
        "Selling General And Administration": 1362000.0,
        "Gross Profit": 684000.0,
        "Cost Of Revenue": 17381000.0,
        "Total Revenue": 18065000.0,
        "Operating Revenue": 18065000.0
    },
    "2022-03-31": {
        "Diluted EPS": -0.22,
        "Total Revenue": 1,
        "Gross Profit": -1,
        "Operating Income": -2,
        "EBIT": -2,
        "Net Income": -6
    },
    "2021-12-31": {
        "Diluted EPS": -0.16,
        "Total Revenue": 1,
        "Gross Profit": -1,
        "Operating Income": -3,
        "EBIT": -5,
        "Net Income": -4
    },
    "2021-09-30": {
        "Diluted EPS": -0.01,
        "Total Revenue": 17,
        "Gross Profit": 9,
        "Operating Income": 1,
        "EBIT": 3,
        "Net Income": 0
    },
    "2021-06-30": {
        "Diluted EPS": -0.03,
        "Total Revenue": 16,
        "Gross Profit": 9,
        "Operating Income": 0,
        "EBIT": 3,
        "Net Income": -1
    },
    "2021-03-31": {
        "Diluted EPS": -0.1,
        "Total Revenue": 14,
        "Gross Profit": 7,
        "Operating Income": -1,
        "EBIT": 0,
        "Net Income": -3
    },
    "2020-12-31": {
        "Diluted EPS": -0.01,
        "Total Revenue": 15,
        "Gross Profit": 8,
        "Operating Income": -2,
        "EBIT": 1,
        "Net Income": 0
    },
    "2020-09-30": {
        "Diluted EPS": -0.14,
        "Total Revenue": 15,
        "Gross Profit": 9,
        "Operating Income": -1,
        "EBIT": 1,
        "Net Income": -4
    },
    "2020-06-30": {
        "Diluted EPS": 0.14,
        "Total Revenue": 11,
        "Gross Profit": 4,
        "Operating Income": 0,
        "EBIT": 1,
        "Net Income": 4
    },
    "2020-03-31": {
        "Diluted EPS": -0.46,
        "Total Revenue": 16,
        "Gross Profit": 10,
        "Operating Income": -1,
        "EBIT": 2,
        "Net Income": -12
    },
    "2019-12-31": {
        "Diluted EPS": -0.07,
        "Total Revenue": 17,
        "Gross Profit": 10,
        "Operating Income": 0,
        "EBIT": 3,
        "Net Income": -2
    },
    "2019-09-30": {
        "Diluted EPS": -0.12,
        "Total Revenue": 15,
        "Gross Profit": 9,
        "Operating Income": -1,
        "EBIT": 2,
        "Net Income": -3
    },
    "2019-06-30": {
        "Diluted EPS": -0.03,
        "Total Revenue": 15,
        "Gross Profit": 8,
        "Operating Income": -2,
        "EBIT": 1,
        "Net Income": -1
    },
    "2019-03-31": {
        "Diluted EPS": 0.17,
        "Total Revenue": 14,
        "Gross Profit": 8,
        "Operating Income": -1,
        "EBIT": 3,
        "Net Income": 4
    },
    "2018-12-31": {
        "Diluted EPS": -0.17,
        "Total Revenue": 16,
        "Gross Profit": 9,
        "Operating Income": 0,
        "EBIT": 3,
        "Net Income": -4
    },
    "2018-09-30": {
        "Diluted EPS": -0.08,
        "Total Revenue": 6,
        "Gross Profit": 3,
        "Operating Income": -2,
        "EBIT": -1,
        "Net Income": -2
    },
    "2018-06-30": {
        "Diluted EPS": -0.1,
        "Total Revenue": 2,
        "Gross Profit": 0,
        "Operating Income": -3,
        "EBIT": -2,
        "Net Income": -3
    },
    "2018-03-31": {
        "Diluted EPS": -0.18,
        "Total Revenue": 0,
        "Gross Profit": -2,
        "Operating Income": -4,
        "EBIT": -3,
        "Net Income": -4
    },
    "2017-12-31": {
        "Diluted EPS": -0.05,
        "Total Revenue": 3,
        "Gross Profit": 0,
        "Operating Income": -1,
        "EBIT": -1,
        "Net Income": -1
    },
    "2017-09-30": {
        "Diluted EPS": -0.13,
        "Total Revenue": 2,
        "Gross Profit": -1,
        "Operating Income": -3,
        "EBIT": -3,
        "Net Income": -3
    },
    "2017-06-30": {
        "Diluted EPS": 0.33,
        "Total Revenue": 2,
        "Gross Profit": 0,
        "Operating Income": 0,
        "EBIT": -2,
        "Net Income": -1
    },
    "2017-03-31": {
        "Diluted EPS": -0.11,
        "Total Revenue": 2,
        "Gross Profit": 0,
        "Operating Income": -3,
        "EBIT": -1,
        "Net Income": -3
    },
    "2016-12-31": {
        "Diluted EPS": -0.79,
        "Total Revenue": 1,
        "Gross Profit": 0,
        "Operating Income": 1,
        "EBIT": 2,
        "Net Income": -8
    },
    "2016-09-30": {
        "Diluted EPS": -0.36,
        "Total Revenue": NaN,
        "Gross Profit": NaN,
        "Operating Income": -3,
        "EBIT": 0,
        "Net Income": -3
    },
    "2016-06-30": {
        "Diluted EPS": 4.48,
        "Total Revenue": NaN,
        "Gross Profit": NaN,
        "Operating Income": -5,
        "EBIT": -5,
        "Net Income": 42
    },
    "2016-03-31": {
        "Diluted EPS": -1.04,
        "Total Revenue": NaN,
        "Gross Profit": NaN,
        "Operating Income": -2,
        "EBIT": -2,
        "Net Income": -10
    },
    "2015-12-31": {
        "Diluted EPS": -1.35,
        "Total Revenue": NaN,
        "Gross Profit": NaN,
        "Operating Income": -1,
        "EBIT": -1,
        "Net Income": -13
    },
    "2015-09-30": {
        "Diluted EPS": -1.09,
        "Total Revenue": NaN,
        "Gross Profit": NaN,
        "Operating Income": -2,
        "EBIT": -1,
        "Net Income": -10
    },
    "2015-06-30": {
        "Diluted EPS": -0.95,
        "Total Revenue": NaN,
        "Gross Profit": NaN,
        "Operating Income": 26,
        "EBIT": 26,
        "Net Income": -9
    },
    "2015-03-31": {
        "Diluted EPS": -1.03,
        "Total Revenue": 1,
        "Gross Profit": 1,
        "Operating Income": -9,
        "EBIT": -9,
        "Net Income": -10
    },
    "2014-12-31": {
        "Diluted EPS": -1.18,
        "Total Revenue": 1,
        "Gross Profit": 1,
        "Operating Income": -10,
        "EBIT": -10,
        "Net Income": -11
    },
    "2014-09-30": {
        "Diluted EPS": -1.32,
        "Total Revenue": 1,
        "Gross Profit": 1,
        "Operating Income": -11,
        "EBIT": -11,
        "Net Income": -12
    },
    "2014-06-30": {
        "Diluted EPS": 2.81,
        "Total Revenue": NaN,
        "Gross Profit": NaN,
        "Operating Income": 16,
        "EBIT": 16,
        "Net Income": 24
    },
    "2014-03-31": {
        "Diluted EPS": -1.08,
        "Total Revenue": NaN,
        "Gross Profit": NaN,
        "Operating Income": -8,
        "EBIT": -8,
        "Net Income": -9
    },
    "2013-12-31": {
        "Diluted EPS": -0.84,
        "Total Revenue": NaN,
        "Gross Profit": NaN,
        "Operating Income": -7,
        "EBIT": -7,
        "Net Income": -7
    },
    "2013-09-30": {
        "Diluted EPS": -0.84,
        "Total Revenue": NaN,
        "Gross Profit": NaN,
        "Operating Income": -7,
        "EBIT": -6,
        "Net Income": -7
    },
    "2013-06-30": {
        "Diluted EPS": -1.2,
        "Total Revenue": 0,
        "Gross Profit": 0,
        "Operating Income": -10,
        "EBIT": -9,
        "Net Income": -9
    },
    "2013-03-31": {
        "Diluted EPS": -1.56,
        "Total Revenue": 0,
        "Gross Profit": 0,
        "Operating Income": -11,
        "EBIT": -11,
        "Net Income": -12
    },
    "2012-12-31": {
        "Diluted EPS": -1.56,
        "Total Revenue": 0,
        "Gross Profit": 0,
        "Operating Income": -9,
        "EBIT": -8,
        "Net Income": -12
    },
    "2012-09-30": {
        "Diluted EPS": -2.04,
        "Total Revenue": 0,
        "Gross Profit": 0,
        "Operating Income": -10,
        "EBIT": -10,
        "Net Income": -15
    },
    "2012-06-30": {
        "Diluted EPS": 4.32,
        "Total Revenue": 0,
        "Gross Profit": 0,
        "Operating Income": -8,
        "EBIT": -7,
        "Net Income": 32
    },
    "2012-03-31": {
        "Diluted EPS": -1.32,
        "Total Revenue": 0,
        "Gross Profit": 0,
        "Operating Income": -6,
        "EBIT": -5,
        "Net Income": -10
    },
    "2011-12-31": {
        "Diluted EPS": -1.44,
        "Total Revenue": 0,
        "Gross Profit": -3,
        "Operating Income": -6,
        "EBIT": -5,
        "Net Income": -10
    },
    "2011-09-30": {
        "Diluted EPS": 0.36,
        "Total Revenue": 15,
        "Gross Profit": 15,
        "Operating Income": 11,
        "EBIT": 13,
        "Net Income": 3
    },
    "2011-06-30": {
        "Diluted EPS": -2.76,
        "Total Revenue": 0,
        "Gross Profit": 0,
        "Operating Income": -4,
        "EBIT": -2,
        "Net Income": -20
    },
    "2011-03-31": {
        "Diluted EPS": -1.56,
        "Total Revenue": 0,
        "Gross Profit": 0,
        "Operating Income": -3,
        "EBIT": -1,
        "Net Income": -11
    },
    "2010-12-31": {
        "Diluted EPS": -0.6,
        "Total Revenue": 40,
        "Gross Profit": 24,
        "Operating Income": -4,
        "EBIT": -2,
        "Net Income": -5
    },
    "2010-09-30": {
        "Diluted EPS": 0.0,
        "Total Revenue": 42,
        "Gross Profit": 28,
        "Operating Income": -2,
        "EBIT": 0,
        "Net Income": 0
    },
    "2010-06-30": {
        "Diluted EPS": -0.36,
        "Total Revenue": 44,
        "Gross Profit": 29,
        "Operating Income": -1,
        "EBIT": 0,
        "Net Income": -3
    },
    "2010-03-31": {
        "Diluted EPS": -0.6,
        "Total Revenue": 40,
        "Gross Profit": 26,
        "Operating Income": -5,
        "EBIT": -3,
        "Net Income": -4
    },
    "2009-12-31": {
        "Diluted EPS": 0.0,
        "Total Revenue": 50,
        "Gross Profit": 29,
        "Operating Income": 1,
        "EBIT": 3,
        "Net Income": 0
    },
    "2009-09-30": {
        "Diluted EPS": 0.12,
        "Total Revenue": 50,
        "Gross Profit": 27,
        "Operating Income": -2,
        "EBIT": 0,
        "Net Income": 1
    },
    "2009-06-30": {
        "Diluted EPS": -0.6,
        "Total Revenue": 48,
        "Gross Profit": 29,
        "Operating Income": -2,
        "EBIT": 0,
        "Net Income": -3
    },
    "2009-03-31": {
        "Diluted EPS": -1.08,
        "Total Revenue": 45,
        "Gross Profit": 29,
        "Operating Income": -5,
        "EBIT": -3,
        "Net Income": -8
    },
    "2023-06-30": {
        "Tax Effect Of Unusual Items": -86100.0,
        "Tax Rate For Calcs": 0.21,
        "Normalized EBITDA": -3316000.0,
        "Total Unusual Items": -410000.0,
        "Total Unusual Items Excluding Goodwill": -410000.0,
        "Net Income From Continuing Operation Net Minority Interest": -5256000.0,
        "Reconciled Depreciation": 282000.0,
        "Reconciled Cost Of Revenue": 3303000.0,
        "EBITDA": -3726000.0,
        "EBIT": -4008000.0,
        "Net Interest Income": -1050000.0,
        "Interest Expense": 1050000.0,
        "Interest Income": NaN,
        "Normalized Income": -4932100.0,
        "Net Income From Continuing And Discontinued Operation": -5257000.0,
        "Total Expenses": 6624000.0,
        "Total Operating Income As Reported": -3598000.0,
        "Diluted Average Shares": NaN,
        "Basic Average Shares": NaN,
        "Diluted EPS": NaN,
        "Basic EPS": NaN,
        "Diluted NI Availto Com Stockholders": -5257000.0,
        "Net Income Common Stockholders": -5257000.0,
        "Net Income": -5257000.0,
        "Minority Interests": -100000.0,
        "Net Income Including Noncontrolling Interests": -5257000.0,
        "Net Income Discontinuous Operations": -1000.0,
        "Net Income Continuous Operations": -5256000.0,
        "Tax Provision": 198000.0,
        "Pretax Income": -5058000.0,
        "Other Income Expense": -410000.0,
        "Special Income Charges": 0.0,
        "Gain On Sale Of Business": 0.0,
        "Gain On Sale Of Security": -410000.0,
        "Net Non Operating Interest Income Expense": -1050000.0,
        "Interest Expense Non Operating": 1050000.0,
        "Interest Income Non Operating": NaN,
        "Operating Income": -3598000.0,
        "Operating Expense": 3321000.0,
        "Other Operating Expenses": 0.0,
        "Depreciation Amortization Depletion Income Statement": 282000.0,
        "Depreciation And Amortization In Income Statement": 282000.0,
        "Selling General And Administration": 3039000.0,
        "Gross Profit": -277000.0,
        "Cost Of Revenue": 3303000.0,
        "Total Revenue": 3026000.0,
        "Operating Revenue": 3026000.0
    },
    "2023-09-30": {
        "Tax Effect Of Unusual Items": 0.0,
        "Tax Rate For Calcs": 0.0,
        "Normalized EBITDA": -1167000.0,
        "Total Unusual Items": 5270000.0,
        "Total Unusual Items Excluding Goodwill": 5270000.0,
        "Net Income From Continuing Operation Net Minority Interest": 2758000.0,
        "Reconciled Depreciation": 283000.0,
        "Reconciled Cost Of Revenue": 2762000.0,
        "EBITDA": 4103000.0,
        "EBIT": 3820000.0,
        "Net Interest Income": -1062000.0,
        "Interest Expense": 1062000.0,
        "Interest Income": NaN,
        "Normalized Income": -2512000.0,
        "Net Income From Continuing And Discontinued Operation": 2774000.0,
        "Total Expenses": 4760000.0,
        "Total Operating Income As Reported": -1450000.0,
        "Diluted Average Shares": 41860000.0,
        "Basic Average Shares": 29579000.0,
        "Diluted EPS": 0.08,
        "Basic EPS": 0.09,
        "Diluted NI Availto Com Stockholders": 2774000.0,
        "Net Income Common Stockholders": 2774000.0,
        "Net Income": 2774000.0,
        "Minority Interests": 0.0,
        "Net Income Including Noncontrolling Interests": 2774000.0,
        "Net Income Discontinuous Operations": 16000.0,
        "Net Income Continuous Operations": 2758000.0,
        "Tax Provision": 0.0,
        "Pretax Income": 2758000.0,
        "Other Income Expense": 5270000.0,
        "Special Income Charges": NaN,
        "Gain On Sale Of Business": NaN,
        "Gain On Sale Of Security": 5270000.0,
        "Net Non Operating Interest Income Expense": -1062000.0,
        "Interest Expense Non Operating": 1062000.0,
        "Interest Income Non Operating": NaN,
        "Operating Income": -1450000.0,
        "Operating Expense": 1998000.0,
        "Other Operating Expenses": NaN,
        "Depreciation Amortization Depletion Income Statement": 283000.0,
        "Depreciation And Amortization In Income Statement": 283000.0,
        "Selling General And Administration": 1715000.0,
        "Gross Profit": 548000.0,
        "Cost Of Revenue": 2762000.0,
        "Total Revenue": 3310000.0,
        "Operating Revenue": 3310000.0
    },
    "2023-12-31": {
        "Tax Effect Of Unusual Items": 0.0,
        "Tax Rate For Calcs": 0.0,
        "Normalized EBITDA": -2285000.0,
        "Total Unusual Items": 3390000.0,
        "Total Unusual Items Excluding Goodwill": 3390000.0,
        "Net Income From Continuing Operation Net Minority Interest": -350000.0,
        "Reconciled Depreciation": 283000.0,
        "Reconciled Cost Of Revenue": 2839000.0,
        "EBITDA": 1105000.0,
        "EBIT": 822000.0,
        "Net Interest Income": -933000.0,
        "Interest Expense": 1061000.0,
        "Interest Income": 128000.0,
        "Normalized Income": -3740000.0,
        "Net Income From Continuing And Discontinued Operation": -350000.0,
        "Total Expenses": 5515000.0,
        "Total Operating Income As Reported": -2696000.0,
        "Diluted Average Shares": 29889000.0,
        "Basic Average Shares": 29889000.0,
        "Diluted EPS": -0.01,
        "Basic EPS": -0.01,
        "Diluted NI Availto Com Stockholders": -350000.0,
        "Net Income Common Stockholders": -350000.0,
        "Net Income": -350000.0,
        "Minority Interests": -111000.0,
        "Net Income Including Noncontrolling Interests": -239000.0,
        "Net Income Discontinuous Operations": 0.0,
        "Net Income Continuous Operations": -239000.0,
        "Tax Provision": 0.0,
        "Pretax Income": -239000.0,
        "Other Income Expense": 3390000.0,
        "Special Income Charges": 0.0,
        "Gain On Sale Of Business": 0.0,
        "Gain On Sale Of Security": 3390000.0,
        "Net Non Operating Interest Income Expense": -933000.0,
        "Interest Expense Non Operating": 1061000.0,
        "Interest Income Non Operating": 128000.0,
        "Operating Income": -2696000.0,
        "Operating Expense": 2676000.0,
        "Other Operating Expenses": NaN,
        "Depreciation Amortization Depletion Income Statement": 283000.0,
        "Depreciation And Amortization In Income Statement": 283000.0,
        "Selling General And Administration": 2393000.0,
        "Gross Profit": -20000.0,
        "Cost Of Revenue": 2839000.0,
        "Total Revenue": 2819000.0,
        "Operating Revenue": 2819000.0
    },
    "2024-03-31": {
        "Tax Effect Of Unusual Items": 0.0,
        "Tax Rate For Calcs": 0.0,
        "Normalized EBITDA": -1275000.0,
        "Total Unusual Items": -263000.0,
        "Total Unusual Items Excluding Goodwill": -263000.0,
        "Net Income From Continuing Operation Net Minority Interest": -3100000.0,
        "Reconciled Depreciation": 271000.0,
        "Reconciled Cost Of Revenue": 2733000.0,
        "EBITDA": -1538000.0,
        "EBIT": -1809000.0,
        "Net Interest Income": -751000.0,
        "Interest Expense": 1074000.0,
        "Interest Income": 323000.0,
        "Normalized Income": -2837000.0,
        "Net Income From Continuing And Discontinued Operation": -3100000.0,
        "Total Expenses": 4656000.0,
        "Total Operating Income As Reported": -1869000.0,
        "Diluted Average Shares": 30066000.0,
        "Basic Average Shares": 30066000.0,
        "Diluted EPS": -0.1,
        "Basic EPS": -0.1,
        "Diluted NI Availto Com Stockholders": -3100000.0,
        "Net Income Common Stockholders": -3100000.0,
        "Net Income": -3100000.0,
        "Minority Interests": -217000.0,
        "Net Income Including Noncontrolling Interests": -2883000.0,
        "Net Income Discontinuous Operations": 0.0,
        "Net Income Continuous Operations": -2883000.0,
        "Tax Provision": 0.0,
        "Pretax Income": -2883000.0,
        "Other Income Expense": -263000.0,
        "Special Income Charges": 0.0,
        "Gain On Sale Of Business": 0.0,
        "Gain On Sale Of Security": -263000.0,
        "Net Non Operating Interest Income Expense": -751000.0,
        "Interest Expense Non Operating": 1074000.0,
        "Interest Income Non Operating": 323000.0,
        "Operating Income": -1869000.0,
        "Operating Expense": 1923000.0,
        "Other Operating Expenses": 22000.0,
        "Depreciation Amortization Depletion Income Statement": 271000.0,
        "Depreciation And Amortization In Income Statement": 271000.0,
        "Selling General And Administration": 1630000.0,
        "Gross Profit": 54000.0,
        "Cost Of Revenue": 2733000.0,
        "Total Revenue": 2787000.0,
        "Operating Revenue": 2787000.0
    },
    "2024-06-30": {
        "Tax Effect Of Unusual Items": 442050.0,
        "Tax Rate For Calcs": 0.21,
        "Normalized EBITDA": -1174000.0,
        "Total Unusual Items": 2105000.0,
        "Total Unusual Items Excluding Goodwill": 2105000.0,
        "Net Income From Continuing Operation Net Minority Interest": -712000.0,
        "Reconciled Depreciation": 271000.0,
        "Reconciled Cost Of Revenue": 8523000.0,
        "EBITDA": 931000.0,
        "EBIT": 660000.0,
        "Net Interest Income": -759000.0,
        "Interest Expense": 1137000.0,
        "Interest Income": 378000.0,
        "Normalized Income": -2374950.0,
        "Net Income From Continuing And Discontinued Operation": -712000.0,
        "Total Expenses": 10741000.0,
        "Total Operating Income As Reported": -1823000.0,
        "Diluted Average Shares": NaN,
        "Basic Average Shares": NaN,
        "Diluted EPS": NaN,
        "Basic EPS": NaN,
        "Diluted NI Availto Com Stockholders": -712000.0,
        "Net Income Common Stockholders": -712000.0,
        "Net Income": -712000.0,
        "Minority Interests": -134000.0,
        "Net Income Including Noncontrolling Interests": -578000.0,
        "Net Income Discontinuous Operations": 0.0,
        "Net Income Continuous Operations": -578000.0,
        "Tax Provision": 101000.0,
        "Pretax Income": -477000.0,
        "Other Income Expense": 2105000.0,
        "Special Income Charges": 0.0,
        "Gain On Sale Of Business": 0.0,
        "Gain On Sale Of Security": 2105000.0,
        "Net Non Operating Interest Income Expense": -759000.0,
        "Interest Expense Non Operating": 1137000.0,
        "Interest Income Non Operating": 378000.0,
        "Operating Income": -1823000.0,
        "Operating Expense": 2218000.0,
        "Other Operating Expenses": 31000.0,
        "Depreciation Amortization Depletion Income Statement": 271000.0,
        "Depreciation And Amortization In Income Statement": 271000.0,
        "Selling General And Administration": 1916000.0,
        "Gross Profit": 395000.0,
        "Cost Of Revenue": 8523000.0,
        "Total Revenue": 8918000.0,
        "Operating Revenue": 6242000.0
    }
}