{
    "2023-03-31": {
        "Tax Effect Of Unusual Items": -2940000.0,
        "Tax Rate For Calcs": 0.21,
        "Normalized EBITDA": 472000000.0,
        "Total Unusual Items": -14000000.0,
        "Total Unusual Items Excluding Goodwill": -14000000.0,
        "Net Income From Continuing Operation Net Minority Interest": 915000000.0,
        "Reconciled Depreciation": 126000000.0,
        "Reconciled Cost Of Revenue": 125000000.0,
        "EBITDA": 458000000.0,
        "EBIT": 332000000.0,
        "Net Interest Income": -163000000.0,
        "Interest Expense": 168000000.0,
        "Interest Income": 5000000.0,
        "Normalized Income": 926060000.0,
        "Net Income From Continuing And Discontinued Operation": 915000000.0,
        "Total Expenses": 576000000.0,
        "Total Operating Income As Reported": 357000000.0,
        "Diluted Average Shares": 644000000.0,
        "Basic Average Shares": 639000000.0,
        "Diluted EPS": 1.42,
        "Basic EPS": 1.43,
        "Diluted NI Availto Com Stockholders": 915000000.0,
        "Net Income Common Stockholders": 915000000.0,
        "Net Income": 915000000.0,
        "Net Income Including Noncontrolling Interests": 915000000.0,
        "Net Income Continuous Operations": 915000000.0,
        "Tax Provision": -751000000.0,
        "Pretax Income": 164000000.0,
        "Other Income Expense": -44000000.0,
        "Other Non Operating Income Expenses": -30000000.0,
        "Special Income Charges": -14000000.0,
        "Gain On Sale Of Ppe": 9000000.0,
        "Restructuring And Mergern Acquisition": 14000000.0,
        "Gain On Sale Of Security": 0.0,
        "Net Non Operating Interest Income Expense": -163000000.0,
        "Interest Expense Non Operating": 168000000.0,
        "Interest Income Non Operating": 5000000.0,
        "Operating Income": 371000000.0,
        "Operating Expense": 386000000.0,
        "Depreciation Amortization Depletion Income Statement": 61000000.0,
        "Depreciation And Amortization In Income Statement": 61000000.0,
        "Amortization": 61000000.0,
        "Amortization Of Intangibles Income Statement": 61000000.0,
        "Research And Development": 88000000.0,
        "Selling General And Administration": 237000000.0,
        "Selling And Marketing Expense": 176000000.0,
        "General And Administrative Expense": 61000000.0,
        "Other Gand A": 61000000.0,
        "Gross Profit": 757000000.0,
        "Cost Of Revenue": 190000000.0,
        "Total Revenue": 947000000.0,
        "Operating Revenue": 947000000.0
    },
    "2022-12-31": {
        "Tax Effect Of Unusual Items": -12240000.0,
        "Tax Rate For Calcs": 0.24,
        "Normalized EBITDA": 546000000.0,
        "Total Unusual Items": -51000000.0,
        "Total Unusual Items Excluding Goodwill": -51000000.0,
        "Net Income From Continuing Operation Net Minority Interest": 165000000.0,
        "Reconciled Depreciation": 125000000.0,
        "Reconciled Cost Of Revenue": 114000000.0,
        "EBITDA": 495000000.0,
        "EBIT": 370000000.0,
        "Net Interest Income": -149000000.0,
        "Interest Expense": 154000000.0,
        "Interest Income": 5000000.0,
        "Normalized Income": 203760000.0,
        "Net Income From Continuing And Discontinued Operation": 165000000.0,
        "Total Expenses": 524000000.0,
        "Total Operating Income As Reported": 368000000.0,
        "Diluted Average Shares": 651000000.0,
        "Basic Average Shares": 647000000.0,
        "Diluted EPS": 0.25,
        "Basic EPS": 0.26,
        "Diluted NI Availto Com Stockholders": 165000000.0,
        "Net Income Common Stockholders": 165000000.0,
        "Net Income": 165000000.0,
        "Net Income Including Noncontrolling Interests": 165000000.0,
        "Net Income Continuous Operations": 165000000.0,
        "Tax Provision": 51000000.0,
        "Pretax Income": 216000000.0,
        "Other Income Expense": -47000000.0,
        "Other Non Operating Income Expenses": 4000000.0,
        "Special Income Charges": -44000000.0,
        "Gain On Sale Of Ppe": 0.0,
        "Restructuring And Mergern Acquisition": 44000000.0,
        "Gain On Sale Of Security": -7000000.0,
        "Net Non Operating Interest Income Expense": -149000000.0,
        "Interest Expense Non Operating": 154000000.0,
        "Interest Income Non Operating": 5000000.0,
        "Operating Income": 412000000.0,
        "Operating Expense": 346000000.0,
        "Depreciation Amortization Depletion Income Statement": 61000000.0,
        "Depreciation And Amortization In Income Statement": 61000000.0,
        "Amortization": 61000000.0,
        "Amortization Of Intangibles Income Statement": 61000000.0,
        "Research And Development": 91000000.0,
        "Selling General And Administration": 194000000.0,
        "Selling And Marketing Expense": 183000000.0,
        "General And Administrative Expense": 11000000.0,
        "Other Gand A": 11000000.0,
        "Gross Profit": 758000000.0,
        "Cost Of Revenue": 178000000.0,
        "Total Revenue": 936000000.0,
        "Operating Revenue": 936000000.0
    },
    "2022-09-30": {
        "Tax Effect Of Unusual Items": -1890000.0,
        "Tax Rate For Calcs": 0.21,
        "Normalized EBITDA": 301000000.0,
        "Total Unusual Items": -9000000.0,
        "Total Unusual Items Excluding Goodwill": -9000000.0,
        "Net Income From Continuing Operation Net Minority Interest": 69000000.0,
        "Reconciled Depreciation": 49000000.0,
        "Reconciled Cost Of Revenue": 99000000.0,
        "EBITDA": 292000000.0,
        "EBIT": 243000000.0,
        "Net Interest Income": -48000000.0,
        "Interest Expense": 48000000.0,
        "Interest Income": 3000000.0,
        "Normalized Income": 76110000.0,
        "Net Income From Continuing And Discontinued Operation": 69000000.0,
        "Total Expenses": 498000000.0,
        "Total Operating Income As Reported": 241000000.0,
        "Diluted Average Shares": 595000000.0,
        "Basic Average Shares": 590000000.0,
        "Diluted EPS": 0.12,
        "Basic EPS": 0.12,
        "Diluted NI Availto Com Stockholders": 69000000.0,
        "Net Income Common Stockholders": 69000000.0,
        "Net Income": 69000000.0,
        "Net Income Including Noncontrolling Interests": 69000000.0,
        "Net Income Continuous Operations": 69000000.0,
        "Tax Provision": 126000000.0,
        "Pretax Income": 195000000.0,
        "Other Income Expense": -7000000.0,
        "Other Non Operating Income Expenses": 2000000.0,
        "Special Income Charges": -9000000.0,
        "Gain On Sale Of Ppe": 0.0,
        "Other Special Charges": 9000000.0,
        "Restructuring And Mergern Acquisition": 9000000.0,
        "Gain On Sale Of Security": 2000000.0,
        "Net Non Operating Interest Income Expense": -48000000.0,
        "Interest Expense Non Operating": 48000000.0,
        "Interest Income Non Operating": 3000000.0,
        "Operating Income": 250000000.0,
        "Operating Expense": 379000000.0,
        "Depreciation Amortization Depletion Income Statement": 29000000.0,
        "Depreciation And Amortization In Income Statement": 29000000.0,
        "Amortization": 29000000.0,
        "Amortization Of Intangibles Income Statement": 29000000.0,
        "Research And Development": 73000000.0,
        "Selling General And Administration": 277000000.0,
        "Selling And Marketing Expense": 167000000.0,
        "General And Administrative Expense": 110000000.0,
        "Other Gand A": 110000000.0,
        "Gross Profit": 629000000.0,
        "Cost Of Revenue": 119000000.0,
        "Total Revenue": 748000000.0,
        "Operating Revenue": 748000000.0
    },
    "2022-06-30": {
        "Tax Effect Of Unusual Items": -253275.10917,
        "Tax Rate For Calcs": 0.126638,
        "Normalized EBITDA": 291000000.0,
        "Total Unusual Items": -2000000.0,
        "Total Unusual Items Excluding Goodwill": -2000000.0,
        "Net Income From Continuing Operation Net Minority Interest": 200000000.0,
        "Reconciled Depreciation": 29000000.0,
        "Reconciled Cost Of Revenue": 94000000.0,
        "EBITDA": 289000000.0,
        "EBIT": 260000000.0,
        "Net Interest Income": -31000000.0,
        "Interest Expense": 31000000.0,
        "Interest Income": 2000000.0,
        "Normalized Income": 201746724.89083,
        "Net Income From Continuing And Discontinued Operation": 200000000.0,
        "Total Expenses": 444000000.0,
        "Total Operating Income As Reported": 261000000.0,
        "Diluted Average Shares": 604000000.0,
        "Basic Average Shares": 578000000.0,
        "Diluted EPS": 0.33,
        "Basic EPS": 0.35,
        "Diluted NI Availto Com Stockholders": 200000000.0,
        "Net Income Common Stockholders": 200000000.0,
        "Net Income": 200000000.0,
        "Net Income Including Noncontrolling Interests": 200000000.0,
        "Net Income Continuous Operations": 200000000.0,
        "Tax Provision": 29000000.0,
        "Pretax Income": 229000000.0,
        "Other Income Expense": -3000000.0,
        "Other Non Operating Income Expenses": -1000000.0,
        "Special Income Charges": -2000000.0,
        "Gain On Sale Of Ppe": NaN,
        "Other Special Charges": NaN,
        "Restructuring And Mergern Acquisition": 2000000.0,
        "Gain On Sale Of Security": -1000000.0,
        "Net Non Operating Interest Income Expense": -31000000.0,
        "Interest Expense Non Operating": 31000000.0,
        "Interest Income Non Operating": 2000000.0,
        "Operating Income": 263000000.0,
        "Operating Expense": 342000000.0,
        "Depreciation Amortization Depletion Income Statement": 21000000.0,
        "Depreciation And Amortization In Income Statement": 21000000.0,
        "Amortization": 21000000.0,
        "Amortization Of Intangibles Income Statement": 21000000.0,
        "Research And Development": 61000000.0,
        "Selling General And Administration": 260000000.0,
        "Selling And Marketing Expense": 156000000.0,
        "General And Administrative Expense": 104000000.0,
        "Other Gand A": 104000000.0,
        "Gross Profit": 605000000.0,
        "Cost Of Revenue": 102000000.0,
        "Total Revenue": 707000000.0,
        "Operating Revenue": 707000000.0
    },
    "2023-06-30": {
        "Tax Effect Of Unusual Items": -840000.0,
        "Tax Rate For Calcs": 0.07,
        "Normalized EBITDA": 511000000.0,
        "Total Unusual Items": -12000000.0,
        "Total Unusual Items Excluding Goodwill": -12000000.0,
        "Net Income From Continuing Operation Net Minority Interest": 189000000.0,
        "Reconciled Depreciation": 125000000.0,
        "Reconciled Cost Of Revenue": 115000000.0,
        "EBITDA": 499000000.0,
        "EBIT": 374000000.0,
        "Net Interest Income": -164000000.0,
        "Interest Expense": 170000000.0,
        "Interest Income": 6000000.0,
        "Normalized Income": 200160000.0,
        "Net Income From Continuing And Discontinued Operation": 189000000.0,
        "Total Expenses": 567000000.0,
        "Total Operating Income As Reported": 362000000.0,
        "Diluted Average Shares": 643000000.0,
        "Basic Average Shares": 640000000.0,
        "Diluted EPS": 0.29,
        "Basic EPS": 0.3,
        "Diluted NI Availto Com Stockholders": 189000000.0,
        "Net Income Common Stockholders": 189000000.0,
        "Net Income": 189000000.0,
        "Net Income Including Noncontrolling Interests": 189000000.0,
        "Net Income Continuous Operations": 189000000.0,
        "Tax Provision": 15000000.0,
        "Pretax Income": 204000000.0,
        "Other Income Expense": -11000000.0,
        "Other Non Operating Income Expenses": 1000000.0,
        "Special Income Charges": -13000000.0,
        "Gain On Sale Of Ppe": 4000000.0,
        "Restructuring And Mergern Acquisition": 17000000.0,
        "Gain On Sale Of Security": 1000000.0,
        "Net Non Operating Interest Income Expense": -164000000.0,
        "Interest Expense Non Operating": 170000000.0,
        "Interest Income Non Operating": 6000000.0,
        "Operating Income": 379000000.0,
        "Operating Expense": 388000000.0,
        "Depreciation Amortization Depletion Income Statement": 61000000.0,
        "Depreciation And Amortization In Income Statement": 61000000.0,
        "Amortization": 61000000.0,
        "Amortization Of Intangibles Income Statement": 61000000.0,
        "Research And Development": 90000000.0,
        "Selling General And Administration": 237000000.0,
        "Selling And Marketing Expense": 181000000.0,
        "General And Administrative Expense": 56000000.0,
        "Other Gand A": 56000000.0,
        "Gross Profit": 767000000.0,
        "Cost Of Revenue": 179000000.0,
        "Total Revenue": 946000000.0,
        "Operating Revenue": 946000000.0
    },
    "2022-03-31": {
        "Diluted EPS": 0.2,
        "Total Revenue": 716,
        "Gross Profit": 615,
        "Operating Income": 129,
        "EBIT": 161,
        "Net Income": 120
    },
    "2021-12-31": {
        "Diluted EPS": 0.34,
        "Total Revenue": 702,
        "Gross Profit": 597,
        "Operating Income": 302,
        "EBIT": 339,
        "Net Income": 202
    },
    "2021-09-30": {
        "Diluted EPS": 0.56,
        "Total Revenue": 692,
        "Gross Profit": 592,
        "Operating Income": 287,
        "EBIT": 322,
        "Net Income": 333
    },
    "2021-06-30": {
        "Diluted EPS": 0.31,
        "Total Revenue": 686,
        "Gross Profit": 584,
        "Operating Income": 287,
        "EBIT": 323,
        "Net Income": 181
    },
    "2021-03-31": {
        "Diluted EPS": 0.32,
        "Total Revenue": 672,
        "Gross Profit": 573,
        "Operating Income": 266,
        "EBIT": 303,
        "Net Income": 194
    },
    "2020-12-31": {
        "Diluted EPS": 0.3,
        "Total Revenue": 639,
        "Gross Profit": 552,
        "Operating Income": 280,
        "EBIT": 308,
        "Net Income": 178
    },
    "2020-09-30": {
        "Diluted EPS": 0.11,
        "Total Revenue": 626,
        "Gross Profit": 536,
        "Operating Income": 230,
        "EBIT": 269,
        "Net Income": 64
    },
    "2020-06-30": {
        "Diluted EPS": 0.19,
        "Total Revenue": 614,
        "Gross Profit": 528,
        "Operating Income": 120,
        "EBIT": 166,
        "Net Income": 118
    },
    "2020-03-31": {
        "Diluted EPS": 0.39,
        "Total Revenue": 614,
        "Gross Profit": 517,
        "Operating Income": 44,
        "EBIT": 98,
        "Net Income": 231
    },
    "2019-12-31": {
        "Diluted EPS": 4.4,
        "Total Revenue": 618,
        "Gross Profit": 515,
        "Operating Income": 62,
        "EBIT": 118,
        "Net Income": NaN
    },
    "2019-09-30": {
        "Diluted EPS": 1.22,
        "Total Revenue": 608,
        "Gross Profit": 511,
        "Operating Income": 109,
        "EBIT": 202,
        "Net Income": 785
    },
    "2019-06-30": {
        "Diluted EPS": 0.04,
        "Total Revenue": 650,
        "Gross Profit": 554,
        "Operating Income": 140,
        "EBIT": 298,
        "Net Income": 26
    },
    "2019-03-31": {
        "Diluted EPS": 0.06,
        "Total Revenue": 73,
        "Gross Profit": 93,
        "Operating Income": 51,
        "EBIT": 209,
        "Net Income": 34
    },
    "2018-12-31": {
        "Diluted EPS": 0.1,
        "Total Revenue": 615,
        "Gross Profit": 505,
        "Operating Income": 62,
        "EBIT": 214,
        "Net Income": 65
    },
    "2018-09-30": {
        "Diluted EPS": -0.01,
        "Total Revenue": 612,
        "Gross Profit": 496,
        "Operating Income": 43,
        "EBIT": 196,
        "Net Income": -8
    },
    "2018-06-30": {
        "Diluted EPS": -0.1,
        "Total Revenue": NaN,
        "Gross Profit": 907,
        "Operating Income": 2,
        "EBIT": 154,
        "Net Income": -60
    },
    "2018-03-31": {
        "Diluted EPS": -0.07,
        "Total Revenue": NaN,
        "Gross Profit": -760,
        "Operating Income": -197,
        "EBIT": -42,
        "Net Income": -59
    },
    "2017-12-31": {
        "Diluted EPS": 2.01,
        "Total Revenue": NaN,
        "Gross Profit": 960,
        "Operating Income": 96,
        "EBIT": 253,
        "Net Income": NaN
    },
    "2017-09-30": {
        "Diluted EPS": -0.02,
        "Total Revenue": NaN,
        "Gross Profit": 978,
        "Operating Income": -9,
        "EBIT": 154,
        "Net Income": -12
    },
    "2017-06-30": {
        "Diluted EPS": -0.22,
        "Total Revenue": NaN,
        "Gross Profit": 918,
        "Operating Income": -44,
        "EBIT": 121,
        "Net Income": -133
    },
    "2017-03-31": {
        "Diluted EPS": -0.23,
        "Total Revenue": NaN,
        "Gross Profit": 856,
        "Operating Income": -178,
        "EBIT": -42,
        "Net Income": -143
    },
    "2016-12-31": {
        "Diluted EPS": 0.07,
        "Total Revenue": NaN,
        "Gross Profit": 806,
        "Operating Income": -16,
        "EBIT": 135,
        "Net Income": 46
    },
    "2016-09-30": {
        "Diluted EPS": -0.23,
        "Total Revenue": 979,
        "Gross Profit": 769,
        "Operating Income": -12,
        "EBIT": 121,
        "Net Income": -144
    },
    "2016-06-30": {
        "Diluted EPS": 0.22,
        "Total Revenue": 884,
        "Gross Profit": 735,
        "Operating Income": 106,
        "EBIT": 178,
        "Net Income": 135
    },
    "2016-03-31": {
        "Diluted EPS": 3.15,
        "Total Revenue": 873,
        "Gross Profit": 726,
        "Operating Income": 128,
        "EBIT": 200,
        "Net Income": NaN
    },
    "2015-12-31": {
        "Diluted EPS": 0.25,
        "Total Revenue": 909,
        "Gross Profit": 759,
        "Operating Income": 146,
        "EBIT": 220,
        "Net Income": 170
    },
    "2015-09-30": {
        "Diluted EPS": 0.23,
        "Total Revenue": 906,
        "Gross Profit": 746,
        "Operating Income": 100,
        "EBIT": 176,
        "Net Income": 156
    },
    "2015-06-30": {
        "Diluted EPS": 0.17,
        "Total Revenue": 912,
        "Gross Profit": 754,
        "Operating Income": 83,
        "EBIT": 160,
        "Net Income": 117
    },
    "2015-03-31": {
        "Diluted EPS": 0.25,
        "Total Revenue": 899,
        "Gross Profit": 723,
        "Operating Income": -49,
        "EBIT": 38,
        "Net Income": 176
    },
    "2014-12-31": {
        "Diluted EPS": 0.32,
        "Total Revenue": 970,
        "Gross Profit": 793,
        "Operating Income": 34,
        "EBIT": 73,
        "Net Income": 222
    },
    "2014-09-30": {
        "Diluted EPS": 0.35,
        "Total Revenue": NaN,
        "Gross Profit": NaN,
        "Operating Income": 348,
        "EBIT": 460,
        "Net Income": 244
    },
    "2014-06-30": {
        "Diluted EPS": 0.34,
        "Total Revenue": NaN,
        "Gross Profit": NaN,
        "Operating Income": 322,
        "EBIT": 439,
        "Net Income": 236
    },
    "2014-03-31": {
        "Diluted EPS": 0.31,
        "Total Revenue": NaN,
        "Gross Profit": NaN,
        "Operating Income": 306,
        "EBIT": 297,
        "Net Income": 217
    },
    "2013-12-31": {
        "Diluted EPS": 0.4,
        "Total Revenue": NaN,
        "Gross Profit": NaN,
        "Operating Income": 405,
        "EBIT": 516,
        "Net Income": 283
    },
    "2013-09-30": {
        "Diluted EPS": 0.34,
        "Total Revenue": NaN,
        "Gross Profit": NaN,
        "Operating Income": 248,
        "EBIT": 359,
        "Net Income": 241
    },
    "2013-06-30": {
        "Diluted EPS": 0.22,
        "Total Revenue": NaN,
        "Gross Profit": NaN,
        "Operating Income": 224,
        "EBIT": 385,
        "Net Income": 157
    },
    "2013-03-31": {
        "Diluted EPS": 0.26,
        "Total Revenue": NaN,
        "Gross Profit": NaN,
        "Operating Income": 255,
        "EBIT": 428,
        "Net Income": 190
    },
    "2012-12-31": {
        "Diluted EPS": 0.31,
        "Total Revenue": NaN,
        "Gross Profit": NaN,
        "Operating Income": 304,
        "EBIT": 478,
        "Net Income": 216
    },
    "2012-09-30": {
        "Diluted EPS": 0.27,
        "Total Revenue": NaN,
        "Gross Profit": NaN,
        "Operating Income": 297,
        "EBIT": 473,
        "Net Income": 189
    },
    "2012-06-30": {
        "Diluted EPS": 0.22,
        "Total Revenue": NaN,
        "Gross Profit": NaN,
        "Operating Income": 250,
        "EBIT": 425,
        "Net Income": 160
    },
    "2012-03-31": {
        "Diluted EPS": 0.78,
        "Total Revenue": NaN,
        "Gross Profit": NaN,
        "Operating Income": 217,
        "EBIT": 399,
        "Net Income": 574
    },
    "2011-12-31": {
        "Diluted EPS": 0.32,
        "Total Revenue": NaN,
        "Gross Profit": NaN,
        "Operating Income": 300,
        "EBIT": 475,
        "Net Income": 240
    },
    "2011-09-30": {
        "Diluted EPS": 0.24,
        "Total Revenue": NaN,
        "Gross Profit": NaN,
        "Operating Income": 285,
        "EBIT": 462,
        "Net Income": 182
    },
    "2011-06-30": {
        "Diluted EPS": 0.25,
        "Total Revenue": NaN,
        "Gross Profit": NaN,
        "Operating Income": 302,
        "EBIT": 480,
        "Net Income": 191
    },
    "2011-03-31": {
        "Diluted EPS": 0.22,
        "Total Revenue": NaN,
        "Gross Profit": NaN,
        "Operating Income": 239,
        "EBIT": 421,
        "Net Income": 168
    },
    "2010-12-31": {
        "Diluted EPS": 0.17,
        "Total Revenue": NaN,
        "Gross Profit": NaN,
        "Operating Income": 229,
        "EBIT": 413,
        "Net Income": 132
    },
    "2010-09-30": {
        "Diluted EPS": 0.17,
        "Total Revenue": NaN,
        "Gross Profit": NaN,
        "Operating Income": 218,
        "EBIT": 401,
        "Net Income": 136
    },
    "2010-06-30": {
        "Diluted EPS": 0.2,
        "Total Revenue": NaN,
        "Gross Profit": NaN,
        "Operating Income": 194,
        "EBIT": 388,
        "Net Income": 161
    },
    "2010-03-31": {
        "Diluted EPS": 0.22,
        "Total Revenue": NaN,
        "Gross Profit": NaN,
        "Operating Income": 247,
        "EBIT": 444,
        "Net Income": 184
    },
    "2009-12-31": {
        "Diluted EPS": 0.37,
        "Total Revenue": NaN,
        "Gross Profit": NaN,
        "Operating Income": 277,
        "EBIT": 471,
        "Net Income": 301
    },
    "2009-09-30": {
        "Diluted EPS": 0.19,
        "Total Revenue": NaN,
        "Gross Profit": NaN,
        "Operating Income": 257,
        "EBIT": 457,
        "Net Income": 155
    },
    "2009-06-30": {
        "Diluted EPS": 0.09,
        "Total Revenue": NaN,
        "Gross Profit": NaN,
        "Operating Income": 152,
        "EBIT": 398,
        "Net Income": 74
    },
    "2009-03-31": {
        "Diluted EPS": -0.27,
        "Total Revenue": NaN,
        "Gross Profit": NaN,
        "Operating Income": -192,
        "EBIT": 457,
        "Net Income": -264
    },
    "2023-09-30": {
        "Tax Effect Of Unusual Items": -3360000.0,
        "Tax Rate For Calcs": 0.21,
        "Normalized EBITDA": 173000000.0,
        "Total Unusual Items": -16000000.0,
        "Total Unusual Items Excluding Goodwill": -16000000.0,
        "Net Income From Continuing Operation Net Minority Interest": 149000000.0,
        "Reconciled Depreciation": 125000000.0,
        "Reconciled Cost Of Revenue": 116000000.0,
        "EBITDA": 157000000.0,
        "EBIT": 32000000.0,
        "Net Interest Income": -167000000.0,
        "Interest Expense": 173000000.0,
        "Interest Income": 6000000.0,
        "Normalized Income": 161640000.0,
        "Net Income From Continuing And Discontinued Operation": 149000000.0,
        "Total Expenses": 906000000.0,
        "Total Operating Income As Reported": 25000000.0,
        "Diluted Average Shares": 644000000.0,
        "Basic Average Shares": 640000000.0,
        "Diluted EPS": 0.23,
        "Basic EPS": 0.23,
        "Diluted NI Availto Com Stockholders": 149000000.0,
        "Net Income Common Stockholders": 149000000.0,
        "Net Income": 149000000.0,
        "Net Income Including Noncontrolling Interests": 149000000.0,
        "Net Income Continuous Operations": 149000000.0,
        "Tax Provision": -290000000.0,
        "Pretax Income": -141000000.0,
        "Other Income Expense": -16000000.0,
        "Other Non Operating Income Expenses": NaN,
        "Special Income Charges": -17000000.0,
        "Gain On Sale Of Ppe": 0.0,
        "Restructuring And Mergern Acquisition": 17000000.0,
        "Gain On Sale Of Security": 1000000.0,
        "Net Non Operating Interest Income Expense": -167000000.0,
        "Interest Expense Non Operating": 173000000.0,
        "Interest Income Non Operating": 6000000.0,
        "Operating Income": 42000000.0,
        "Operating Expense": 726000000.0,
        "Depreciation Amortization Depletion Income Statement": 61000000.0,
        "Depreciation And Amortization In Income Statement": 61000000.0,
        "Amortization": 61000000.0,
        "Amortization Of Intangibles Income Statement": 61000000.0,
        "Research And Development": 85000000.0,
        "Selling General And Administration": 580000000.0,
        "Selling And Marketing Expense": 187000000.0,
        "General And Administrative Expense": 393000000.0,
        "Other Gand A": 393000000.0,
        "Gross Profit": 768000000.0,
        "Cost Of Revenue": 180000000.0,
        "Total Revenue": 948000000.0,
        "Operating Revenue": 948000000.0
    },
    "2023-12-31": {
        "Tax Effect Of Unusual Items": 400000.0,
        "Tax Rate For Calcs": 0.2,
        "Normalized EBITDA": 468000000.0,
        "Total Unusual Items": 2000000.0,
        "Total Unusual Items Excluding Goodwill": 2000000.0,
        "Net Income From Continuing Operation Net Minority Interest": 144000000.0,
        "Reconciled Depreciation": 124000000.0,
        "Reconciled Cost Of Revenue": 119000000.0,
        "EBITDA": 470000000.0,
        "EBIT": 346000000.0,
        "Net Interest Income": -160000000.0,
        "Interest Expense": 165000000.0,
        "Interest Income": 5000000.0,
        "Normalized Income": 142400000.0,
        "Net Income From Continuing And Discontinued Operation": 144000000.0,
        "Total Expenses": 614000000.0,
        "Total Operating Income As Reported": 335000000.0,
        "Diluted Average Shares": 645000000.0,
        "Basic Average Shares": 639000000.0,
        "Diluted EPS": 0.22,
        "Basic EPS": 0.23,
        "Diluted NI Availto Com Stockholders": 144000000.0,
        "Net Income Common Stockholders": 144000000.0,
        "Net Income": 144000000.0,
        "Net Income Including Noncontrolling Interests": 144000000.0,
        "Net Income Continuous Operations": 144000000.0,
        "Tax Provision": 37000000.0,
        "Pretax Income": 181000000.0,
        "Other Income Expense": 4000000.0,
        "Other Non Operating Income Expenses": 2000000.0,
        "Special Income Charges": 3000000.0,
        "Gain On Sale Of Ppe": 5000000.0,
        "Restructuring And Mergern Acquisition": 2000000.0,
        "Gain On Sale Of Security": -1000000.0,
        "Net Non Operating Interest Income Expense": -160000000.0,
        "Interest Expense Non Operating": 165000000.0,
        "Interest Income Non Operating": 5000000.0,
        "Operating Income": 337000000.0,
        "Operating Expense": 432000000.0,
        "Depreciation Amortization Depletion Income Statement": 61000000.0,
        "Depreciation And Amortization In Income Statement": 61000000.0,
        "Amortization": 61000000.0,
        "Amortization Of Intangibles Income Statement": 61000000.0,
        "Research And Development": 77000000.0,
        "Selling General And Administration": 294000000.0,
        "Selling And Marketing Expense": 184000000.0,
        "General And Administrative Expense": 110000000.0,
        "Other Gand A": 110000000.0,
        "Gross Profit": 769000000.0,
        "Cost Of Revenue": 182000000.0,
        "Total Revenue": 951000000.0,
        "Operating Revenue": 951000000.0
    }
}