{
    "2023-12-31": {
        "Tax Effect Of Unusual Items": 349370.0,
        "Tax Rate For Calcs": 0.23,
        "Normalized EBITDA": 2529000.0,
        "Total Unusual Items": 1519000.0,
        "Total Unusual Items Excluding Goodwill": 1519000.0,
        "Net Income From Continuing Operation Net Minority Interest": 4326000.0,
        "Reconciled Depreciation": 665000.0,
        "Reconciled Cost Of Revenue": 18484000.0,
        "EBITDA": 4048000.0,
        "EBIT": 3383000.0,
        "Net Interest Income": 716000.0,
        "Interest Income": 716000.0,
        "Normalized Income": 3156370.0,
        "Net Income From Continuing And Discontinued Operation": 4326000.0,
        "Total Expenses": 22635000.0,
        "Total Operating Income As Reported": 3383000.0,
        "Diluted Average Shares": 14658000.0,
        "Basic Average Shares": 14658000.0,
        "Diluted EPS": 0.3,
        "Basic EPS": 0.3,
        "Diluted NI Availto Com Stockholders": 4326000.0,
        "Net Income Common Stockholders": 4326000.0,
        "Net Income": 4326000.0,
        "Net Income Including Noncontrolling Interests": 4326000.0,
        "Net Income Continuous Operations": 4326000.0,
        "Tax Provision": 1292000.0,
        "Pretax Income": 5618000.0,
        "Other Income Expense": 1519000.0,
        "Gain On Sale Of Security": 1519000.0,
        "Net Non Operating Interest Income Expense": 716000.0,
        "Interest Income Non Operating": 716000.0,
        "Operating Income": 3383000.0,
        "Operating Expense": 4151000.0,
        "Research And Development": 801000.0,
        "Selling General And Administration": 3350000.0,
        "Gross Profit": 7534000.0,
        "Cost Of Revenue": 18484000.0,
        "Total Revenue": 26018000.0,
        "Operating Revenue": 25945000.0
    },
    "2023-09-30": {
        "Tax Effect Of Unusual Items": 76218.438538,
        "Tax Rate For Calcs": 0.140365,
        "Normalized EBITDA": 2892000.0,
        "Total Unusual Items": 543000.0,
        "Total Unusual Items Excluding Goodwill": 543000.0,
        "Net Income From Continuing Operation Net Minority Interest": 3105000.0,
        "Reconciled Depreciation": 743000.0,
        "Reconciled Cost Of Revenue": 14258000.0,
        "EBITDA": 3435000.0,
        "EBIT": 2692000.0,
        "Net Interest Income": 377000.0,
        "Interest Income": 377000.0,
        "Normalized Income": 2638218.438538,
        "Net Income From Continuing And Discontinued Operation": 3105000.0,
        "Total Expenses": 18179000.0,
        "Total Operating Income As Reported": 2692000.0,
        "Diluted Average Shares": NaN,
        "Basic Average Shares": NaN,
        "Diluted EPS": NaN,
        "Basic EPS": NaN,
        "Diluted NI Availto Com Stockholders": 3105000.0,
        "Net Income Common Stockholders": 3105000.0,
        "Net Income": 3105000.0,
        "Net Income Including Noncontrolling Interests": 3105000.0,
        "Net Income Continuous Operations": 3105000.0,
        "Tax Provision": 507000.0,
        "Pretax Income": 3612000.0,
        "Other Income Expense": 543000.0,
        "Gain On Sale Of Security": 543000.0,
        "Net Non Operating Interest Income Expense": 377000.0,
        "Interest Income Non Operating": 377000.0,
        "Operating Income": 2692000.0,
        "Operating Expense": 3921000.0,
        "Research And Development": 842000.0,
        "Selling General And Administration": 3079000.0,
        "Gross Profit": 6613000.0,
        "Cost Of Revenue": 14258000.0,
        "Total Revenue": 20871000.0,
        "Operating Revenue": 20537000.0
    },
    "2023-06-30": {
        "Tax Effect Of Unusual Items": 10584.85139,
        "Tax Rate For Calcs": 0.230105,
        "Normalized EBITDA": 4104000.0,
        "Total Unusual Items": 46000.0,
        "Total Unusual Items Excluding Goodwill": 46000.0,
        "Net Income From Continuing Operation Net Minority Interest": 3212000.0,
        "Reconciled Depreciation": 697000.0,
        "Reconciled Cost Of Revenue": 20365000.0,
        "EBITDA": 4150000.0,
        "EBIT": 3453000.0,
        "Net Interest Income": 673000.0,
        "Interest Income": 673000.0,
        "Normalized Income": 3176584.85139,
        "Net Income From Continuing And Discontinued Operation": 3212000.0,
        "Total Expenses": 24424000.0,
        "Total Operating Income As Reported": 3453000.0,
        "Diluted Average Shares": 14658000.0,
        "Basic Average Shares": 14658000.0,
        "Diluted EPS": 0.22,
        "Basic EPS": 0.22,
        "Diluted NI Availto Com Stockholders": 3212000.0,
        "Net Income Common Stockholders": 3212000.0,
        "Net Income": 3212000.0,
        "Net Income Including Noncontrolling Interests": 3212000.0,
        "Net Income Continuous Operations": 3212000.0,
        "Tax Provision": 960000.0,
        "Pretax Income": 4172000.0,
        "Other Income Expense": 46000.0,
        "Gain On Sale Of Security": 46000.0,
        "Net Non Operating Interest Income Expense": 673000.0,
        "Interest Income Non Operating": 673000.0,
        "Operating Income": 3453000.0,
        "Operating Expense": 4059000.0,
        "Research And Development": 845000.0,
        "Selling General And Administration": 3214000.0,
        "Gross Profit": 7512000.0,
        "Cost Of Revenue": 20365000.0,
        "Total Revenue": 27877000.0,
        "Operating Revenue": 27779000.0
    },
    "2023-03-31": {
        "Tax Effect Of Unusual Items": NaN,
        "Tax Rate For Calcs": NaN,
        "Normalized EBITDA": NaN,
        "Total Unusual Items": NaN,
        "Total Unusual Items Excluding Goodwill": NaN,
        "Net Income From Continuing Operation Net Minority Interest": NaN,
        "Reconciled Depreciation": NaN,
        "Reconciled Cost Of Revenue": NaN,
        "EBITDA": NaN,
        "EBIT": NaN,
        "Net Interest Income": NaN,
        "Interest Income": NaN,
        "Normalized Income": NaN,
        "Net Income From Continuing And Discontinued Operation": NaN,
        "Total Expenses": NaN,
        "Total Operating Income As Reported": NaN,
        "Diluted Average Shares": 14658000.0,
        "Basic Average Shares": 14658000.0,
        "Diluted EPS": 0.33,
        "Basic EPS": 0.33,
        "Diluted NI Availto Com Stockholders": NaN,
        "Net Income Common Stockholders": NaN,
        "Net Income": NaN,
        "Net Income Including Noncontrolling Interests": NaN,
        "Net Income Continuous Operations": NaN,
        "Tax Provision": NaN,
        "Pretax Income": NaN,
        "Other Income Expense": NaN,
        "Gain On Sale Of Security": NaN,
        "Net Non Operating Interest Income Expense": NaN,
        "Interest Income Non Operating": NaN,
        "Operating Income": NaN,
        "Operating Expense": NaN,
        "Research And Development": NaN,
        "Selling General And Administration": NaN,
        "Gross Profit": NaN,
        "Cost Of Revenue": NaN,
        "Total Revenue": NaN,
        "Operating Revenue": NaN
    },
    "2024-03-31": {
        "Tax Effect Of Unusual Items": 47150.0,
        "Tax Rate For Calcs": 0.23,
        "Normalized EBITDA": 7530000.0,
        "Total Unusual Items": 205000.0,
        "Total Unusual Items Excluding Goodwill": 205000.0,
        "Net Income From Continuing Operation Net Minority Interest": 6222000.0,
        "Reconciled Depreciation": 663000.0,
        "Reconciled Cost Of Revenue": 28354000.0,
        "EBITDA": 7735000.0,
        "EBIT": 7072000.0,
        "Net Interest Income": 803000.0,
        "Interest Income": 803000.0,
        "Normalized Income": 6064150.0,
        "Net Income From Continuing And Discontinued Operation": 6222000.0,
        "Total Expenses": 33604000.0,
        "Total Operating Income As Reported": 7072000.0,
        "Diluted Average Shares": 14658000.0,
        "Basic Average Shares": 14658000.0,
        "Diluted EPS": 0.42,
        "Basic EPS": 0.42,
        "Diluted NI Availto Com Stockholders": 6222000.0,
        "Net Income Common Stockholders": 6222000.0,
        "Net Income": 6222000.0,
        "Net Income Including Noncontrolling Interests": 6222000.0,
        "Net Income Continuous Operations": 6222000.0,
        "Tax Provision": 1858000.0,
        "Pretax Income": 8080000.0,
        "Other Income Expense": 205000.0,
        "Gain On Sale Of Security": 205000.0,
        "Net Non Operating Interest Income Expense": 803000.0,
        "Interest Income Non Operating": 803000.0,
        "Operating Income": 7072000.0,
        "Operating Expense": 5250000.0,
        "Research And Development": 893000.0,
        "Selling General And Administration": 4357000.0,
        "Gross Profit": 12322000.0,
        "Cost Of Revenue": 28354000.0,
        "Total Revenue": 40676000.0,
        "Operating Revenue": 40127000.0
    },
    "2022-12-31": {
        "Tax Effect Of Unusual Items": NaN,
        "Tax Rate For Calcs": NaN,
        "Normalized EBITDA": NaN,
        "Total Unusual Items": NaN,
        "Total Unusual Items Excluding Goodwill": NaN,
        "Net Income From Continuing Operation Net Minority Interest": NaN,
        "Reconciled Depreciation": NaN,
        "Reconciled Cost Of Revenue": NaN,
        "EBITDA": NaN,
        "EBIT": NaN,
        "Net Interest Income": NaN,
        "Interest Income": NaN,
        "Normalized Income": NaN,
        "Net Income From Continuing And Discontinued Operation": NaN,
        "Total Expenses": NaN,
        "Total Operating Income As Reported": NaN,
        "Diluted Average Shares": 14658000.0,
        "Basic Average Shares": 14658000.0,
        "Diluted EPS": 0.24,
        "Basic EPS": 0.24,
        "Diluted NI Availto Com Stockholders": NaN,
        "Net Income Common Stockholders": NaN,
        "Net Income": NaN,
        "Net Income Including Noncontrolling Interests": NaN,
        "Net Income Continuous Operations": NaN,
        "Tax Provision": NaN,
        "Pretax Income": NaN,
        "Other Income Expense": NaN,
        "Gain On Sale Of Security": NaN,
        "Net Non Operating Interest Income Expense": NaN,
        "Interest Income Non Operating": NaN,
        "Operating Income": NaN,
        "Operating Expense": NaN,
        "Research And Development": NaN,
        "Selling General And Administration": NaN,
        "Gross Profit": NaN,
        "Cost Of Revenue": NaN,
        "Total Revenue": NaN,
        "Operating Revenue": NaN
    },
    "2022-09-30": {
        "Tax Effect Of Unusual Items": NaN,
        "Tax Rate For Calcs": NaN,
        "Normalized EBITDA": NaN,
        "Total Unusual Items": NaN,
        "Total Unusual Items Excluding Goodwill": NaN,
        "Net Income From Continuing Operation Net Minority Interest": NaN,
        "Reconciled Depreciation": NaN,
        "Reconciled Cost Of Revenue": NaN,
        "EBITDA": NaN,
        "EBIT": NaN,
        "Net Interest Income": NaN,
        "Interest Income": NaN,
        "Normalized Income": NaN,
        "Net Income From Continuing And Discontinued Operation": NaN,
        "Total Expenses": NaN,
        "Total Operating Income As Reported": NaN,
        "Diluted Average Shares": NaN,
        "Basic Average Shares": NaN,
        "Diluted EPS": NaN,
        "Basic EPS": NaN,
        "Diluted NI Availto Com Stockholders": NaN,
        "Net Income Common Stockholders": NaN,
        "Net Income": NaN,
        "Net Income Including Noncontrolling Interests": NaN,
        "Net Income Continuous Operations": NaN,
        "Tax Provision": NaN,
        "Pretax Income": NaN,
        "Other Income Expense": NaN,
        "Other Non Operating Income Expenses": -17000.0,
        "Gain On Sale Of Security": NaN,
        "Net Non Operating Interest Income Expense": NaN,
        "Interest Income Non Operating": NaN,
        "Operating Income": NaN,
        "Operating Expense": NaN,
        "Research And Development": NaN,
        "Selling General And Administration": NaN,
        "Gross Profit": NaN,
        "Cost Of Revenue": NaN,
        "Total Revenue": NaN,
        "Operating Revenue": NaN
    },
    "2024-06-30": {
        "Tax Effect Of Unusual Items": 83483.443709,
        "Tax Rate For Calcs": 0.229982,
        "Normalized EBITDA": 2273000.0,
        "Total Unusual Items": 363000.0,
        "Total Unusual Items Excluding Goodwill": 363000.0,
        "Net Income From Continuing Operation Net Minority Interest": 2558000.0,
        "Reconciled Depreciation": 643000.0,
        "Reconciled Cost Of Revenue": 19444000.0,
        "EBITDA": 2636000.0,
        "EBIT": 1993000.0,
        "Net Interest Income": 966000.0,
        "Interest Income": 966000.0,
        "Normalized Income": 2278483.443709,
        "Net Income From Continuing And Discontinued Operation": 2558000.0,
        "Total Expenses": 23558000.0,
        "Total Operating Income As Reported": 1993000.0,
        "Diluted Average Shares": 14658000.0,
        "Basic Average Shares": 14658000.0,
        "Diluted EPS": 0.17,
        "Basic EPS": 0.17,
        "Diluted NI Availto Com Stockholders": 2558000.0,
        "Net Income Common Stockholders": 2558000.0,
        "Net Income": 2558000.0,
        "Net Income Including Noncontrolling Interests": 2558000.0,
        "Net Income Continuous Operations": 2558000.0,
        "Tax Provision": 764000.0,
        "Pretax Income": 3322000.0,
        "Other Income Expense": 363000.0,
        "Gain On Sale Of Security": 363000.0,
        "Net Non Operating Interest Income Expense": 966000.0,
        "Interest Income Non Operating": 966000.0,
        "Operating Income": 1993000.0,
        "Operating Expense": 4114000.0,
        "Research And Development": 824000.0,
        "Selling General And Administration": 3290000.0,
        "Gross Profit": 6107000.0,
        "Cost Of Revenue": 19444000.0,
        "Total Revenue": 25551000.0,
        "Operating Revenue": 25387000.0
    }
}