{
    "2023-03-31": {
        "Tax Effect Of Unusual Items": -42568.0,
        "Tax Rate For Calcs": 0.313,
        "Normalized EBITDA": 125751000.0,
        "Total Unusual Items": -136000.0,
        "Total Unusual Items Excluding Goodwill": -136000.0,
        "Net Income From Continuing Operation Net Minority Interest": 28003000.0,
        "Reconciled Depreciation": 31923000.0,
        "Reconciled Cost Of Revenue": 433492000.0,
        "EBITDA": 125615000.0,
        "EBIT": 93692000.0,
        "Net Interest Income": -53090000.0,
        "Interest Expense": 54258000.0,
        "Interest Income": 1168000.0,
        "Normalized Income": 28096432.0,
        "Net Income From Continuing And Discontinued Operation": 28003000.0,
        "Total Expenses": 515549000.0,
        "Total Operating Income As Reported": 92660000.0,
        "Diluted Average Shares": 125139000.0,
        "Basic Average Shares": 121432000.0,
        "Diluted EPS": 0.19,
        "Basic EPS": 0.19,
        "Diluted NI Availto Com Stockholders": 23233000.0,
        "Net Income Common Stockholders": 23233000.0,
        "Otherunder Preferred Stock Dividend": 4770000.0,
        "Net Income": 28003000.0,
        "Minority Interests": 9000.0,
        "Net Income Including Noncontrolling Interests": 27994000.0,
        "Net Income Continuous Operations": 27994000.0,
        "Earnings From Equity Interest Net Of Tax": 922000.0,
        "Tax Provision": 12362000.0,
        "Pretax Income": 39434000.0,
        "Other Income Expense": -136000.0,
        "Special Income Charges": -136000.0,
        "Gain On Sale Of Ppe": 0.0,
        "Other Special Charges": 136000.0,
        "Net Non Operating Interest Income Expense": -53090000.0,
        "Interest Expense Non Operating": 54258000.0,
        "Interest Income Non Operating": 1168000.0,
        "Operating Income": 92660000.0,
        "Operating Expense": 82057000.0,
        "Other Operating Expenses": NaN,
        "Depreciation Amortization Depletion Income Statement": 31923000.0,
        "Depreciation And Amortization In Income Statement": 31923000.0,
        "Selling General And Administration": 50134000.0,
        "General And Administrative Expense": 50134000.0,
        "Other Gand A": 50134000.0,
        "Gross Profit": 174717000.0,
        "Cost Of Revenue": 433492000.0,
        "Total Revenue": 608209000.0,
        "Operating Revenue": 608209000.0
    },
    "2022-12-31": {
        "Tax Effect Of Unusual Items": -109070.83996,
        "Tax Rate For Calcs": 0.26733,
        "Normalized EBITDA": 141552000.0,
        "Total Unusual Items": -408000.0,
        "Total Unusual Items Excluding Goodwill": -408000.0,
        "Net Income From Continuing Operation Net Minority Interest": 41530000.0,
        "Reconciled Depreciation": 32641000.0,
        "Reconciled Cost Of Revenue": 430566000.0,
        "EBITDA": 141144000.0,
        "EBIT": 108503000.0,
        "Net Interest Income": -52637000.0,
        "Interest Expense": 53167000.0,
        "Interest Income": 530000.0,
        "Normalized Income": 41828929.16004,
        "Net Income From Continuing And Discontinued Operation": 41530000.0,
        "Total Expenses": 512301000.0,
        "Total Operating Income As Reported": 108381000.0,
        "Diluted Average Shares": 124545000.0,
        "Basic Average Shares": 121165000.0,
        "Diluted EPS": 0.28,
        "Basic EPS": 0.29,
        "Diluted NI Availto Com Stockholders": 63789000.0,
        "Net Income Common Stockholders": 63789000.0,
        "Otherunder Preferred Stock Dividend": NaN,
        "Net Income": 41530000.0,
        "Minority Interests": 2000.0,
        "Net Income Including Noncontrolling Interests": 41528000.0,
        "Net Income Continuous Operations": 41528000.0,
        "Earnings From Equity Interest Net Of Tax": 985000.0,
        "Tax Provision": 14793000.0,
        "Pretax Income": 55336000.0,
        "Other Income Expense": -408000.0,
        "Special Income Charges": -408000.0,
        "Gain On Sale Of Ppe": 0.0,
        "Other Special Charges": 408000.0,
        "Net Non Operating Interest Income Expense": -52637000.0,
        "Interest Expense Non Operating": 53167000.0,
        "Interest Income Non Operating": 530000.0,
        "Operating Income": 108381000.0,
        "Operating Expense": 81735000.0,
        "Other Operating Expenses": NaN,
        "Depreciation Amortization Depletion Income Statement": 32641000.0,
        "Depreciation And Amortization In Income Statement": 32641000.0,
        "Selling General And Administration": 49094000.0,
        "General And Administrative Expense": 49094000.0,
        "Other Gand A": 49094000.0,
        "Gross Profit": 190116000.0,
        "Cost Of Revenue": 430566000.0,
        "Total Revenue": 620682000.0,
        "Operating Revenue": 620682000.0
    },
    "2022-09-30": {
        "Tax Effect Of Unusual Items": -1903750.861056,
        "Tax Rate For Calcs": 0.231938,
        "Normalized EBITDA": 135562000.0,
        "Total Unusual Items": -8208000.0,
        "Total Unusual Items Excluding Goodwill": -8208000.0,
        "Net Income From Continuing Operation Net Minority Interest": 38337000.0,
        "Reconciled Depreciation": 32330000.0,
        "Reconciled Cost Of Revenue": 436210000.0,
        "EBITDA": 127354000.0,
        "EBIT": 95024000.0,
        "Net Interest Income": -41426000.0,
        "Interest Expense": 46537000.0,
        "Interest Income": 5111000.0,
        "Normalized Income": 44641249.138944,
        "Net Income From Continuing And Discontinued Operation": 38337000.0,
        "Total Expenses": 518562000.0,
        "Total Operating Income As Reported": 98121000.0,
        "Diluted Average Shares": 122426000.0,
        "Basic Average Shares": 121154000.0,
        "Diluted EPS": 0.26,
        "Basic EPS": 0.26,
        "Diluted NI Availto Com Stockholders": 38337000.0,
        "Net Income Common Stockholders": 38337000.0,
        "Otherunder Preferred Stock Dividend": 6543000.0,
        "Net Income": 38337000.0,
        "Minority Interests": 25000.0,
        "Net Income Including Noncontrolling Interests": 38312000.0,
        "Net Income Continuous Operations": 38312000.0,
        "Earnings From Equity Interest Net Of Tax": 1071000.0,
        "Tax Provision": 11246000.0,
        "Pretax Income": 48487000.0,
        "Other Income Expense": -8208000.0,
        "Special Income Charges": -8208000.0,
        "Gain On Sale Of Ppe": 29279000.0,
        "Other Special Charges": 37487000.0,
        "Net Non Operating Interest Income Expense": -41426000.0,
        "Interest Expense Non Operating": 46537000.0,
        "Interest Income Non Operating": 5111000.0,
        "Operating Income": 98121000.0,
        "Operating Expense": 82352000.0,
        "Other Operating Expenses": NaN,
        "Depreciation Amortization Depletion Income Statement": 32330000.0,
        "Depreciation And Amortization In Income Statement": 32330000.0,
        "Selling General And Administration": 50022000.0,
        "General And Administrative Expense": 50022000.0,
        "Other Gand A": 50022000.0,
        "Gross Profit": 180473000.0,
        "Cost Of Revenue": 436210000.0,
        "Total Revenue": 616683000.0,
        "Operating Revenue": 616683000.0
    },
    "2022-06-30": {
        "Tax Effect Of Unusual Items": 978880.0,
        "Tax Rate For Calcs": 0.266,
        "Normalized EBITDA": 132652000.0,
        "Total Unusual Items": 3680000.0,
        "Total Unusual Items Excluding Goodwill": 3680000.0,
        "Net Income From Continuing Operation Net Minority Interest": 53727000.0,
        "Reconciled Depreciation": 32016000.0,
        "Reconciled Cost Of Revenue": 411791000.0,
        "EBITDA": 136332000.0,
        "EBIT": 104316000.0,
        "Net Interest Income": -27663000.0,
        "Interest Expense": 33225000.0,
        "Interest Income": 5562000.0,
        "Normalized Income": 51025880.0,
        "Net Income From Continuing And Discontinued Operation": 53727000.0,
        "Total Expenses": 493103000.0,
        "Total Operating Income As Reported": 95074000.0,
        "Diluted Average Shares": 121881000.0,
        "Basic Average Shares": 121119000.0,
        "Diluted EPS": 0.37,
        "Basic EPS": 0.37,
        "Diluted NI Availto Com Stockholders": 44556000.0,
        "Net Income Common Stockholders": 44556000.0,
        "Otherunder Preferred Stock Dividend": 9171000.0,
        "Net Income": 53727000.0,
        "Minority Interests": 54000.0,
        "Net Income Including Noncontrolling Interests": 53673000.0,
        "Net Income Continuous Operations": 53673000.0,
        "Earnings From Equity Interest Net Of Tax": 1480000.0,
        "Tax Provision": 18898000.0,
        "Pretax Income": 71091000.0,
        "Other Income Expense": 3680000.0,
        "Special Income Charges": 0.0,
        "Gain On Sale Of Ppe": NaN,
        "Other Special Charges": NaN,
        "Gain On Sale Of Security": 3680000.0,
        "Net Non Operating Interest Income Expense": -27663000.0,
        "Interest Expense Non Operating": 33225000.0,
        "Interest Income Non Operating": 5562000.0,
        "Operating Income": 95074000.0,
        "Operating Expense": 81312000.0,
        "Other Operating Expenses": NaN,
        "Depreciation Amortization Depletion Income Statement": 32016000.0,
        "Depreciation And Amortization In Income Statement": 32016000.0,
        "Selling General And Administration": 49296000.0,
        "General And Administrative Expense": 49296000.0,
        "Other Gand A": 49296000.0,
        "Gross Profit": 176386000.0,
        "Cost Of Revenue": 411791000.0,
        "Total Revenue": 588177000.0,
        "Operating Revenue": 588177000.0
    },
    "2022-03-31": {
        "Diluted EPS": 0.26,
        "Total Revenue": 551,
        "Gross Profit": 166,
        "Operating Income": 82,
        "EBIT": 119,
        "Net Income": 38
    },
    "2021-12-31": {
        "Diluted EPS": -0.36,
        "Total Revenue": 558,
        "Gross Profit": 162,
        "Operating Income": 76,
        "EBIT": 113,
        "Net Income": -50
    },
    "2021-09-30": {
        "Diluted EPS": 0.24,
        "Total Revenue": 557,
        "Gross Profit": 157,
        "Operating Income": 74,
        "EBIT": 109,
        "Net Income": 35
    },
    "2021-06-30": {
        "Diluted EPS": 0.29,
        "Total Revenue": 565,
        "Gross Profit": 160,
        "Operating Income": 72,
        "EBIT": 108,
        "Net Income": 42
    },
    "2021-03-31": {
        "Diluted EPS": 0.41,
        "Total Revenue": 576,
        "Gross Profit": 148,
        "Operating Income": 66,
        "EBIT": 101,
        "Net Income": 51
    },
    "2020-12-31": {
        "Diluted EPS": 0.09,
        "Total Revenue": 578,
        "Gross Profit": 147,
        "Operating Income": 44,
        "EBIT": 101,
        "Net Income": 12
    },
    "2020-09-30": {
        "Diluted EPS": 0.33,
        "Total Revenue": 579,
        "Gross Profit": 145,
        "Operating Income": 65,
        "EBIT": 100,
        "Net Income": 39
    },
    "2020-06-30": {
        "Diluted EPS": 0.31,
        "Total Revenue": 588,
        "Gross Profit": 144,
        "Operating Income": 65,
        "EBIT": 100,
        "Net Income": 37
    },
    "2020-03-31": {
        "Diluted EPS": 0.21,
        "Total Revenue": 605,
        "Gross Profit": 143,
        "Operating Income": 56,
        "EBIT": 91,
        "Net Income": 25
    },
    "2019-12-31": {
        "Diluted EPS": 0.32,
        "Total Revenue": 622,
        "Gross Profit": 146,
        "Operating Income": 69,
        "EBIT": 104,
        "Net Income": 38
    },
    "2019-09-30": {
        "Diluted EPS": 0.39,
        "Total Revenue": 632,
        "Gross Profit": 159,
        "Operating Income": 78,
        "EBIT": 112,
        "Net Income": 46
    },
    "2019-06-30": {
        "Diluted EPS": 0.35,
        "Total Revenue": 614,
        "Gross Profit": 161,
        "Operating Income": 81,
        "EBIT": 116,
        "Net Income": 42
    },
    "2019-03-31": {
        "Diluted EPS": 0.34,
        "Total Revenue": 611,
        "Gross Profit": 154,
        "Operating Income": 75,
        "EBIT": 110,
        "Net Income": 41
    },
    "2018-12-31": {
        "Diluted EPS": 0.27,
        "Total Revenue": 599,
        "Gross Profit": 143,
        "Operating Income": 63,
        "EBIT": 98,
        "Net Income": 33
    },
    "2018-09-30": {
        "Diluted EPS": 0.33,
        "Total Revenue": 584,
        "Gross Profit": 149,
        "Operating Income": 70,
        "EBIT": 103,
        "Net Income": 39
    },
    "2018-06-30": {
        "Diluted EPS": 0.31,
        "Total Revenue": 584,
        "Gross Profit": 146,
        "Operating Income": 67,
        "EBIT": 100,
        "Net Income": 37
    },
    "2018-03-31": {
        "Diluted EPS": 0.29,
        "Total Revenue": 565,
        "Gross Profit": 138,
        "Operating Income": 64,
        "EBIT": 99,
        "Net Income": 35
    },
    "2017-12-31": {
        "Diluted EPS": 0.3,
        "Total Revenue": 569,
        "Gross Profit": 145,
        "Operating Income": 66,
        "EBIT": 103,
        "Net Income": 36
    },
    "2017-09-30": {
        "Diluted EPS": 0.31,
        "Total Revenue": 567,
        "Gross Profit": 144,
        "Operating Income": 63,
        "EBIT": 99,
        "Net Income": 38
    },
    "2017-06-30": {
        "Diluted EPS": 0.25,
        "Total Revenue": 577,
        "Gross Profit": 139,
        "Operating Income": 55,
        "EBIT": 90,
        "Net Income": 31
    },
    "2017-03-31": {
        "Diluted EPS": 0.35,
        "Total Revenue": 551,
        "Gross Profit": 136,
        "Operating Income": 64,
        "EBIT": 97,
        "Net Income": 40
    },
    "2016-12-31": {
        "Diluted EPS": 0.44,
        "Total Revenue": 567,
        "Gross Profit": 137,
        "Operating Income": 68,
        "EBIT": 101,
        "Net Income": 49
    },
    "2016-09-30": {
        "Diluted EPS": 0.39,
        "Total Revenue": 554,
        "Gross Profit": 139,
        "Operating Income": 72,
        "EBIT": 105,
        "Net Income": 44
    },
    "2016-06-30": {
        "Diluted EPS": 0.21,
        "Total Revenue": 548,
        "Gross Profit": 132,
        "Operating Income": 66,
        "EBIT": 97,
        "Net Income": 23
    },
    "2016-03-31": {
        "Diluted EPS": 0.29,
        "Total Revenue": 510,
        "Gross Profit": 122,
        "Operating Income": 59,
        "EBIT": 90,
        "Net Income": 32
    },
    "2015-12-31": {
        "Diluted EPS": 0.39,
        "Total Revenue": 500,
        "Gross Profit": 134,
        "Operating Income": 67,
        "EBIT": 97,
        "Net Income": 44
    },
    "2015-09-30": {
        "Diluted EPS": 0.35,
        "Total Revenue": 470,
        "Gross Profit": 124,
        "Operating Income": 63,
        "EBIT": 92,
        "Net Income": 38
    },
    "2015-06-30": {
        "Diluted EPS": 0.25,
        "Total Revenue": 446,
        "Gross Profit": 112,
        "Operating Income": 53,
        "EBIT": 81,
        "Net Income": 28
    },
    "2015-03-31": {
        "Diluted EPS": 0.26,
        "Total Revenue": 427,
        "Gross Profit": 109,
        "Operating Income": 53,
        "EBIT": 79,
        "Net Income": 29
    },
    "2014-12-31": {
        "Diluted EPS": 0.34,
        "Total Revenue": 428,
        "Gross Profit": 116,
        "Operating Income": 62,
        "EBIT": 88,
        "Net Income": 38
    },
    "2014-09-30": {
        "Diluted EPS": 0.36,
        "Total Revenue": 458,
        "Gross Profit": 116,
        "Operating Income": 63,
        "EBIT": 89,
        "Net Income": 39
    },
    "2014-06-30": {
        "Diluted EPS": 0.36,
        "Total Revenue": 413,
        "Gross Profit": 113,
        "Operating Income": 61,
        "EBIT": 86,
        "Net Income": 39
    },
    "2014-03-31": {
        "Diluted EPS": 0.26,
        "Total Revenue": 393,
        "Gross Profit": 101,
        "Operating Income": 49,
        "EBIT": 74,
        "Net Income": 28
    },
    "2013-12-31": {
        "Diluted EPS": 0.25,
        "Total Revenue": 384,
        "Gross Profit": 103,
        "Operating Income": 48,
        "EBIT": 74,
        "Net Income": 28
    },
    "2013-09-30": {
        "Diluted EPS": 0.28,
        "Total Revenue": 380,
        "Gross Profit": 96,
        "Operating Income": 45,
        "EBIT": 70,
        "Net Income": 30
    },
    "2013-06-30": {
        "Diluted EPS": 0.32,
        "Total Revenue": 382,
        "Gross Profit": 102,
        "Operating Income": 51,
        "EBIT": 77,
        "Net Income": 34
    },
    "2013-03-31": {
        "Diluted EPS": 0.22,
        "Total Revenue": 377,
        "Gross Profit": 96,
        "Operating Income": 41,
        "EBIT": 66,
        "Net Income": 23
    },
    "2012-12-31": {
        "Diluted EPS": 0.88,
        "Total Revenue": 379,
        "Gross Profit": 98,
        "Operating Income": 39,
        "EBIT": 64,
        "Net Income": 82
    },
    "2012-09-30": {
        "Diluted EPS": 0.17,
        "Total Revenue": 369,
        "Gross Profit": 101,
        "Operating Income": 52,
        "EBIT": 76,
        "Net Income": 16
    },
    "2012-06-30": {
        "Diluted EPS": 0.25,
        "Total Revenue": 371,
        "Gross Profit": 102,
        "Operating Income": 53,
        "EBIT": 77,
        "Net Income": 23
    },
    "2012-03-31": {
        "Diluted EPS": 0.17,
        "Total Revenue": 360,
        "Gross Profit": 89,
        "Operating Income": 40,
        "EBIT": 63,
        "Net Income": 15
    },
    "2011-12-31": {
        "Diluted EPS": 0.2,
        "Total Revenue": 354,
        "Gross Profit": 96,
        "Operating Income": 47,
        "EBIT": 68,
        "Net Income": 19
    },
    "2011-09-30": {
        "Diluted EPS": 0.23,
        "Total Revenue": 396,
        "Gross Profit": 98,
        "Operating Income": 50,
        "EBIT": 73,
        "Net Income": 22
    },
    "2011-06-30": {
        "Diluted EPS": 0.22,
        "Total Revenue": 397,
        "Gross Profit": 98,
        "Operating Income": 49,
        "EBIT": 70,
        "Net Income": 22
    },
    "2011-03-31": {
        "Diluted EPS": 0.17,
        "Total Revenue": 392,
        "Gross Profit": 92,
        "Operating Income": 41,
        "EBIT": 60,
        "Net Income": 17
    },
    "2010-12-31": {
        "Diluted EPS": 0.23,
        "Total Revenue": 189,
        "Gross Profit": 72,
        "Operating Income": 30,
        "EBIT": 42,
        "Net Income": 23
    },
    "2010-09-30": {
        "Diluted EPS": 0.06,
        "Total Revenue": 328,
        "Gross Profit": 77,
        "Operating Income": 30,
        "EBIT": 43,
        "Net Income": 5
    },
    "2010-06-30": {
        "Diluted EPS": 0.23,
        "Total Revenue": 280,
        "Gross Profit": 63,
        "Operating Income": 33,
        "EBIT": 44,
        "Net Income": 17
    },
    "2010-03-31": {
        "Diluted EPS": 0.23,
        "Total Revenue": 288,
        "Gross Profit": 61,
        "Operating Income": 35,
        "EBIT": 45,
        "Net Income": 18
    },
    "2009-12-31": {
        "Diluted EPS": 0.2,
        "Total Revenue": 311,
        "Gross Profit": 69,
        "Operating Income": 40,
        "EBIT": 47,
        "Net Income": 15
    },
    "2009-09-30": {
        "Diluted EPS": 0.25,
        "Total Revenue": 295,
        "Gross Profit": 61,
        "Operating Income": 35,
        "EBIT": 47,
        "Net Income": 19
    },
    "2009-06-30": {
        "Diluted EPS": 0.21,
        "Total Revenue": 276,
        "Gross Profit": 58,
        "Operating Income": 31,
        "EBIT": 43,
        "Net Income": 17
    },
    "2009-03-31": {
        "Diluted EPS": 0.19,
        "Total Revenue": 259,
        "Gross Profit": 57,
        "Operating Income": 30,
        "EBIT": 42,
        "Net Income": 15
    },
    "2023-06-30": {
        "Tax Effect Of Unusual Items": 158745.0,
        "Tax Rate For Calcs": 0.285,
        "Normalized EBITDA": 125368000.0,
        "Total Unusual Items": 557000.0,
        "Total Unusual Items Excluding Goodwill": 557000.0,
        "Net Income From Continuing Operation Net Minority Interest": 29571000.0,
        "Reconciled Depreciation": 31691000.0,
        "Reconciled Cost Of Revenue": NaN,
        "EBITDA": 125925000.0,
        "EBIT": 94234000.0,
        "Net Interest Income": -53749000.0,
        "Interest Expense": 55046000.0,
        "Interest Income": 1297000.0,
        "Normalized Income": 29172745.0,
        "Net Income From Continuing And Discontinued Operation": 29571000.0,
        "Total Expenses": 501511000.0,
        "Total Operating Income As Reported": 92380000.0,
        "Diluted Average Shares": 123278000.0,
        "Basic Average Shares": 122045000.0,
        "Diluted EPS": 0.2,
        "Basic EPS": 0.2,
        "Diluted NI Availto Com Stockholders": 24555000.0,
        "Net Income Common Stockholders": 24555000.0,
        "Otherunder Preferred Stock Dividend": 5016000.0,
        "Net Income": 29571000.0,
        "Minority Interests": 46000.0,
        "Net Income Including Noncontrolling Interests": 29525000.0,
        "Net Income Continuous Operations": 29525000.0,
        "Earnings From Equity Interest Net Of Tax": 1490000.0,
        "Tax Provision": 11153000.0,
        "Pretax Income": 39188000.0,
        "Other Income Expense": 557000.0,
        "Special Income Charges": 557000.0,
        "Gain On Sale Of Ppe": 2175000.0,
        "Other Special Charges": 1618000.0,
        "Net Non Operating Interest Income Expense": -53749000.0,
        "Interest Expense Non Operating": 55046000.0,
        "Interest Income Non Operating": 1297000.0,
        "Operating Income": 92380000.0,
        "Operating Expense": 501511000.0,
        "Other Operating Expenses": 428128000.0,
        "Depreciation Amortization Depletion Income Statement": 31691000.0,
        "Depreciation And Amortization In Income Statement": 31691000.0,
        "Selling General And Administration": 41692000.0,
        "General And Administrative Expense": 41692000.0,
        "Other Gand A": 41692000.0,
        "Gross Profit": NaN,
        "Cost Of Revenue": NaN,
        "Total Revenue": 593891000.0,
        "Operating Revenue": 593891000.0
    },
    "2023-09-30": {
        "Tax Effect Of Unusual Items": 254345.0,
        "Tax Rate For Calcs": 0.215,
        "Normalized EBITDA": 116082000.0,
        "Total Unusual Items": 1183000.0,
        "Total Unusual Items Excluding Goodwill": 1183000.0,
        "Net Income From Continuing Operation Net Minority Interest": 24519000.0,
        "Reconciled Depreciation": 31173000.0,
        "Reconciled Cost Of Revenue": NaN,
        "EBITDA": 117265000.0,
        "EBIT": 86092000.0,
        "Net Interest Income": -54457000.0,
        "Interest Expense": 55777000.0,
        "Interest Income": 1320000.0,
        "Normalized Income": 23590345.0,
        "Net Income From Continuing And Discontinued Operation": 24519000.0,
        "Total Expenses": 519196000.0,
        "Total Operating Income As Reported": 83589000.0,
        "Diluted Average Shares": 123433000.0,
        "Basic Average Shares": 122066000.0,
        "Diluted EPS": 0.16,
        "Basic EPS": 0.17,
        "Diluted NI Availto Com Stockholders": 20360000.0,
        "Net Income Common Stockholders": 20360000.0,
        "Otherunder Preferred Stock Dividend": 4159000.0,
        "Net Income": 24519000.0,
        "Minority Interests": 16000.0,
        "Net Income Including Noncontrolling Interests": 24503000.0,
        "Net Income Continuous Operations": 24503000.0,
        "Earnings From Equity Interest Net Of Tax": 709000.0,
        "Tax Provision": 6521000.0,
        "Pretax Income": 30315000.0,
        "Other Income Expense": 1183000.0,
        "Special Income Charges": 1183000.0,
        "Gain On Sale Of Ppe": 1274000.0,
        "Other Special Charges": 91000.0,
        "Net Non Operating Interest Income Expense": -54457000.0,
        "Interest Expense Non Operating": 55777000.0,
        "Interest Income Non Operating": 1320000.0,
        "Operating Income": 83589000.0,
        "Operating Expense": 519196000.0,
        "Other Operating Expenses": 440667000.0,
        "Depreciation Amortization Depletion Income Statement": 31173000.0,
        "Depreciation And Amortization In Income Statement": 31173000.0,
        "Selling General And Administration": 47356000.0,
        "General And Administrative Expense": 47356000.0,
        "Other Gand A": 47356000.0,
        "Gross Profit": NaN,
        "Cost Of Revenue": NaN,
        "Total Revenue": 602785000.0,
        "Operating Revenue": 602785000.0
    }
}