{
    "2023-03-31": {
        "Tax Effect Of Unusual Items": 6051.761168,
        "Tax Rate For Calcs": 0.004081,
        "Normalized EBITDA": 7478000.0,
        "Total Unusual Items": 1483000.0,
        "Total Unusual Items Excluding Goodwill": 1483000.0,
        "Net Income From Continuing Operation Net Minority Interest": 4637000.0,
        "Reconciled Depreciation": 4266000.0,
        "Reconciled Cost Of Revenue": 18421000.0,
        "EBITDA": 8961000.0,
        "EBIT": 4695000.0,
        "Net Interest Income": 88000.0,
        "Interest Expense": 39000.0,
        "Interest Income": 127000.0,
        "Normalized Income": 3160051.761168,
        "Net Income From Continuing And Discontinued Operation": 4637000.0,
        "Total Expenses": 28291000.0,
        "Total Operating Income As Reported": 4377000.0,
        "Diluted Average Shares": 13156715.0,
        "Basic Average Shares": 13156715.0,
        "Diluted EPS": 0.35,
        "Basic EPS": 0.35,
        "Diluted NI Availto Com Stockholders": 4637000.0,
        "Average Dilution Earnings": 0.0,
        "Net Income Common Stockholders": 4637000.0,
        "Net Income": 4637000.0,
        "Net Income Including Noncontrolling Interests": 4637000.0,
        "Net Income Continuous Operations": 4637000.0,
        "Tax Provision": 19000.0,
        "Pretax Income": 4656000.0,
        "Other Income Expense": 1489000.0,
        "Other Non Operating Income Expenses": 6000.0,
        "Special Income Charges": 1298000.0,
        "Gain On Sale Of Ppe": 1315000.0,
        "Write Off": 17000.0,
        "Restructuring And Mergern Acquisition": 0.0,
        "Gain On Sale Of Security": 185000.0,
        "Net Non Operating Interest Income Expense": 88000.0,
        "Interest Expense Non Operating": 39000.0,
        "Interest Income Non Operating": 127000.0,
        "Operating Income": 3079000.0,
        "Operating Expense": 9870000.0,
        "Provision For Doubtful Accounts": NaN,
        "Research And Development": 3483000.0,
        "Selling General And Administration": 6387000.0,
        "Gross Profit": 12949000.0,
        "Cost Of Revenue": 18421000.0,
        "Total Revenue": 31370000.0,
        "Operating Revenue": 31370000.0
    },
    "2022-12-31": {
        "Tax Effect Of Unusual Items": 22470.0,
        "Tax Rate For Calcs": 0.21,
        "Normalized EBITDA": 4367000.0,
        "Total Unusual Items": 107000.0,
        "Total Unusual Items Excluding Goodwill": 107000.0,
        "Net Income From Continuing Operation Net Minority Interest": -97000.0,
        "Reconciled Depreciation": 4502000.0,
        "Reconciled Cost Of Revenue": 20575000.0,
        "EBITDA": 4474000.0,
        "EBIT": -28000.0,
        "Net Interest Income": 117000.0,
        "Interest Expense": 39000.0,
        "Interest Income": 156000.0,
        "Normalized Income": -181530.0,
        "Net Income From Continuing And Discontinued Operation": -97000.0,
        "Total Expenses": 31388000.0,
        "Total Operating Income As Reported": -279000.0,
        "Diluted Average Shares": 13067991.0,
        "Basic Average Shares": 13067991.0,
        "Diluted EPS": -0.01,
        "Basic EPS": -0.01,
        "Diluted NI Availto Com Stockholders": -97000.0,
        "Average Dilution Earnings": 0.0,
        "Net Income Common Stockholders": -97000.0,
        "Net Income": -97000.0,
        "Net Income Including Noncontrolling Interests": -97000.0,
        "Net Income Continuous Operations": -97000.0,
        "Tax Provision": 30000.0,
        "Pretax Income": -67000.0,
        "Other Income Expense": 95000.0,
        "Other Non Operating Income Expenses": -12000.0,
        "Special Income Charges": -120000.0,
        "Gain On Sale Of Ppe": NaN,
        "Write Off": 120000.0,
        "Restructuring And Mergern Acquisition": 0.0,
        "Gain On Sale Of Security": 107000.0,
        "Net Non Operating Interest Income Expense": 117000.0,
        "Interest Expense Non Operating": 39000.0,
        "Interest Income Non Operating": 156000.0,
        "Operating Income": -279000.0,
        "Operating Expense": 10813000.0,
        "Provision For Doubtful Accounts": 120000.0,
        "Research And Development": 4258000.0,
        "Selling General And Administration": 6435000.0,
        "Gross Profit": 10534000.0,
        "Cost Of Revenue": 20575000.0,
        "Total Revenue": 31109000.0,
        "Operating Revenue": 31109000.0
    },
    "2022-09-30": {
        "Tax Effect Of Unusual Items": -1874400.0,
        "Tax Rate For Calcs": 0.4,
        "Normalized EBITDA": 1271000.0,
        "Total Unusual Items": -4686000.0,
        "Total Unusual Items Excluding Goodwill": -4686000.0,
        "Net Income From Continuing Operation Net Minority Interest": -8040000.0,
        "Reconciled Depreciation": 4583000.0,
        "Reconciled Cost Of Revenue": 19991000.0,
        "EBITDA": -3415000.0,
        "EBIT": -7998000.0,
        "Net Interest Income": 215000.0,
        "Interest Expense": 39000.0,
        "Interest Income": 254000.0,
        "Normalized Income": -5228400.0,
        "Net Income From Continuing And Discontinued Operation": -8040000.0,
        "Total Expenses": 29419000.0,
        "Total Operating Income As Reported": -8067000.0,
        "Diluted Average Shares": 13020546.0,
        "Basic Average Shares": 13020546.0,
        "Diluted EPS": -0.62,
        "Basic EPS": -0.62,
        "Diluted NI Availto Com Stockholders": -8040000.0,
        "Average Dilution Earnings": 0.0,
        "Net Income Common Stockholders": -8040000.0,
        "Net Income": -8040000.0,
        "Net Income Including Noncontrolling Interests": -8040000.0,
        "Net Income Continuous Operations": -8040000.0,
        "Tax Provision": 3000.0,
        "Pretax Income": -8037000.0,
        "Other Income Expense": -4704000.0,
        "Other Non Operating Income Expenses": -18000.0,
        "Special Income Charges": -4519000.0,
        "Gain On Sale Of Ppe": NaN,
        "Write Off": 176000.0,
        "Restructuring And Mergern Acquisition": 7000.0,
        "Gain On Sale Of Security": -167000.0,
        "Net Non Operating Interest Income Expense": 215000.0,
        "Interest Expense Non Operating": 39000.0,
        "Interest Income Non Operating": 254000.0,
        "Operating Income": -3548000.0,
        "Operating Expense": 9428000.0,
        "Research And Development": 4054000.0,
        "Selling General And Administration": 5374000.0,
        "Gross Profit": 5880000.0,
        "Cost Of Revenue": 19991000.0,
        "Total Revenue": 25871000.0,
        "Operating Revenue": 25871000.0
    },
    "2022-06-30": {
        "Tax Effect Of Unusual Items": -19600.0,
        "Tax Rate For Calcs": 0.4,
        "Normalized EBITDA": -1623000.0,
        "Total Unusual Items": -49000.0,
        "Total Unusual Items Excluding Goodwill": -49000.0,
        "Net Income From Continuing Operation Net Minority Interest": -6574000.0,
        "Reconciled Depreciation": 4808000.0,
        "Reconciled Cost Of Revenue": 17040000.0,
        "EBITDA": -1672000.0,
        "EBIT": -6480000.0,
        "Net Interest Income": 376000.0,
        "Interest Expense": 26000.0,
        "Interest Income": 402000.0,
        "Normalized Income": -6544600.0,
        "Net Income From Continuing And Discontinued Operation": -6574000.0,
        "Total Expenses": 27521000.0,
        "Total Operating Income As Reported": -6534000.0,
        "Diluted Average Shares": 13013616.0,
        "Basic Average Shares": 13013616.0,
        "Diluted EPS": -0.51,
        "Basic EPS": -0.51,
        "Diluted NI Availto Com Stockholders": -6574000.0,
        "Average Dilution Earnings": 0.0,
        "Net Income Common Stockholders": -6574000.0,
        "Net Income": -6574000.0,
        "Net Income Including Noncontrolling Interests": -6574000.0,
        "Net Income Continuous Operations": -6574000.0,
        "Tax Provision": 68000.0,
        "Pretax Income": -6506000.0,
        "Other Income Expense": -52000.0,
        "Other Non Operating Income Expenses": -3000.0,
        "Special Income Charges": 296000.0,
        "Gain On Sale Of Ppe": NaN,
        "Write Off": 88000.0,
        "Restructuring And Mergern Acquisition": -384000.0,
        "Gain On Sale Of Security": -345000.0,
        "Net Non Operating Interest Income Expense": 376000.0,
        "Interest Expense Non Operating": 26000.0,
        "Interest Income Non Operating": 402000.0,
        "Operating Income": -6830000.0,
        "Operating Expense": 10481000.0,
        "Research And Development": 4108000.0,
        "Selling General And Administration": 6373000.0,
        "Gross Profit": 3651000.0,
        "Cost Of Revenue": 17040000.0,
        "Total Revenue": 20691000.0,
        "Operating Revenue": 20691000.0
    },
    "2022-03-31": {
        "Diluted EPS": -0.11,
        "Total Revenue": 25,
        "Gross Profit": 7,
        "Operating Income": -2,
        "EBIT": 3,
        "Net Income": -1
    },
    "2021-12-31": {
        "Diluted EPS": -0.52,
        "Total Revenue": 18,
        "Gross Profit": 2,
        "Operating Income": -7,
        "EBIT": -2,
        "Net Income": -7
    },
    "2021-09-30": {
        "Diluted EPS": -0.38,
        "Total Revenue": 19,
        "Gross Profit": 3,
        "Operating Income": -5,
        "EBIT": 0,
        "Net Income": -5
    },
    "2021-06-30": {
        "Diluted EPS": -0.06,
        "Total Revenue": 23,
        "Gross Profit": 6,
        "Operating Income": -2,
        "EBIT": 3,
        "Net Income": -1
    },
    "2021-03-31": {
        "Diluted EPS": -0.53,
        "Total Revenue": 24,
        "Gross Profit": 1,
        "Operating Income": -8,
        "EBIT": -3,
        "Net Income": -7
    },
    "2020-12-31": {
        "Diluted EPS": -0.08,
        "Total Revenue": 28,
        "Gross Profit": 7,
        "Operating Income": -1,
        "EBIT": 4,
        "Net Income": -1
    },
    "2020-09-30": {
        "Diluted EPS": -0.28,
        "Total Revenue": 22,
        "Gross Profit": 5,
        "Operating Income": -4,
        "EBIT": 2,
        "Net Income": -4
    },
    "2020-06-30": {
        "Diluted EPS": -0.17,
        "Total Revenue": 23,
        "Gross Profit": 8,
        "Operating Income": -3,
        "EBIT": 3,
        "Net Income": -2
    },
    "2020-03-31": {
        "Diluted EPS": -0.28,
        "Total Revenue": 26,
        "Gross Profit": 8,
        "Operating Income": -3,
        "EBIT": 3,
        "Net Income": -4
    },
    "2019-12-31": {
        "Diluted EPS": -0.69,
        "Total Revenue": 18,
        "Gross Profit": 2,
        "Operating Income": -8,
        "EBIT": -2,
        "Net Income": -9
    },
    "2019-09-30": {
        "Diluted EPS": 0.65,
        "Total Revenue": 29,
        "Gross Profit": 10,
        "Operating Income": 9,
        "EBIT": 15,
        "Net Income": 9
    },
    "2019-06-30": {
        "Diluted EPS": -0.27,
        "Total Revenue": 23,
        "Gross Profit": 8,
        "Operating Income": -3,
        "EBIT": 2,
        "Net Income": -4
    },
    "2019-03-31": {
        "Diluted EPS": 0.05,
        "Total Revenue": 26,
        "Gross Profit": 10,
        "Operating Income": 1,
        "EBIT": 6,
        "Net Income": 1
    },
    "2018-12-31": {
        "Diluted EPS": -0.44,
        "Total Revenue": 18,
        "Gross Profit": 3,
        "Operating Income": -6,
        "EBIT": -2,
        "Net Income": -6
    },
    "2018-09-30": {
        "Diluted EPS": -0.01,
        "Total Revenue": 21,
        "Gross Profit": 5,
        "Operating Income": -1,
        "EBIT": 3,
        "Net Income": 0
    },
    "2018-06-30": {
        "Diluted EPS": -0.36,
        "Total Revenue": 21,
        "Gross Profit": 5,
        "Operating Income": -5,
        "EBIT": -1,
        "Net Income": -5
    },
    "2018-03-31": {
        "Diluted EPS": -0.36,
        "Total Revenue": 19,
        "Gross Profit": 2,
        "Operating Income": -5,
        "EBIT": -2,
        "Net Income": -5
    },
    "2017-12-31": {
        "Diluted EPS": -0.72,
        "Total Revenue": 15,
        "Gross Profit": -1,
        "Operating Income": -10,
        "EBIT": -6,
        "Net Income": -9
    },
    "2017-09-30": {
        "Diluted EPS": -1.46,
        "Total Revenue": 24,
        "Gross Profit": -10,
        "Operating Income": -18,
        "EBIT": -14,
        "Net Income": -19
    },
    "2017-06-30": {
        "Diluted EPS": -1.09,
        "Total Revenue": 14,
        "Gross Profit": -5,
        "Operating Income": -14,
        "EBIT": -9,
        "Net Income": -14
    },
    "2017-03-31": {
        "Diluted EPS": -0.88,
        "Total Revenue": 21,
        "Gross Profit": -3,
        "Operating Income": -11,
        "EBIT": -6,
        "Net Income": -12
    },
    "2016-12-31": {
        "Diluted EPS": -0.89,
        "Total Revenue": 15,
        "Gross Profit": -3,
        "Operating Income": -11,
        "EBIT": -7,
        "Net Income": -12
    },
    "2016-09-30": {
        "Diluted EPS": -0.94,
        "Total Revenue": 16,
        "Gross Profit": -5,
        "Operating Income": -15,
        "EBIT": -10,
        "Net Income": -12
    },
    "2016-06-30": {
        "Diluted EPS": -0.89,
        "Total Revenue": 18,
        "Gross Profit": -3,
        "Operating Income": -12,
        "EBIT": -7,
        "Net Income": -12
    },
    "2016-03-31": {
        "Diluted EPS": -0.84,
        "Total Revenue": 15,
        "Gross Profit": -5,
        "Operating Income": -14,
        "EBIT": -8,
        "Net Income": -11
    },
    "2015-12-31": {
        "Diluted EPS": -0.85,
        "Total Revenue": 13,
        "Gross Profit": -6,
        "Operating Income": -15,
        "EBIT": -10,
        "Net Income": -11
    },
    "2015-09-30": {
        "Diluted EPS": -1.04,
        "Total Revenue": 16,
        "Gross Profit": -9,
        "Operating Income": -22,
        "EBIT": -15,
        "Net Income": -13
    },
    "2015-06-30": {
        "Diluted EPS": -0.66,
        "Total Revenue": 20,
        "Gross Profit": -3,
        "Operating Income": -12,
        "EBIT": -8,
        "Net Income": -9
    },
    "2015-03-31": {
        "Diluted EPS": -0.4,
        "Total Revenue": 28,
        "Gross Profit": 1,
        "Operating Income": -9,
        "EBIT": -2,
        "Net Income": -5
    },
    "2014-12-31": {
        "Diluted EPS": -0.41,
        "Total Revenue": 21,
        "Gross Profit": 0,
        "Operating Income": -10,
        "EBIT": -6,
        "Net Income": -5
    },
    "2014-09-30": {
        "Diluted EPS": -0.15,
        "Total Revenue": 26,
        "Gross Profit": 6,
        "Operating Income": -3,
        "EBIT": 1,
        "Net Income": -2
    },
    "2014-06-30": {
        "Diluted EPS": 0.29,
        "Total Revenue": 41,
        "Gross Profit": 15,
        "Operating Income": 5,
        "EBIT": 10,
        "Net Income": 4
    },
    "2014-03-31": {
        "Diluted EPS": 0.82,
        "Total Revenue": 69,
        "Gross Profit": 28,
        "Operating Income": 16,
        "EBIT": 21,
        "Net Income": 11
    },
    "2013-12-31": {
        "Diluted EPS": 1.85,
        "Total Revenue": 101,
        "Gross Profit": 47,
        "Operating Income": 36,
        "EBIT": 39,
        "Net Income": 24
    },
    "2013-09-30": {
        "Diluted EPS": 1.07,
        "Total Revenue": 68,
        "Gross Profit": 30,
        "Operating Income": 19,
        "EBIT": 22,
        "Net Income": 14
    },
    "2013-06-30": {
        "Diluted EPS": 1.31,
        "Total Revenue": 78,
        "Gross Profit": 34,
        "Operating Income": 25,
        "EBIT": 28,
        "Net Income": 17
    },
    "2013-03-31": {
        "Diluted EPS": 1.3,
        "Total Revenue": 76,
        "Gross Profit": 36,
        "Operating Income": 26,
        "EBIT": 30,
        "Net Income": 17
    },
    "2012-12-31": {
        "Diluted EPS": 1.7,
        "Total Revenue": 78,
        "Gross Profit": 41,
        "Operating Income": 32,
        "EBIT": 34,
        "Net Income": 22
    },
    "2012-09-30": {
        "Diluted EPS": 0.34,
        "Total Revenue": 37,
        "Gross Profit": 13,
        "Operating Income": 6,
        "EBIT": 9,
        "Net Income": 4
    },
    "2012-06-30": {
        "Diluted EPS": 0.83,
        "Total Revenue": 55,
        "Gross Profit": 23,
        "Operating Income": 16,
        "EBIT": 18,
        "Net Income": 11
    },
    "2012-03-31": {
        "Diluted EPS": 0.89,
        "Total Revenue": 56,
        "Gross Profit": 25,
        "Operating Income": 16,
        "EBIT": 20,
        "Net Income": 11
    },
    "2011-12-31": {
        "Diluted EPS": 0.68,
        "Total Revenue": 43,
        "Gross Profit": 21,
        "Operating Income": 13,
        "EBIT": 14,
        "Net Income": 9
    },
    "2011-09-30": {
        "Diluted EPS": 0.3,
        "Total Revenue": 33,
        "Gross Profit": 13,
        "Operating Income": 6,
        "EBIT": 8,
        "Net Income": 4
    },
    "2011-06-30": {
        "Diluted EPS": 0.72,
        "Total Revenue": 46,
        "Gross Profit": 21,
        "Operating Income": 14,
        "EBIT": 15,
        "Net Income": 9
    },
    "2011-03-31": {
        "Diluted EPS": 0.69,
        "Total Revenue": 51,
        "Gross Profit": 22,
        "Operating Income": 13,
        "EBIT": 15,
        "Net Income": 9
    },
    "2010-12-31": {
        "Diluted EPS": 0.65,
        "Total Revenue": 43,
        "Gross Profit": 19,
        "Operating Income": 12,
        "EBIT": 13,
        "Net Income": 8
    },
    "2010-09-30": {
        "Diluted EPS": 0.42,
        "Total Revenue": 36,
        "Gross Profit": 15,
        "Operating Income": 7,
        "EBIT": 8,
        "Net Income": 5
    },
    "2010-06-30": {
        "Diluted EPS": 0.41,
        "Total Revenue": 35,
        "Gross Profit": 15,
        "Operating Income": 8,
        "EBIT": 9,
        "Net Income": 5
    },
    "2010-03-31": {
        "Diluted EPS": 0.23,
        "Total Revenue": 31,
        "Gross Profit": 10,
        "Operating Income": 4,
        "EBIT": 6,
        "Net Income": 3
    },
    "2009-12-31": {
        "Diluted EPS": 0.09,
        "Total Revenue": 26,
        "Gross Profit": 7,
        "Operating Income": 2,
        "EBIT": 3,
        "Net Income": 1
    },
    "2009-09-30": {
        "Diluted EPS": -0.15,
        "Total Revenue": 23,
        "Gross Profit": 4,
        "Operating Income": -2,
        "EBIT": -1,
        "Net Income": -2
    },
    "2009-06-30": {
        "Diluted EPS": 0.09,
        "Total Revenue": 21,
        "Gross Profit": 7,
        "Operating Income": 1,
        "EBIT": 2,
        "Net Income": 1
    },
    "2009-03-31": {
        "Diluted EPS": 0.1,
        "Total Revenue": 24,
        "Gross Profit": 7,
        "Operating Income": 2,
        "EBIT": 3,
        "Net Income": 1
    },
    "2023-06-30": {
        "Tax Effect Of Unusual Items": 30432.550044,
        "Tax Rate For Calcs": 0.063534,
        "Normalized EBITDA": 6833000.0,
        "Total Unusual Items": 479000.0,
        "Total Unusual Items Excluding Goodwill": 479000.0,
        "Net Income From Continuing Operation Net Minority Interest": 3228000.0,
        "Reconciled Depreciation": 3843000.0,
        "Reconciled Cost Of Revenue": 18736000.0,
        "EBITDA": 7312000.0,
        "EBIT": 3469000.0,
        "Net Interest Income": 66000.0,
        "Interest Expense": 22000.0,
        "Interest Income": 88000.0,
        "Normalized Income": 2779432.550044,
        "Net Income From Continuing And Discontinued Operation": 3228000.0,
        "Total Expenses": 29747000.0,
        "Total Operating Income As Reported": 3146000.0,
        "Diluted Average Shares": 13320881.0,
        "Basic Average Shares": 13171654.0,
        "Diluted EPS": 0.24,
        "Basic EPS": 0.25,
        "Diluted NI Availto Com Stockholders": 3228000.0,
        "Average Dilution Earnings": 0.0,
        "Net Income Common Stockholders": 3228000.0,
        "Net Income": 3228000.0,
        "Net Income Including Noncontrolling Interests": 3228000.0,
        "Net Income Continuous Operations": 3228000.0,
        "Tax Provision": 219000.0,
        "Pretax Income": 3447000.0,
        "Other Income Expense": 413000.0,
        "Other Non Operating Income Expenses": -66000.0,
        "Special Income Charges": 178000.0,
        "Gain On Sale Of Ppe": 0.0,
        "Write Off": -178000.0,
        "Restructuring And Mergern Acquisition": 0.0,
        "Gain On Sale Of Security": 301000.0,
        "Net Non Operating Interest Income Expense": 66000.0,
        "Interest Expense Non Operating": 22000.0,
        "Interest Income Non Operating": 88000.0,
        "Operating Income": 2968000.0,
        "Operating Expense": 11011000.0,
        "Provision For Doubtful Accounts": NaN,
        "Research And Development": 4356000.0,
        "Selling General And Administration": 6655000.0,
        "Gross Profit": 13979000.0,
        "Cost Of Revenue": 18736000.0,
        "Total Revenue": 32715000.0,
        "Operating Revenue": 32715000.0
    },
    "2023-09-30": {
        "Tax Effect Of Unusual Items": 10436.796823,
        "Tax Rate For Calcs": 0.020957,
        "Normalized EBITDA": 7696000.0,
        "Total Unusual Items": 498000.0,
        "Total Unusual Items Excluding Goodwill": 498000.0,
        "Net Income From Continuing Operation Net Minority Interest": 4438000.0,
        "Reconciled Depreciation": 3627000.0,
        "Reconciled Cost Of Revenue": 15087000.0,
        "EBITDA": 8194000.0,
        "EBIT": 4567000.0,
        "Net Interest Income": 134000.0,
        "Interest Expense": 34000.0,
        "Interest Income": 168000.0,
        "Normalized Income": 3950436.796823,
        "Net Income From Continuing And Discontinued Operation": 4438000.0,
        "Total Expenses": 25328000.0,
        "Total Operating Income As Reported": 4084000.0,
        "Diluted Average Shares": NaN,
        "Basic Average Shares": NaN,
        "Diluted EPS": NaN,
        "Basic EPS": NaN,
        "Diluted NI Availto Com Stockholders": 4438000.0,
        "Average Dilution Earnings": 0.0,
        "Net Income Common Stockholders": 4438000.0,
        "Net Income": 4438000.0,
        "Net Income Including Noncontrolling Interests": 4438000.0,
        "Net Income Continuous Operations": 4438000.0,
        "Tax Provision": 95000.0,
        "Pretax Income": 4533000.0,
        "Other Income Expense": 412000.0,
        "Other Non Operating Income Expenses": -86000.0,
        "Special Income Charges": 97000.0,
        "Gain On Sale Of Ppe": 0.0,
        "Write Off": -97000.0,
        "Restructuring And Mergern Acquisition": 0.0,
        "Gain On Sale Of Security": 401000.0,
        "Net Non Operating Interest Income Expense": 134000.0,
        "Interest Expense Non Operating": 34000.0,
        "Interest Income Non Operating": 168000.0,
        "Operating Income": 3987000.0,
        "Operating Expense": 10241000.0,
        "Provision For Doubtful Accounts": NaN,
        "Research And Development": 3766000.0,
        "Selling General And Administration": 6475000.0,
        "Gross Profit": 14228000.0,
        "Cost Of Revenue": 15087000.0,
        "Total Revenue": 29315000.0,
        "Operating Revenue": 29315000.0
    },
    "2023-12-31": {
        "Tax Effect Of Unusual Items": -2282.0,
        "Tax Rate For Calcs": 0.014,
        "Normalized EBITDA": 17242000.0,
        "Total Unusual Items": -163000.0,
        "Total Unusual Items Excluding Goodwill": -163000.0,
        "Net Income From Continuing Operation Net Minority Interest": 12679000.0,
        "Reconciled Depreciation": 4244000.0,
        "Reconciled Cost Of Revenue": 27796000.0,
        "EBITDA": 17079000.0,
        "EBIT": 12835000.0,
        "Net Interest Income": 179000.0,
        "Interest Expense": 56000.0,
        "Interest Income": 235000.0,
        "Normalized Income": 12839718.0,
        "Net Income From Continuing And Discontinued Operation": 12679000.0,
        "Total Expenses": 37195000.0,
        "Total Operating Income As Reported": 12837000.0,
        "Diluted Average Shares": 13460516.0,
        "Basic Average Shares": 13251360.0,
        "Diluted EPS": 0.94,
        "Basic EPS": 0.96,
        "Diluted NI Availto Com Stockholders": 12679000.0,
        "Average Dilution Earnings": NaN,
        "Net Income Common Stockholders": 12679000.0,
        "Net Income": 12679000.0,
        "Net Income Including Noncontrolling Interests": 12679000.0,
        "Net Income Continuous Operations": 12679000.0,
        "Tax Provision": 100000.0,
        "Pretax Income": 12779000.0,
        "Other Income Expense": -237000.0,
        "Other Non Operating Income Expenses": -74000.0,
        "Special Income Charges": NaN,
        "Gain On Sale Of Ppe": NaN,
        "Write Off": NaN,
        "Restructuring And Mergern Acquisition": NaN,
        "Gain On Sale Of Security": -163000.0,
        "Net Non Operating Interest Income Expense": 179000.0,
        "Interest Expense Non Operating": 56000.0,
        "Interest Income Non Operating": 235000.0,
        "Operating Income": 12837000.0,
        "Operating Expense": 9399000.0,
        "Provision For Doubtful Accounts": -29000.0,
        "Research And Development": 3602000.0,
        "Selling General And Administration": 5826000.0,
        "Gross Profit": 22236000.0,
        "Cost Of Revenue": 27796000.0,
        "Total Revenue": 50032000.0,
        "Operating Revenue": 50032000.0
    }
}