{
    "2022-12-31": {
        "Diluted EPS": 0.0,
        "Total Revenue": NaN,
        "Gross Profit": NaN,
        "Operating Income": NaN,
        "EBIT": NaN,
        "Net Income": NaN
    },
    "2022-06-30": {
        "Diluted EPS": 0.0,
        "Total Revenue": NaN,
        "Gross Profit": NaN,
        "Operating Income": NaN,
        "Net Income": NaN
    },
    "2021-12-31": {
        "Diluted EPS": 0.0,
        "Total Revenue": NaN,
        "Gross Profit": NaN,
        "Operating Income": NaN,
        "EBIT": NaN,
        "Net Income": NaN
    },
    "2021-06-30": {
        "Diluted EPS": 0.0,
        "Total Revenue": NaN,
        "Gross Profit": NaN,
        "Operating Income": NaN,
        "EBIT": NaN,
        "Net Income": NaN
    },
    "2020-12-31": {
        "Diluted EPS": 0.0,
        "Total Revenue": NaN,
        "Gross Profit": NaN,
        "Operating Income": NaN,
        "EBIT": NaN,
        "Net Income": NaN
    },
    "2020-06-30": {
        "Diluted EPS": 0.0,
        "Total Revenue": NaN,
        "Gross Profit": NaN,
        "Operating Income": NaN,
        "EBIT": NaN,
        "Net Income": NaN
    },
    "2019-12-31": {
        "Diluted EPS": 0.0,
        "Total Revenue": NaN,
        "Gross Profit": NaN,
        "Operating Income": NaN,
        "EBIT": NaN,
        "Net Income": NaN
    },
    "2019-06-30": {
        "Diluted EPS": 0.0,
        "Total Revenue": NaN,
        "Gross Profit": NaN,
        "Operating Income": NaN,
        "EBIT": NaN,
        "Net Income": NaN
    },
    "2018-12-31": {
        "Diluted EPS": 0.0,
        "Total Revenue": NaN,
        "Gross Profit": NaN,
        "Operating Income": NaN,
        "EBIT": NaN,
        "Net Income": NaN
    },
    "2018-06-30": {
        "Diluted EPS": 0.0,
        "Total Revenue": NaN,
        "Gross Profit": NaN,
        "Operating Income": NaN,
        "EBIT": NaN,
        "Net Income": NaN
    },
    "2017-12-31": {
        "Diluted EPS": 0.0,
        "Total Revenue": NaN,
        "Gross Profit": NaN,
        "Operating Income": NaN,
        "EBIT": NaN,
        "Net Income": NaN
    },
    "2017-06-30": {
        "Diluted EPS": 0.0,
        "Total Revenue": NaN,
        "Gross Profit": NaN,
        "Operating Income": NaN,
        "EBIT": NaN,
        "Net Income": NaN
    },
    "2016-12-31": {
        "Diluted EPS": 0.0,
        "Total Revenue": NaN,
        "Gross Profit": NaN,
        "Operating Income": NaN,
        "EBIT": NaN,
        "Net Income": NaN
    },
    "2015-12-31": {
        "Diluted EPS": -0.33,
        "Total Revenue": 640,
        "Gross Profit": -312,
        "Operating Income": 81,
        "EBIT": 676,
        "Net Income": -258
    },
    "2015-09-30": {
        "Diluted EPS": 0.02,
        "Total Revenue": 635,
        "Gross Profit": 269,
        "Operating Income": 93,
        "EBIT": 93,
        "Net Income": 18
    },
    "2015-06-30": {
        "Diluted EPS": 0.02,
        "Total Revenue": 660,
        "Gross Profit": 278,
        "Operating Income": 106,
        "EBIT": -36,
        "Net Income": 12
    },
    "2015-03-31": {
        "Diluted EPS": -0.02,
        "Total Revenue": 610,
        "Gross Profit": 244,
        "Operating Income": 73,
        "EBIT": 214,
        "Net Income": -14
    },
    "2014-12-31": {
        "Diluted EPS": -0.03,
        "Total Revenue": 708,
        "Gross Profit": -354,
        "Operating Income": -19,
        "EBIT": 153,
        "Net Income": -26
    },
    "2014-09-30": {
        "Diluted EPS": 0.03,
        "Total Revenue": 699,
        "Gross Profit": 285,
        "Operating Income": 116,
        "EBIT": 601,
        "Net Income": 19
    },
    "2014-06-30": {
        "Diluted EPS": 0.02,
        "Total Revenue": 747,
        "Gross Profit": 311,
        "Operating Income": 117,
        "EBIT": -42,
        "Net Income": 20
    },
    "2014-03-31": {
        "Diluted EPS": 0.0,
        "Total Revenue": 715,
        "Gross Profit": 292,
        "Operating Income": 110,
        "EBIT": 269,
        "Net Income": 0
    },
    "2013-12-31": {
        "Diluted EPS": -0.68,
        "Total Revenue": 781,
        "Gross Profit": 159,
        "Operating Income": -62,
        "EBIT": 121,
        "Net Income": -474
    },
    "2013-09-30": {
        "Diluted EPS": 0.0,
        "Total Revenue": 683,
        "Gross Profit": 283,
        "Operating Income": 97,
        "EBIT": 245,
        "Net Income": 1
    },
    "2013-06-30": {
        "Diluted EPS": -0.19,
        "Total Revenue": 637,
        "Gross Profit": 240,
        "Operating Income": 43,
        "EBIT": 186,
        "Net Income": -137
    },
    "2013-03-31": {
        "Diluted EPS": 0.42,
        "Total Revenue": 805,
        "Gross Profit": 404,
        "Operating Income": 208,
        "EBIT": 345,
        "Net Income": 314
    },
    "2012-12-31": {
        "Diluted EPS": 0.07,
        "Total Revenue": 954,
        "Gross Profit": NaN,
        "Operating Income": NaN,
        "EBIT": NaN,
        "Net Income": 54
    },
    "2012-09-30": {
        "Diluted EPS": 0.23,
        "Total Revenue": NaN,
        "Gross Profit": 605,
        "Operating Income": 354,
        "EBIT": 547,
        "Net Income": 171
    },
    "2012-06-30": {
        "Diluted EPS": 0.27,
        "Total Revenue": NaN,
        "Gross Profit": 656,
        "Operating Income": 398,
        "EBIT": 594,
        "Net Income": 198
    },
    "2012-03-31": {
        "Diluted EPS": 0.37,
        "Total Revenue": NaN,
        "Gross Profit": 689,
        "Operating Income": 427,
        "EBIT": 623,
        "Net Income": 268
    },
    "2011-12-31": {
        "Diluted EPS": 0.46,
        "Total Revenue": NaN,
        "Gross Profit": 841,
        "Operating Income": 454,
        "EBIT": 638,
        "Net Income": 336
    },
    "2011-09-30": {
        "Diluted EPS": 0.4,
        "Total Revenue": NaN,
        "Gross Profit": 798,
        "Operating Income": 552,
        "EBIT": 747,
        "Net Income": 293
    },
    "2011-06-30": {
        "Diluted EPS": 0.25,
        "Total Revenue": NaN,
        "Gross Profit": 638,
        "Operating Income": 400,
        "EBIT": 589,
        "Net Income": 186
    },
    "2011-03-31": {
        "Diluted EPS": 0.22,
        "Total Revenue": NaN,
        "Gross Profit": 575,
        "Operating Income": 359,
        "EBIT": 537,
        "Net Income": 158
    },
    "2010-12-31": {
        "Diluted EPS": -0.14,
        "Total Revenue": NaN,
        "Gross Profit": 610,
        "Operating Income": 375,
        "EBIT": 568,
        "Net Income": -106
    },
    "2010-09-30": {
        "Diluted EPS": 0.13,
        "Total Revenue": NaN,
        "Gross Profit": 533,
        "Operating Income": 301,
        "EBIT": -134,
        "Net Income": 95
    },
    "2010-06-30": {
        "Diluted EPS": 0.17,
        "Total Revenue": NaN,
        "Gross Profit": 460,
        "Operating Income": 208,
        "EBIT": 382,
        "Net Income": 120
    },
    "2010-03-31": {
        "Diluted EPS": 0.06,
        "Total Revenue": NaN,
        "Gross Profit": 474,
        "Operating Income": 277,
        "EBIT": 733,
        "Net Income": 44
    },
    "2009-12-31": {
        "Diluted EPS": 0.26,
        "Total Revenue": NaN,
        "Gross Profit": 463,
        "Operating Income": 270,
        "EBIT": 424,
        "Net Income": 210
    },
    "2009-09-30": {
        "Diluted EPS": 0.18,
        "Total Revenue": 948,
        "Gross Profit": 354,
        "Operating Income": 172,
        "EBIT": 322,
        "Net Income": 129
    },
    "2009-06-30": {
        "Diluted EPS": -0.05,
        "Total Revenue": 902,
        "Gross Profit": -74,
        "Operating Income": 218,
        "EBIT": -118,
        "Net Income": -29
    },
    "2009-03-31": {
        "Diluted EPS": 0.24,
        "Total Revenue": 869,
        "Gross Profit": 416,
        "Operating Income": 277,
        "EBIT": 613,
        "Net Income": 163
    }
}