{
    "2023-06-30": {
        "Tax Effect Of Unusual Items": 255320000.0,
        "Tax Rate For Calcs": 0.4,
        "Normalized EBITDA": 431000000.0,
        "Total Unusual Items": 638300000.0,
        "Total Unusual Items Excluding Goodwill": 638300000.0,
        "Net Income From Continuing Operation Net Minority Interest": 294900000.0,
        "Reconciled Depreciation": 371800000.0,
        "Reconciled Cost Of Revenue": 1590600000.0,
        "EBITDA": 1069300000.0,
        "EBIT": 697500000.0,
        "Net Interest Income": -164800000.0,
        "Interest Expense": 164800000.0,
        "Normalized Income": -88080000.0,
        "Net Income From Continuing And Discontinued Operation": 294900000.0,
        "Total Expenses": 1824800000.0,
        "Diluted Average Shares": 401218417.0,
        "Basic Average Shares": 369225007.0,
        "Diluted EPS": 0.72,
        "Basic EPS": 0.74,
        "Diluted NI Availto Com Stockholders": 294900000.0,
        "Net Income Common Stockholders": 294900000.0,
        "Net Income": 294900000.0,
        "Minority Interests": 1100000.0,
        "Net Income Including Noncontrolling Interests": 293800000.0,
        "Net Income Discontinuous Operations": 0.0,
        "Net Income Continuous Operations": 293800000.0,
        "Tax Provision": 238900000.0,
        "Pretax Income": 532700000.0,
        "Other Income Expense": 578700000.0,
        "Other Non Operating Income Expenses": 2300000.0,
        "Special Income Charges": 581500000.0,
        "Gain On Sale Of Ppe": 6500000.0,
        "Gain On Sale Of Business": 575000000.0,
        "Earnings From Equity Interest": -61900000.0,
        "Gain On Sale Of Security": 56800000.0,
        "Net Non Operating Interest Income Expense": -164800000.0,
        "Total Other Finance Cost": 11700000.0,
        "Interest Expense Non Operating": 164800000.0,
        "Operating Income": 118800000.0,
        "Operating Expense": 234200000.0,
        "Other Operating Expenses": 8700000.0,
        "Selling General And Administration": 234200000.0,
        "General And Administrative Expense": 234200000.0,
        "Other Gand A": 234200000.0,
        "Gross Profit": 353000000.0,
        "Cost Of Revenue": 1590600000.0,
        "Total Revenue": 1943600000.0,
        "Operating Revenue": 1943600000.0
    },
    "2023-03-31": {
        "Tax Effect Of Unusual Items": NaN,
        "Tax Rate For Calcs": NaN,
        "Normalized EBITDA": NaN,
        "Total Unusual Items": NaN,
        "Total Unusual Items Excluding Goodwill": NaN,
        "Net Income From Continuing Operation Net Minority Interest": NaN,
        "Reconciled Depreciation": NaN,
        "Reconciled Cost Of Revenue": NaN,
        "EBITDA": NaN,
        "EBIT": NaN,
        "Net Interest Income": NaN,
        "Interest Expense": NaN,
        "Normalized Income": NaN,
        "Net Income From Continuing And Discontinued Operation": NaN,
        "Total Expenses": NaN,
        "Diluted Average Shares": NaN,
        "Basic Average Shares": NaN,
        "Diluted EPS": NaN,
        "Basic EPS": NaN,
        "Diluted NI Availto Com Stockholders": NaN,
        "Net Income Common Stockholders": NaN,
        "Net Income": NaN,
        "Minority Interests": NaN,
        "Net Income Including Noncontrolling Interests": NaN,
        "Net Income Discontinuous Operations": 0.0,
        "Net Income Continuous Operations": NaN,
        "Tax Provision": NaN,
        "Pretax Income": NaN,
        "Other Income Expense": NaN,
        "Other Non Operating Income Expenses": NaN,
        "Special Income Charges": NaN,
        "Gain On Sale Of Ppe": NaN,
        "Gain On Sale Of Business": NaN,
        "Earnings From Equity Interest": NaN,
        "Gain On Sale Of Security": NaN,
        "Net Non Operating Interest Income Expense": NaN,
        "Total Other Finance Cost": NaN,
        "Interest Expense Non Operating": NaN,
        "Operating Income": NaN,
        "Operating Expense": NaN,
        "Other Operating Expenses": NaN,
        "Selling General And Administration": NaN,
        "General And Administrative Expense": NaN,
        "Other Gand A": NaN,
        "Gross Profit": NaN,
        "Cost Of Revenue": NaN,
        "Total Revenue": NaN,
        "Operating Revenue": NaN
    },
    "2022-12-31": {
        "Tax Effect Of Unusual Items": NaN,
        "Tax Rate For Calcs": NaN,
        "Normalized EBITDA": NaN,
        "Total Unusual Items": NaN,
        "Total Unusual Items Excluding Goodwill": NaN,
        "Net Income From Continuing Operation Net Minority Interest": NaN,
        "Reconciled Depreciation": NaN,
        "Reconciled Cost Of Revenue": NaN,
        "EBITDA": NaN,
        "EBIT": NaN,
        "Net Interest Income": NaN,
        "Interest Expense": NaN,
        "Normalized Income": NaN,
        "Net Income From Continuing And Discontinued Operation": NaN,
        "Total Expenses": NaN,
        "Diluted Average Shares": NaN,
        "Basic Average Shares": NaN,
        "Diluted EPS": NaN,
        "Basic EPS": NaN,
        "Diluted NI Availto Com Stockholders": NaN,
        "Net Income Common Stockholders": NaN,
        "Net Income": NaN,
        "Minority Interests": NaN,
        "Net Income Including Noncontrolling Interests": NaN,
        "Net Income Discontinuous Operations": 0.0,
        "Net Income Continuous Operations": NaN,
        "Tax Provision": NaN,
        "Pretax Income": NaN,
        "Other Income Expense": NaN,
        "Other Non Operating Income Expenses": NaN,
        "Special Income Charges": NaN,
        "Gain On Sale Of Ppe": NaN,
        "Gain On Sale Of Business": NaN,
        "Write Off": -5300000.0,
        "Earnings From Equity Interest": NaN,
        "Gain On Sale Of Security": NaN,
        "Net Non Operating Interest Income Expense": NaN,
        "Total Other Finance Cost": 11800000.0,
        "Interest Expense Non Operating": NaN,
        "Operating Income": NaN,
        "Operating Expense": NaN,
        "Other Operating Expenses": 5000000.0,
        "Selling General And Administration": NaN,
        "General And Administrative Expense": NaN,
        "Other Gand A": NaN,
        "Gross Profit": NaN,
        "Cost Of Revenue": NaN,
        "Total Revenue": NaN,
        "Operating Revenue": NaN
    },
    "2022-09-30": {
        "Tax Effect Of Unusual Items": NaN,
        "Tax Rate For Calcs": NaN,
        "Normalized EBITDA": NaN,
        "Total Unusual Items": NaN,
        "Total Unusual Items Excluding Goodwill": NaN,
        "Net Income From Continuing Operation Net Minority Interest": NaN,
        "Reconciled Depreciation": NaN,
        "Reconciled Cost Of Revenue": NaN,
        "EBITDA": NaN,
        "EBIT": NaN,
        "Net Interest Income": NaN,
        "Interest Expense": NaN,
        "Normalized Income": NaN,
        "Net Income From Continuing And Discontinued Operation": NaN,
        "Total Expenses": NaN,
        "Diluted Average Shares": NaN,
        "Basic Average Shares": NaN,
        "Diluted EPS": NaN,
        "Basic EPS": NaN,
        "Diluted NI Availto Com Stockholders": NaN,
        "Net Income Common Stockholders": NaN,
        "Preferred Stock Dividends": -200000.0,
        "Net Income": NaN,
        "Minority Interests": NaN,
        "Net Income Including Noncontrolling Interests": NaN,
        "Net Income Discontinuous Operations": NaN,
        "Net Income Continuous Operations": NaN,
        "Tax Provision": NaN,
        "Pretax Income": NaN,
        "Other Income Expense": NaN,
        "Other Non Operating Income Expenses": -3400000.0,
        "Special Income Charges": NaN,
        "Gain On Sale Of Ppe": NaN,
        "Gain On Sale Of Business": NaN,
        "Write Off": 3400000.0,
        "Earnings From Equity Interest": NaN,
        "Gain On Sale Of Security": NaN,
        "Net Non Operating Interest Income Expense": NaN,
        "Total Other Finance Cost": 11400000.0,
        "Interest Expense Non Operating": NaN,
        "Operating Income": NaN,
        "Operating Expense": NaN,
        "Other Operating Expenses": 5900000.0,
        "Selling General And Administration": NaN,
        "General And Administrative Expense": NaN,
        "Other Gand A": NaN,
        "Gross Profit": NaN,
        "Cost Of Revenue": NaN,
        "Total Revenue": NaN,
        "Operating Revenue": NaN
    },
    "2022-06-30": {
        "Tax Effect Of Unusual Items": 34840000.0,
        "Tax Rate For Calcs": 0.4,
        "Normalized EBITDA": 426900000.0,
        "Total Unusual Items": 87100000.0,
        "Total Unusual Items Excluding Goodwill": 87100000.0,
        "Net Income From Continuing Operation Net Minority Interest": 82600000.0,
        "Reconciled Depreciation": 374500000.0,
        "Reconciled Cost Of Revenue": 1482000000.0,
        "EBITDA": 514000000.0,
        "EBIT": 139500000.0,
        "Net Interest Income": -104800000.0,
        "Interest Expense": 104800000.0,
        "Normalized Income": 30340000.0,
        "Net Income From Continuing And Discontinued Operation": 64300000.0,
        "Total Expenses": 1660400000.0,
        "Diluted Average Shares": 368706685.0,
        "Basic Average Shares": 366843674.0,
        "Diluted EPS": 0.12,
        "Basic EPS": 0.12,
        "Diluted NI Availto Com Stockholders": 64300000.0,
        "Net Income Common Stockholders": 64300000.0,
        "Preferred Stock Dividends": NaN,
        "Net Income": 64300000.0,
        "Minority Interests": NaN,
        "Net Income Including Noncontrolling Interests": 64300000.0,
        "Net Income Discontinuous Operations": -18300000.0,
        "Net Income Continuous Operations": 82600000.0,
        "Tax Provision": -47900000.0,
        "Pretax Income": 34700000.0,
        "Other Income Expense": 92400000.0,
        "Other Non Operating Income Expenses": NaN,
        "Special Income Charges": -6500000.0,
        "Gain On Sale Of Ppe": 2600000.0,
        "Gain On Sale Of Business": 0.0,
        "Write Off": 9100000.0,
        "Earnings From Equity Interest": 5300000.0,
        "Gain On Sale Of Security": 93600000.0,
        "Net Non Operating Interest Income Expense": -104800000.0,
        "Total Other Finance Cost": NaN,
        "Interest Expense Non Operating": 104800000.0,
        "Operating Income": 47100000.0,
        "Operating Expense": 178400000.0,
        "Other Operating Expenses": NaN,
        "Selling General And Administration": 178400000.0,
        "General And Administrative Expense": NaN,
        "Other Gand A": NaN,
        "Gross Profit": 225500000.0,
        "Cost Of Revenue": 1482000000.0,
        "Total Revenue": 1707500000.0,
        "Operating Revenue": 1707500000.0
    },
    "2022-03-31": {
        "Diluted EPS": 0.02,
        "Total Revenue": NaN,
        "Gross Profit": 107,
        "Operating Income": -21,
        "EBIT": 261,
        "Net Income": 22
    },
    "2021-12-31": {
        "Diluted EPS": -0.4,
        "Total Revenue": NaN,
        "Gross Profit": 86,
        "Operating Income": -49,
        "EBIT": 278,
        "Net Income": -131
    },
    "2021-09-30": {
        "Diluted EPS": -0.56,
        "Total Revenue": NaN,
        "Gross Profit": 153,
        "Operating Income": 32,
        "EBIT": 290,
        "Net Income": -195
    },
    "2021-06-30": {
        "Diluted EPS": 0.02,
        "Total Revenue": NaN,
        "Gross Profit": 103,
        "Operating Income": -8,
        "EBIT": 270,
        "Net Income": 21
    },
    "2021-03-31": {
        "Diluted EPS": -0.52,
        "Total Revenue": 937,
        "Gross Profit": 79,
        "Operating Income": -26,
        "EBIT": 222,
        "Net Income": -179
    },
    "2020-12-31": {
        "Diluted EPS": -1.05,
        "Total Revenue": 944,
        "Gross Profit": -93,
        "Operating Income": -203,
        "EBIT": 202,
        "Net Income": -366
    },
    "2020-09-30": {
        "Diluted EPS": -0.24,
        "Total Revenue": 778,
        "Gross Profit": 95,
        "Operating Income": 17,
        "EBIT": 206,
        "Net Income": -86
    },
    "2020-06-30": {
        "Diluted EPS": -0.23,
        "Total Revenue": 717,
        "Gross Profit": 81,
        "Operating Income": 6,
        "EBIT": 170,
        "Net Income": -83
    },
    "2020-03-31": {
        "Diluted EPS": -0.57,
        "Total Revenue": 694,
        "Gross Profit": 59,
        "Operating Income": -57,
        "EBIT": 109,
        "Net Income": -207
    },
    "2019-06-30": {
        "Diluted EPS": 0.0,
        "Total Revenue": 831,
        "Gross Profit": 92,
        "Operating Income": 11,
        "EBIT": 11,
        "Net Income": -68
    },
    "2023-09-30": {
        "Tax Effect Of Unusual Items": -16080000.0,
        "Tax Rate For Calcs": 0.4,
        "Normalized EBITDA": 506100000.0,
        "Total Unusual Items": -40200000.0,
        "Total Unusual Items Excluding Goodwill": -40200000.0,
        "Net Income From Continuing Operation Net Minority Interest": 22100000.0,
        "Reconciled Depreciation": 349200000.0,
        "Reconciled Cost Of Revenue": 1526800000.0,
        "EBITDA": 465900000.0,
        "EBIT": 116700000.0,
        "Net Interest Income": -128300000.0,
        "Interest Expense": 116400000.0,
        "Normalized Income": 46220000.0,
        "Net Income From Continuing And Discontinued Operation": 22100000.0,
        "Total Expenses": 1770400000.0,
        "Diluted Average Shares": 369556706.0,
        "Basic Average Shares": 369556706.0,
        "Diluted EPS": 0.059801,
        "Basic EPS": 0.059801,
        "Diluted NI Availto Com Stockholders": 22100000.0,
        "Net Income Common Stockholders": 22100000.0,
        "Net Income": 22100000.0,
        "Minority Interests": 3800000.0,
        "Net Income Including Noncontrolling Interests": 18300000.0,
        "Net Income Discontinuous Operations": 0.0,
        "Net Income Continuous Operations": 18300000.0,
        "Tax Provision": -18000000.0,
        "Pretax Income": 300000.0,
        "Other Income Expense": 9000000.0,
        "Other Non Operating Income Expenses": 15200000.0,
        "Special Income Charges": 6700000.0,
        "Gain On Sale Of Ppe": 6700000.0,
        "Gain On Sale Of Business": 0.0,
        "Earnings From Equity Interest": 34000000.0,
        "Gain On Sale Of Security": -46900000.0,
        "Net Non Operating Interest Income Expense": -128300000.0,
        "Total Other Finance Cost": 11900000.0,
        "Interest Expense Non Operating": 116400000.0,
        "Operating Income": 119600000.0,
        "Operating Expense": 243600000.0,
        "Other Operating Expenses": 8900000.0,
        "Selling General And Administration": 234700000.0,
        "General And Administrative Expense": NaN,
        "Other Gand A": NaN,
        "Gross Profit": 363200000.0,
        "Cost Of Revenue": 1526800000.0,
        "Total Revenue": 1890000000.0,
        "Operating Revenue": 1890000000.0
    },
    "2023-12-31": {
        "Tax Effect Of Unusual Items": 15936666.666667,
        "Tax Rate For Calcs": 0.233333,
        "Normalized EBITDA": 378000000.0,
        "Total Unusual Items": 68300000.0,
        "Total Unusual Items Excluding Goodwill": 68300000.0,
        "Net Income From Continuing Operation Net Minority Interest": -52200000.0,
        "Reconciled Depreciation": 390100000.0,
        "Reconciled Cost Of Revenue": 1574100000.0,
        "EBITDA": 446300000.0,
        "EBIT": 56200000.0,
        "Net Interest Income": -151400000.0,
        "Interest Expense": 137200000.0,
        "Normalized Income": -104563333.333333,
        "Net Income From Continuing And Discontinued Operation": -52200000.0,
        "Total Expenses": 1850500000.0,
        "Diluted Average Shares": 370651938.0,
        "Basic Average Shares": 370651938.0,
        "Diluted EPS": -0.21,
        "Basic EPS": -0.21,
        "Diluted NI Availto Com Stockholders": -144400000.0,
        "Net Income Common Stockholders": -144400000.0,
        "Net Income": -52200000.0,
        "Minority Interests": 9900000.0,
        "Net Income Including Noncontrolling Interests": -62100000.0,
        "Net Income Discontinuous Operations": 0.0,
        "Net Income Continuous Operations": -62100000.0,
        "Tax Provision": -18900000.0,
        "Pretax Income": -81000000.0,
        "Other Income Expense": 38100000.0,
        "Other Non Operating Income Expenses": NaN,
        "Special Income Charges": 0.0,
        "Gain On Sale Of Ppe": 0.0,
        "Gain On Sale Of Business": 0.0,
        "Earnings From Equity Interest": -12700000.0,
        "Gain On Sale Of Security": 68300000.0,
        "Net Non Operating Interest Income Expense": -151400000.0,
        "Total Other Finance Cost": 14200000.0,
        "Interest Expense Non Operating": 137200000.0,
        "Operating Income": 32300000.0,
        "Operating Expense": 276400000.0,
        "Other Operating Expenses": -14100000.0,
        "Selling General And Administration": 290500000.0,
        "General And Administrative Expense": NaN,
        "Other Gand A": NaN,
        "Gross Profit": 308700000.0,
        "Cost Of Revenue": 1574100000.0,
        "Total Revenue": 1882800000.0,
        "Operating Revenue": 1882800000.0
    },
    "2024-03-31": {
        "Tax Effect Of Unusual Items": -16958192.090395,
        "Tax Rate For Calcs": 0.232942,
        "Normalized EBITDA": 359400000.0,
        "Total Unusual Items": -72800000.0,
        "Total Unusual Items Excluding Goodwill": -72800000.0,
        "Net Income From Continuing Operation Net Minority Interest": -172800000.0,
        "Reconciled Depreciation": 363700000.0,
        "Reconciled Cost Of Revenue": 1504200000.0,
        "EBITDA": 286600000.0,
        "EBIT": -77100000.0,
        "Net Interest Income": -153000000.0,
        "Interest Expense": 153000000.0,
        "Normalized Income": -116958192.090395,
        "Net Income From Continuing And Discontinued Operation": -172800000.0,
        "Total Expenses": 1779600000.0,
        "Diluted Average Shares": 372986761.0,
        "Basic Average Shares": 372986761.0,
        "Diluted EPS": -0.53,
        "Basic EPS": -0.53,
        "Diluted NI Availto Com Stockholders": -172800000.0,
        "Net Income Common Stockholders": -172800000.0,
        "Net Income": -172800000.0,
        "Minority Interests": 3700000.0,
        "Net Income Including Noncontrolling Interests": -176500000.0,
        "Net Income Discontinuous Operations": NaN,
        "Net Income Continuous Operations": -176500000.0,
        "Tax Provision": -53600000.0,
        "Pretax Income": -230100000.0,
        "Other Income Expense": -98900000.0,
        "Other Non Operating Income Expenses": 4500000.0,
        "Special Income Charges": 2100000.0,
        "Gain On Sale Of Ppe": 2100000.0,
        "Gain On Sale Of Business": 0.0,
        "Earnings From Equity Interest": -30600000.0,
        "Gain On Sale Of Security": -74900000.0,
        "Net Non Operating Interest Income Expense": -153000000.0,
        "Total Other Finance Cost": NaN,
        "Interest Expense Non Operating": 153000000.0,
        "Operating Income": 21800000.0,
        "Operating Expense": 275400000.0,
        "Other Operating Expenses": NaN,
        "Selling General And Administration": 275400000.0,
        "General And Administrative Expense": NaN,
        "Other Gand A": NaN,
        "Gross Profit": 297200000.0,
        "Cost Of Revenue": 1504200000.0,
        "Total Revenue": 1801400000.0,
        "Operating Revenue": 1801400000.0
    },
    "2024-06-30": {
        "Tax Effect Of Unusual Items": -54064973.564955,
        "Tax Rate For Calcs": 0.108195,
        "Normalized EBITDA": 554900000.0,
        "Total Unusual Items": -499700000.0,
        "Total Unusual Items Excluding Goodwill": -499700000.0,
        "Net Income From Continuing Operation Net Minority Interest": -471200000.0,
        "Reconciled Depreciation": 397900000.0,
        "Reconciled Cost Of Revenue": 1661200000.0,
        "EBITDA": 55200000.0,
        "EBIT": -342700000.0,
        "Net Interest Income": -186900000.0,
        "Interest Expense": 186900000.0,
        "Normalized Income": -25564973.564955,
        "Net Income From Continuing And Discontinued Operation": -471200000.0,
        "Total Expenses": 1915100000.0,
        "Diluted Average Shares": 376598800.0,
        "Basic Average Shares": 376598800.0,
        "Diluted EPS": -1.31,
        "Basic EPS": -1.31,
        "Diluted NI Availto Com Stockholders": -471200000.0,
        "Net Income Common Stockholders": -471200000.0,
        "Net Income": -471200000.0,
        "Minority Interests": 1100000.0,
        "Net Income Including Noncontrolling Interests": -472300000.0,
        "Net Income Discontinuous Operations": NaN,
        "Net Income Continuous Operations": -472300000.0,
        "Tax Provision": -57300000.0,
        "Pretax Income": -529600000.0,
        "Other Income Expense": -487600000.0,
        "Other Non Operating Income Expenses": -3600000.0,
        "Special Income Charges": -494300000.0,
        "Gain On Sale Of Ppe": -200000.0,
        "Gain On Sale Of Business": -494100000.0,
        "Earnings From Equity Interest": 15700000.0,
        "Gain On Sale Of Security": -5400000.0,
        "Net Non Operating Interest Income Expense": -186900000.0,
        "Total Other Finance Cost": NaN,
        "Interest Expense Non Operating": 186900000.0,
        "Operating Income": 144900000.0,
        "Operating Expense": 253900000.0,
        "Other Operating Expenses": NaN,
        "Selling General And Administration": 253900000.0,
        "General And Administrative Expense": NaN,
        "Other Gand A": NaN,
        "Gross Profit": 398800000.0,
        "Cost Of Revenue": 1661200000.0,
        "Total Revenue": 2060000000.0,
        "Operating Revenue": 2060000000.0
    }
}