{
    "2023-03-31": {
        "Tax Effect Of Unusual Items": NaN,
        "Tax Rate For Calcs": NaN,
        "Total Unusual Items": -105901000000.0,
        "Total Unusual Items Excluding Goodwill": -105901000000.0,
        "Net Income From Continuing Operation Net Minority Interest": NaN,
        "Reconciled Depreciation": NaN,
        "Net Interest Income": NaN,
        "Interest Income": NaN,
        "Normalized Income": NaN,
        "Net Income From Continuing And Discontinued Operation": NaN,
        "Diluted Average Shares": NaN,
        "Basic Average Shares": NaN,
        "Diluted EPS": NaN,
        "Basic EPS": NaN,
        "Diluted NI Availto Com Stockholders": NaN,
        "Net Income Common Stockholders": NaN,
        "Net Income": NaN,
        "Minority Interests": NaN,
        "Net Income Including Noncontrolling Interests": NaN,
        "Net Income Continuous Operations": NaN,
        "Tax Provision": NaN,
        "Pretax Income": NaN,
        "Special Income Charges": -105901000000.0,
        "Other Special Charges": 105901000000.0,
        "Gain On Sale Of Security": NaN,
        "Depreciation Amortization Depletion Income Statement": NaN,
        "Depreciation And Amortization In Income Statement": NaN,
        "Depreciation Income Statement": NaN,
        "Selling General And Administration": NaN,
        "General And Administrative Expense": NaN,
        "Other Gand A": NaN,
        "Salaries And Wages": NaN,
        "Total Revenue": NaN,
        "Operating Revenue": NaN,
        "Other Non Interest Expense": NaN
    },
    "2022-12-31": {
        "Tax Effect Of Unusual Items": 0.0,
        "Tax Rate For Calcs": 0.35,
        "Total Unusual Items": NaN,
        "Total Unusual Items Excluding Goodwill": NaN,
        "Net Income From Continuing Operation Net Minority Interest": 307400000.0,
        "Reconciled Depreciation": -17449040000.0,
        "Net Interest Income": -56225802000.0,
        "Interest Income": 509298076000.0,
        "Normalized Income": 307400000.0,
        "Net Income From Continuing And Discontinued Operation": 307400000.0,
        "Diluted Average Shares": NaN,
        "Basic Average Shares": NaN,
        "Diluted EPS": NaN,
        "Basic EPS": NaN,
        "Diluted NI Availto Com Stockholders": 307400000.0,
        "Net Income Common Stockholders": 307400000.0,
        "Net Income": 307400000.0,
        "Net Income Including Noncontrolling Interests": 307409000.0,
        "Net Income Continuous Operations": 307409000.0,
        "Tax Provision": 936925000.0,
        "Pretax Income": 1244334000.0,
        "Special Income Charges": NaN,
        "Other Special Charges": NaN,
        "Gain On Sale Of Security": -18627054000.0,
        "Depreciation Amortization Depletion Income Statement": -17449040000.0,
        "Depreciation And Amortization In Income Statement": -17449040000.0,
        "Depreciation Income Statement": -17449393000.0,
        "Selling General And Administration": -48282024000.0,
        "General And Administrative Expense": -52551056000.0,
        "Other Gand A": -51293283000.0,
        "Salaries And Wages": -11379564000.0,
        "Total Revenue": -150914399000.0,
        "Operating Revenue": -150914399000.0,
        "Other Non Interest Expense": -20685336000.0
    },
    "2022-09-30": {
        "Tax Effect Of Unusual Items": NaN,
        "Tax Rate For Calcs": NaN,
        "Total Unusual Items": -163930000000.0,
        "Total Unusual Items Excluding Goodwill": -163930000000.0,
        "Net Income From Continuing Operation Net Minority Interest": NaN,
        "Reconciled Depreciation": NaN,
        "Net Interest Income": NaN,
        "Interest Income": NaN,
        "Normalized Income": NaN,
        "Net Income From Continuing And Discontinued Operation": NaN,
        "Diluted Average Shares": 147469200.0,
        "Basic Average Shares": 147469200.0,
        "Diluted EPS": 180.932696,
        "Basic EPS": 180.932696,
        "Diluted NI Availto Com Stockholders": NaN,
        "Net Income Common Stockholders": NaN,
        "Net Income": NaN,
        "Net Income Including Noncontrolling Interests": NaN,
        "Net Income Continuous Operations": NaN,
        "Tax Provision": NaN,
        "Pretax Income": NaN,
        "Special Income Charges": -163930000000.0,
        "Other Special Charges": 163930000000.0,
        "Gain On Sale Of Security": NaN,
        "Depreciation Amortization Depletion Income Statement": NaN,
        "Depreciation And Amortization In Income Statement": NaN,
        "Depreciation Income Statement": NaN,
        "Selling General And Administration": NaN,
        "General And Administrative Expense": NaN,
        "Other Gand A": NaN,
        "Salaries And Wages": NaN,
        "Total Revenue": NaN,
        "Operating Revenue": NaN
    },
    "2022-06-30": {
        "Diluted EPS": 0.3,
        "Total Revenue": NaN,
        "Gross Profit": 997,
        "Operating Income": 57,
        "EBIT": NaN,
        "Net Income": 44
    },
    "2022-03-31": {
        "Diluted EPS": 0.33,
        "Total Revenue": NaN,
        "Gross Profit": 923,
        "Operating Income": 79,
        "EBIT": NaN,
        "Net Income": 49
    },
    "2021-09-30": {
        "Diluted EPS": 0.66,
        "Total Revenue": NaN,
        "Gross Profit": 734,
        "Operating Income": 145,
        "Net Income": 97
    },
    "2019-03-31": {
        "Diluted EPS": 1.62,
        "Total Revenue": NaN,
        "Gross Profit": 847,
        "Operating Income": 321,
        "EBIT": NaN,
        "Net Income": 231
    },
    "2018-12-31": {
        "Diluted EPS": -5.93,
        "Total Revenue": NaN,
        "Gross Profit": 431,
        "Operating Income": -486,
        "EBIT": NaN,
        "Net Income": -531
    },
    "2018-09-30": {
        "Diluted EPS": 2.24,
        "Total Revenue": 961,
        "Gross Profit": 614,
        "Operating Income": 202,
        "EBIT": NaN,
        "Net Income": 135
    },
    "2018-06-30": {
        "Diluted EPS": 1.76,
        "Total Revenue": 869,
        "Gross Profit": 586,
        "Operating Income": 176,
        "EBIT": NaN,
        "Net Income": 120
    },
    "2018-03-31": {
        "Diluted EPS": 1.07,
        "Total Revenue": NaN,
        "Gross Profit": 767,
        "Operating Income": 227,
        "EBIT": NaN,
        "Net Income": 153
    },
    "2017-09-30": {
        "Diluted EPS": 0.91,
        "Total Revenue": 856,
        "Gross Profit": 578,
        "Operating Income": 193,
        "EBIT": NaN,
        "Net Income": 117
    },
    "2017-06-30": {
        "Diluted EPS": 0.9,
        "Total Revenue": 678,
        "Gross Profit": 374,
        "Operating Income": 171,
        "EBIT": NaN,
        "Net Income": 106
    },
    "2016-06-30": {
        "Diluted EPS": 0.75,
        "Total Revenue": 829,
        "Gross Profit": 451,
        "Operating Income": 128,
        "EBIT": NaN,
        "Net Income": 81
    },
    "2016-03-31": {
        "Diluted EPS": 0.72,
        "Total Revenue": 897,
        "Gross Profit": 497,
        "Operating Income": 148,
        "EBIT": NaN,
        "Net Income": 94
    },
    "2015-12-31": {
        "Diluted EPS": 1.04,
        "Total Revenue": 610,
        "Gross Profit": -58,
        "Operating Income": -773,
        "EBIT": NaN,
        "Net Income": 135
    },
    "2015-09-30": {
        "Diluted EPS": 0.98,
        "Total Revenue": 704,
        "Gross Profit": 345,
        "Operating Income": -50,
        "EBIT": NaN,
        "Net Income": 120
    },
    "2015-06-30": {
        "Diluted EPS": 0.82,
        "Total Revenue": 661,
        "Gross Profit": 309,
        "Operating Income": -77,
        "EBIT": NaN,
        "Net Income": 98
    },
    "2015-03-31": {
        "Diluted EPS": 0.85,
        "Total Revenue": 872,
        "Gross Profit": 552,
        "Operating Income": 176,
        "EBIT": NaN,
        "Net Income": 102
    },
    "2014-12-31": {
        "Diluted EPS": 0.84,
        "Total Revenue": 166,
        "Gross Profit": -266,
        "Operating Income": -644,
        "EBIT": NaN,
        "Net Income": 109
    },
    "2014-09-30": {
        "Diluted EPS": 0.87,
        "Total Revenue": 842,
        "Gross Profit": 559,
        "Operating Income": 196,
        "EBIT": NaN,
        "Net Income": 113
    },
    "2014-06-30": {
        "Diluted EPS": 0.66,
        "Total Revenue": 625,
        "Gross Profit": 284,
        "Operating Income": -71,
        "EBIT": NaN,
        "Net Income": 86
    },
    "2014-03-31": {
        "Diluted EPS": 0.79,
        "Total Revenue": 816,
        "Gross Profit": 486,
        "Operating Income": 144,
        "EBIT": NaN,
        "Net Income": 103
    },
    "2013-12-31": {
        "Diluted EPS": 0.92,
        "Total Revenue": 561,
        "Gross Profit": 505,
        "Operating Income": 709,
        "EBIT": NaN,
        "Net Income": 115
    },
    "2013-09-30": {
        "Diluted EPS": 0.73,
        "Total Revenue": 805,
        "Gross Profit": 511,
        "Operating Income": 125,
        "EBIT": NaN,
        "Net Income": 90
    },
    "2013-06-30": {
        "Diluted EPS": 0.56,
        "Total Revenue": 577,
        "Gross Profit": 313,
        "Operating Income": -125,
        "EBIT": NaN,
        "Net Income": 69
    },
    "2013-03-31": {
        "Diluted EPS": 0.48,
        "Total Revenue": 476,
        "Gross Profit": 225,
        "Operating Income": -293,
        "EBIT": NaN,
        "Net Income": 60
    },
    "2012-12-31": {
        "Diluted EPS": 0.59,
        "Total Revenue": 180,
        "Gross Profit": 76,
        "Operating Income": -1,
        "EBIT": NaN,
        "Net Income": 74
    },
    "2012-09-30": {
        "Diluted EPS": 0.58,
        "Total Revenue": 545,
        "Gross Profit": 381,
        "Operating Income": -70,
        "EBIT": NaN,
        "Net Income": 72
    },
    "2012-06-30": {
        "Diluted EPS": 0.59,
        "Total Revenue": 726,
        "Gross Profit": 525,
        "Operating Income": -112,
        "EBIT": NaN,
        "Net Income": 74
    },
    "2012-03-31": {
        "Diluted EPS": 0.52,
        "Total Revenue": 504,
        "Gross Profit": 301,
        "Operating Income": -123,
        "EBIT": NaN,
        "Net Income": 65
    },
    "2011-12-31": {
        "Diluted EPS": 0.6,
        "Total Revenue": 515,
        "Gross Profit": 454,
        "Operating Income": -117,
        "EBIT": NaN,
        "Net Income": 75
    },
    "2011-09-30": {
        "Diluted EPS": 0.53,
        "Total Revenue": 565,
        "Gross Profit": 424,
        "Operating Income": 126,
        "EBIT": NaN,
        "Net Income": 66
    },
    "2011-06-30": {
        "Diluted EPS": 0.5,
        "Total Revenue": 513,
        "Gross Profit": 385,
        "Operating Income": 89,
        "EBIT": NaN,
        "Net Income": 61
    },
    "2011-03-31": {
        "Diluted EPS": 0.46,
        "Total Revenue": 511,
        "Gross Profit": 400,
        "Operating Income": 76,
        "EBIT": NaN,
        "Net Income": 57
    },
    "2010-12-31": {
        "Diluted EPS": 0.39,
        "Total Revenue": 588,
        "Gross Profit": 535,
        "Operating Income": 152,
        "EBIT": NaN,
        "Net Income": 48
    },
    "2010-09-30": {
        "Diluted EPS": 0.3,
        "Total Revenue": 313,
        "Gross Profit": 256,
        "Operating Income": 23,
        "EBIT": NaN,
        "Net Income": 31
    },
    "2010-06-30": {
        "Diluted EPS": 0.1,
        "Total Revenue": 300,
        "Gross Profit": 218,
        "Operating Income": 27,
        "EBIT": NaN,
        "Net Income": 12
    },
    "2010-03-31": {
        "Diluted EPS": 0.1,
        "Total Revenue": 298,
        "Gross Profit": 212,
        "Operating Income": -12,
        "EBIT": NaN,
        "Net Income": 13
    },
    "2009-12-31": {
        "Diluted EPS": 0.11,
        "Total Revenue": 380,
        "Gross Profit": 311,
        "Operating Income": -36,
        "EBIT": NaN,
        "Net Income": 13
    },
    "2009-09-30": {
        "Diluted EPS": 0.22,
        "Total Revenue": 287,
        "Gross Profit": 197,
        "Operating Income": 24,
        "EBIT": NaN,
        "Net Income": 12
    },
    "2009-06-30": {
        "Diluted EPS": 0.3,
        "Total Revenue": 254,
        "Gross Profit": 188,
        "Operating Income": 17,
        "EBIT": NaN,
        "Net Income": 10
    },
    "2009-03-31": {
        "Diluted EPS": 0.74,
        "Total Revenue": 263,
        "Gross Profit": 155,
        "Operating Income": 35,
        "EBIT": NaN,
        "Net Income": 26
    },
    "2023-09-30": {
        "Tax Effect Of Unusual Items": -72856255745.32295,
        "Tax Rate For Calcs": 0.276029,
        "Total Unusual Items": -263944000000.0,
        "Total Unusual Items Excluding Goodwill": -263944000000.0,
        "Net Income From Continuing Operation Net Minority Interest": 54216000000.0,
        "Reconciled Depreciation": 14391000000.0,
        "Net Interest Income": 291697000000.0,
        "Interest Income": 291697000000.0,
        "Normalized Income": 245303744254.67703,
        "Net Income From Continuing And Discontinued Operation": 54216000000.0,
        "Diluted Average Shares": 147469209.0,
        "Basic Average Shares": 147469209.0,
        "Diluted EPS": 1136.03376,
        "Basic EPS": 1136.03376,
        "Diluted NI Availto Com Stockholders": 54216000000.0,
        "Net Income Common Stockholders": 54216000000.0,
        "Net Income": 54216000000.0,
        "Minority Interests": NaN,
        "Net Income Including Noncontrolling Interests": 54216000000.0,
        "Net Income Continuous Operations": 54216000000.0,
        "Tax Provision": 20671000000.0,
        "Pretax Income": 74887000000.0,
        "Special Income Charges": -263944000000.0,
        "Other Special Charges": 263944000000.0,
        "Gain On Sale Of Security": 57872000000.0,
        "Depreciation Amortization Depletion Income Statement": 14391000000.0,
        "Depreciation And Amortization In Income Statement": 14391000000.0,
        "Depreciation Income Statement": 14391000000.0,
        "Selling General And Administration": 97070000000.0,
        "General And Administrative Expense": 97070000000.0,
        "Other Gand A": 47426000000.0,
        "Salaries And Wages": 49644000000.0,
        "Total Revenue": 568891000000.0,
        "Operating Revenue": 568891000000.0,
        "Other Non Interest Expense": 91006000000.0
    },
    "2023-06-30": {
        "Tax Effect Of Unusual Items": -140000314173.83786,
        "Tax Rate For Calcs": 0.30243,
        "Total Unusual Items": -462918000000.0,
        "Total Unusual Items Excluding Goodwill": -462918000000.0,
        "Net Income From Continuing Operation Net Minority Interest": 215381000000.0,
        "Reconciled Depreciation": 36937000000.0,
        "Net Interest Income": 812068000000.0,
        "Interest Income": 812068000000.0,
        "Normalized Income": 538298685826.1622,
        "Net Income From Continuing And Discontinued Operation": 215381000000.0,
        "Diluted Average Shares": 147469209.0,
        "Basic Average Shares": 147469209.0,
        "Diluted EPS": 1460.515056,
        "Basic EPS": 1460.515056,
        "Diluted NI Availto Com Stockholders": 215381000000.0,
        "Net Income Common Stockholders": 215381000000.0,
        "Net Income": 215381000000.0,
        "Minority Interests": 0.0,
        "Net Income Including Noncontrolling Interests": 215381000000.0,
        "Net Income Continuous Operations": 215381000000.0,
        "Tax Provision": 93378000000.0,
        "Pretax Income": 308759000000.0,
        "Special Income Charges": -462918000000.0,
        "Other Special Charges": 462918000000.0,
        "Gain On Sale Of Security": 130262000000.0,
        "Depreciation Amortization Depletion Income Statement": 36937000000.0,
        "Depreciation And Amortization In Income Statement": 36937000000.0,
        "Depreciation Income Statement": 36937000000.0,
        "Selling General And Administration": 266660000000.0,
        "General And Administrative Expense": 266660000000.0,
        "Other Gand A": 128357000000.0,
        "Salaries And Wages": 138303000000.0,
        "Total Revenue": 1378793000000.0,
        "Operating Revenue": 1378793000000.0,
        "Other Non Interest Expense": 221623000000.0
    },
    "2023-12-31": {
        "Tax Effect Of Unusual Items": 0.0,
        "Tax Rate For Calcs": 0.35,
        "Total Unusual Items": NaN,
        "Total Unusual Items Excluding Goodwill": NaN,
        "Net Income From Continuing Operation Net Minority Interest": 206858143000.0,
        "Reconciled Depreciation": 11150043000.0,
        "Net Interest Income": 1120072391000.0,
        "Interest Income": 4150084051000.0,
        "Normalized Income": 206858143000.0,
        "Net Income From Continuing And Discontinued Operation": 206858143000.0,
        "Diluted Average Shares": 147469209.0,
        "Basic Average Shares": 147469209.0,
        "Diluted EPS": 589.587485,
        "Basic EPS": 589.587485,
        "Diluted NI Availto Com Stockholders": 206858143000.0,
        "Net Income Common Stockholders": 206858143000.0,
        "Net Income": 206858143000.0,
        "Minority Interests": NaN,
        "Net Income Including Noncontrolling Interests": 206855628000.0,
        "Net Income Continuous Operations": 206855628000.0,
        "Tax Provision": 149827481000.0,
        "Pretax Income": 356683109000.0,
        "Special Income Charges": NaN,
        "Other Special Charges": NaN,
        "Gain On Sale Of Security": 170075782000.0,
        "Depreciation Amortization Depletion Income Statement": 11150043000.0,
        "Depreciation And Amortization In Income Statement": 11150043000.0,
        "Depreciation Income Statement": 11148943000.0,
        "Selling General And Administration": 336667377000.0,
        "General And Administrative Expense": 322365802000.0,
        "Other Gand A": 57452131000.0,
        "Salaries And Wages": 237895328000.0,
        "Total Revenue": 2152072669000.0,
        "Operating Revenue": 2152072669000.0,
        "Other Non Interest Expense": 326189846000.0
    },
    "2024-06-30": {
        "Tax Effect Of Unusual Items": -161325765890.00723,
        "Tax Rate For Calcs": 0.350108,
        "Total Unusual Items": -460788000000.0,
        "Total Unusual Items Excluding Goodwill": -460788000000.0,
        "Net Income From Continuing Operation Net Minority Interest": 408985000000.0,
        "Reconciled Depreciation": 35536000000.0,
        "Net Interest Income": 1272851000000.0,
        "Interest Income": 1272851000000.0,
        "Normalized Income": 708447234109.9928,
        "Net Income From Continuing And Discontinued Operation": 408985000000.0,
        "Diluted Average Shares": 119087745.0,
        "Basic Average Shares": 119087745.0,
        "Diluted EPS": 2773.358607,
        "Basic EPS": 2773.358607,
        "Diluted NI Availto Com Stockholders": 408985000000.0,
        "Net Income Common Stockholders": 408985000000.0,
        "Net Income": 408985000000.0,
        "Minority Interests": -60000000.0,
        "Net Income Including Noncontrolling Interests": 409045000000.0,
        "Net Income Continuous Operations": 409045000000.0,
        "Tax Provision": 220360000000.0,
        "Pretax Income": 629405000000.0,
        "Special Income Charges": -460788000000.0,
        "Other Special Charges": 460788000000.0,
        "Gain On Sale Of Security": 186105000000.0,
        "Depreciation Amortization Depletion Income Statement": 35536000000.0,
        "Depreciation And Amortization In Income Statement": 35536000000.0,
        "Depreciation Income Statement": 35536000000.0,
        "Selling General And Administration": 328756000000.0,
        "General And Administrative Expense": 328756000000.0,
        "Other Gand A": 157106000000.0,
        "Salaries And Wages": 171650000000.0,
        "Total Revenue": 1828290000000.0,
        "Operating Revenue": 1828290000000.0,
        "Other Non Interest Expense": 227694000000.0
    },
    "2024-09-30": {
        "Tax Effect Of Unusual Items": -132886036204.98593,
        "Tax Rate For Calcs": 0.347714,
        "Total Unusual Items": -382171000000.0,
        "Total Unusual Items Excluding Goodwill": -382171000000.0,
        "Net Income From Continuing Operation Net Minority Interest": 168375000000.0,
        "Reconciled Depreciation": 38906000000.0,
        "Net Interest Income": 762315000000.0,
        "Interest Income": 762315000000.0,
        "Normalized Income": 417659963795.01404,
        "Net Income From Continuing And Discontinued Operation": 168375000000.0,
        "Diluted Average Shares": 119087745.0,
        "Basic Average Shares": 119087745.0,
        "Diluted EPS": 1413.873443,
        "Basic EPS": 1413.873443,
        "Diluted NI Availto Com Stockholders": 168375000000.0,
        "Net Income Common Stockholders": 168375000000.0,
        "Net Income": 168375000000.0,
        "Minority Interests": 28000000.0,
        "Net Income Including Noncontrolling Interests": 168348000000.0,
        "Net Income Continuous Operations": 168346000000.0,
        "Tax Provision": 89740000000.0,
        "Pretax Income": 258086000000.0,
        "Special Income Charges": -382171000000.0,
        "Other Special Charges": 382171000000.0,
        "Gain On Sale Of Security": 208086000000.0,
        "Depreciation Amortization Depletion Income Statement": 38906000000.0,
        "Depreciation And Amortization In Income Statement": 38906000000.0,
        "Depreciation Income Statement": 38906000000.0,
        "Selling General And Administration": 328365000000.0,
        "General And Administrative Expense": 328365000000.0,
        "Other Gand A": 174109000000.0,
        "Salaries And Wages": 154256000000.0,
        "Total Revenue": 1396458000000.0,
        "Operating Revenue": 1396458000000.0,
        "Other Non Interest Expense": 220326000000.0
    }
}