{
    "2023-06-30": {
        "Tax Effect Of Unusual Items": 0.0,
        "Tax Rate For Calcs": 0.159,
        "Normalized EBITDA": 179547000.0,
        "Net Income From Continuing Operation Net Minority Interest": 134268000.0,
        "Reconciled Depreciation": 18130000.0,
        "Reconciled Cost Of Revenue": 268229000.0,
        "EBITDA": 179547000.0,
        "EBIT": 161417000.0,
        "Net Interest Income": -1798000.0,
        "Interest Expense": 1798000.0,
        "Normalized Income": 134268000.0,
        "Net Income From Continuing And Discontinued Operation": 134268000.0,
        "Total Expenses": 402592000.0,
        "Total Operating Income As Reported": 157052000.0,
        "Diluted Average Shares": 172551000.0,
        "Basic Average Shares": 168683000.0,
        "Diluted EPS": 0.78,
        "Basic EPS": 0.8,
        "Diluted NI Availto Com Stockholders": 134268000.0,
        "Net Income Common Stockholders": 134268000.0,
        "Net Income": 134268000.0,
        "Net Income Including Noncontrolling Interests": 134268000.0,
        "Net Income Continuous Operations": 134268000.0,
        "Tax Provision": 25351000.0,
        "Pretax Income": 159619000.0,
        "Other Income Expense": 4365000.0,
        "Other Non Operating Income Expenses": 4365000.0,
        "Net Non Operating Interest Income Expense": -1798000.0,
        "Interest Expense Non Operating": 1798000.0,
        "Operating Income": 157052000.0,
        "Operating Expense": 134363000.0,
        "Research And Development": 21286000.0,
        "Selling General And Administration": 113077000.0,
        "Selling And Marketing Expense": 68380000.0,
        "General And Administrative Expense": 44697000.0,
        "Other Gand A": 44697000.0,
        "Gross Profit": 291415000.0,
        "Cost Of Revenue": 268229000.0,
        "Total Revenue": 559644000.0,
        "Operating Revenue": 559644000.0
    },
    "2023-03-31": {
        "Tax Effect Of Unusual Items": 0.0,
        "Tax Rate For Calcs": 0.179117,
        "Normalized EBITDA": 176684000.0,
        "Net Income From Continuing Operation Net Minority Interest": 129166000.0,
        "Reconciled Depreciation": 17987000.0,
        "Reconciled Cost Of Revenue": 244506000.0,
        "EBITDA": 176684000.0,
        "EBIT": 158697000.0,
        "Net Interest Income": -1347000.0,
        "Interest Expense": 1347000.0,
        "Normalized Income": 129166000.0,
        "Net Income From Continuing And Discontinued Operation": 129166000.0,
        "Total Expenses": 372978000.0,
        "Total Operating Income As Reported": 156668000.0,
        "Diluted Average Shares": 171676000.0,
        "Basic Average Shares": 168018000.0,
        "Diluted EPS": 0.75,
        "Basic EPS": 0.77,
        "Diluted NI Availto Com Stockholders": 129166000.0,
        "Net Income Common Stockholders": 129166000.0,
        "Net Income": 129166000.0,
        "Net Income Including Noncontrolling Interests": 129166000.0,
        "Net Income Continuous Operations": 129166000.0,
        "Tax Provision": 28184000.0,
        "Pretax Income": 157350000.0,
        "Other Income Expense": 2029000.0,
        "Other Non Operating Income Expenses": 2029000.0,
        "Net Non Operating Interest Income Expense": -1347000.0,
        "Interest Expense Non Operating": 1347000.0,
        "Operating Income": 156668000.0,
        "Operating Expense": 128472000.0,
        "Research And Development": 20479000.0,
        "Selling General And Administration": 107993000.0,
        "Selling And Marketing Expense": 65383000.0,
        "General And Administrative Expense": 42610000.0,
        "Other Gand A": 42610000.0,
        "Gross Profit": 285140000.0,
        "Cost Of Revenue": 244506000.0,
        "Total Revenue": 529646000.0,
        "Operating Revenue": 529646000.0
    },
    "2022-12-31": {
        "Tax Effect Of Unusual Items": 0.0,
        "Tax Rate For Calcs": 0.181,
        "Normalized EBITDA": 155323000.0,
        "Net Income From Continuing Operation Net Minority Interest": 126192000.0,
        "Reconciled Depreciation": 17774000.0,
        "Reconciled Cost Of Revenue": 282229000.0,
        "EBITDA": 155323000.0,
        "EBIT": 155323000.0,
        "Net Interest Income": -1342000.0,
        "Interest Expense": 1342000.0,
        "Normalized Income": 126192000.0,
        "Net Income From Continuing And Discontinued Operation": 126192000.0,
        "Total Expenses": 402537000.0,
        "Total Operating Income As Reported": 152508000.0,
        "Diluted Average Shares": 171406000.0,
        "Basic Average Shares": 167706000.0,
        "Diluted EPS": 0.74,
        "Basic EPS": 0.75,
        "Diluted NI Availto Com Stockholders": 126192000.0,
        "Net Income Common Stockholders": 126192000.0,
        "Net Income": 126192000.0,
        "Net Income Including Noncontrolling Interests": 126192000.0,
        "Net Income Continuous Operations": 126192000.0,
        "Tax Provision": 27789000.0,
        "Pretax Income": 153981000.0,
        "Other Income Expense": 2815000.0,
        "Other Non Operating Income Expenses": 2815000.0,
        "Net Non Operating Interest Income Expense": -1342000.0,
        "Interest Expense Non Operating": 1342000.0,
        "Operating Income": 152508000.0,
        "Operating Expense": 120308000.0,
        "Research And Development": 21259000.0,
        "Selling General And Administration": 99049000.0,
        "Selling And Marketing Expense": 64491000.0,
        "General And Administrative Expense": 34558000.0,
        "Other Gand A": 34558000.0,
        "Gross Profit": 272816000.0,
        "Cost Of Revenue": 282229000.0,
        "Total Revenue": 555045000.0,
        "Operating Revenue": 555045000.0
    },
    "2022-09-30": {
        "Tax Effect Of Unusual Items": 0.0,
        "Tax Rate For Calcs": 0.184,
        "Normalized EBITDA": 160785000.0,
        "Net Income From Continuing Operation Net Minority Interest": 116232000.0,
        "Reconciled Depreciation": 16770000.0,
        "Reconciled Cost Of Revenue": 284556000.0,
        "EBITDA": 160785000.0,
        "EBIT": 144015000.0,
        "Net Interest Income": -1542000.0,
        "Interest Expense": 1542000.0,
        "Normalized Income": 116232000.0,
        "Net Income From Continuing And Discontinued Operation": 116232000.0,
        "Total Expenses": 402495000.0,
        "Total Operating Income As Reported": 143149000.0,
        "Diluted Average Shares": 172789000.0,
        "Basic Average Shares": 169166000.0,
        "Diluted EPS": 0.67,
        "Basic EPS": 0.69,
        "Diluted NI Availto Com Stockholders": 116232000.0,
        "Net Income Common Stockholders": 116232000.0,
        "Net Income": 116232000.0,
        "Net Income Including Noncontrolling Interests": 116232000.0,
        "Net Income Continuous Operations": 116232000.0,
        "Tax Provision": 26241000.0,
        "Pretax Income": 142473000.0,
        "Other Income Expense": 866000.0,
        "Other Non Operating Income Expenses": 866000.0,
        "Net Non Operating Interest Income Expense": -1542000.0,
        "Interest Expense Non Operating": 1542000.0,
        "Operating Income": 143149000.0,
        "Operating Expense": 117939000.0,
        "Research And Development": 19704000.0,
        "Selling General And Administration": 98235000.0,
        "Selling And Marketing Expense": 61386000.0,
        "General And Administrative Expense": 36849000.0,
        "Other Gand A": 36849000.0,
        "Gross Profit": 261088000.0,
        "Cost Of Revenue": 284556000.0,
        "Total Revenue": 545644000.0,
        "Operating Revenue": 545644000.0
    },
    "2022-06-30": {
        "Tax Effect Of Unusual Items": 0.0,
        "Tax Rate For Calcs": 0.198,
        "Normalized EBITDA": 163956000.0,
        "Net Income From Continuing Operation Net Minority Interest": 117378000.0,
        "Reconciled Depreciation": 15883000.0,
        "Reconciled Cost Of Revenue": 279487000.0,
        "EBITDA": 163956000.0,
        "EBIT": 148073000.0,
        "Net Interest Income": -1726000.0,
        "Interest Expense": 1726000.0,
        "Normalized Income": 117378000.0,
        "Net Income From Continuing And Discontinued Operation": 117378000.0,
        "Total Expenses": 399867000.0,
        "Total Operating Income As Reported": 148680000.0,
        "Diluted Average Shares": 172698000.0,
        "Basic Average Shares": 169128000.0,
        "Diluted EPS": 0.68,
        "Basic EPS": 0.69,
        "Diluted NI Availto Com Stockholders": 117378000.0,
        "Net Income Common Stockholders": 117378000.0,
        "Net Income": 117378000.0,
        "Net Income Including Noncontrolling Interests": 117378000.0,
        "Net Income Continuous Operations": 117378000.0,
        "Tax Provision": 28969000.0,
        "Pretax Income": 146347000.0,
        "Other Income Expense": -607000.0,
        "Other Non Operating Income Expenses": -607000.0,
        "Net Non Operating Interest Income Expense": -1726000.0,
        "Interest Expense Non Operating": 1726000.0,
        "Operating Income": 148680000.0,
        "Operating Expense": 120380000.0,
        "Research And Development": 19967000.0,
        "Selling General And Administration": 100413000.0,
        "Selling And Marketing Expense": 62076000.0,
        "General And Administrative Expense": 38337000.0,
        "Other Gand A": 38337000.0,
        "Gross Profit": 269060000.0,
        "Cost Of Revenue": 279487000.0,
        "Total Revenue": 548547000.0,
        "Operating Revenue": 548547000.0
    },
    "2022-03-31": {
        "Diluted EPS": 0.58,
        "Total Revenue": 494,
        "Gross Profit": 254,
        "Operating Income": 128,
        "EBIT": 144,
        "Net Income": 101
    },
    "2021-12-31": {
        "Diluted EPS": 0.69,
        "Total Revenue": 540,
        "Gross Profit": 275,
        "Operating Income": 145,
        "EBIT": 159,
        "Net Income": 120
    },
    "2021-09-30": {
        "Diluted EPS": 0.59,
        "Total Revenue": 487,
        "Gross Profit": 248,
        "Operating Income": 125,
        "EBIT": 140,
        "Net Income": 104
    },
    "2021-06-30": {
        "Diluted EPS": 0.63,
        "Total Revenue": 507,
        "Gross Profit": 264,
        "Operating Income": 134,
        "EBIT": 149,
        "Net Income": 110
    },
    "2021-03-31": {
        "Diluted EPS": 0.61,
        "Total Revenue": 454,
        "Gross Profit": 247,
        "Operating Income": 128,
        "EBIT": 143,
        "Net Income": 106
    },
    "2020-12-31": {
        "Diluted EPS": 0.67,
        "Total Revenue": 470,
        "Gross Profit": 245,
        "Operating Income": 132,
        "EBIT": 147,
        "Net Income": 115
    },
    "2020-09-30": {
        "Diluted EPS": 0.66,
        "Total Revenue": 439,
        "Gross Profit": 229,
        "Operating Income": 125,
        "EBIT": 139,
        "Net Income": 114
    },
    "2020-06-30": {
        "Diluted EPS": 0.17,
        "Total Revenue": 367,
        "Gross Profit": 183,
        "Operating Income": 45,
        "EBIT": 59,
        "Net Income": 29
    },
    "2020-03-31": {
        "Diluted EPS": 0.42,
        "Total Revenue": 374,
        "Gross Profit": 199,
        "Operating Income": 90,
        "EBIT": 103,
        "Net Income": 73
    },
    "2019-12-31": {
        "Diluted EPS": 0.49,
        "Total Revenue": 412,
        "Gross Profit": 209,
        "Operating Income": 104,
        "EBIT": 117,
        "Net Income": 85
    },
    "2019-09-30": {
        "Diluted EPS": 0.49,
        "Total Revenue": 401,
        "Gross Profit": 207,
        "Operating Income": 103,
        "EBIT": 116,
        "Net Income": 84
    },
    "2019-06-30": {
        "Diluted EPS": 0.51,
        "Total Revenue": 428,
        "Gross Profit": 227,
        "Operating Income": 112,
        "EBIT": 124,
        "Net Income": 88
    },
    "2019-03-31": {
        "Diluted EPS": 0.51,
        "Total Revenue": 405,
        "Gross Profit": 216,
        "Operating Income": 105,
        "EBIT": 117,
        "Net Income": 87
    },
    "2018-12-31": {
        "Diluted EPS": 0.43,
        "Total Revenue": 406,
        "Gross Profit": 209,
        "Operating Income": 97,
        "EBIT": 109,
        "Net Income": 74
    },
    "2018-09-30": {
        "Diluted EPS": 0.54,
        "Total Revenue": 416,
        "Gross Profit": 221,
        "Operating Income": 115,
        "EBIT": 127,
        "Net Income": 93
    },
    "2018-06-30": {
        "Diluted EPS": 0.51,
        "Total Revenue": 425,
        "Gross Profit": 230,
        "Operating Income": 113,
        "EBIT": 124,
        "Net Income": 89
    },
    "2018-03-31": {
        "Diluted EPS": 0.49,
        "Total Revenue": 406,
        "Gross Profit": 222,
        "Operating Income": 112,
        "EBIT": 124,
        "Net Income": 86
    },
    "2017-12-31": {
        "Diluted EPS": 0.21,
        "Total Revenue": 375,
        "Gross Profit": 201,
        "Operating Income": 89,
        "EBIT": 101,
        "Net Income": 36
    },
    "2017-09-30": {
        "Diluted EPS": 0.43,
        "Total Revenue": 380,
        "Gross Profit": 204,
        "Operating Income": 101,
        "EBIT": 113,
        "Net Income": 75
    },
    "2017-06-30": {
        "Diluted EPS": 0.46,
        "Total Revenue": 379,
        "Gross Profit": 205,
        "Operating Income": 100,
        "EBIT": 112,
        "Net Income": 80
    },
    "2017-03-31": {
        "Diluted EPS": 0.35,
        "Total Revenue": 341,
        "Gross Profit": 186,
        "Operating Income": 87,
        "EBIT": 99,
        "Net Income": 61
    },
    "2016-12-31": {
        "Diluted EPS": -0.61,
        "Total Revenue": 349,
        "Gross Profit": 187,
        "Operating Income": -100,
        "EBIT": -88,
        "Net Income": -104
    },
    "2016-09-30": {
        "Diluted EPS": 0.32,
        "Total Revenue": 327,
        "Gross Profit": 177,
        "Operating Income": 81,
        "EBIT": 94,
        "Net Income": 54
    },
    "2016-06-30": {
        "Diluted EPS": 0.3,
        "Total Revenue": 348,
        "Gross Profit": 185,
        "Operating Income": 78,
        "EBIT": 91,
        "Net Income": 51
    },
    "2016-03-31": {
        "Diluted EPS": 0.23,
        "Total Revenue": 305,
        "Gross Profit": 162,
        "Operating Income": 61,
        "EBIT": 73,
        "Net Income": 40
    },
    "2015-12-31": {
        "Diluted EPS": 0.32,
        "Total Revenue": 326,
        "Gross Profit": 172,
        "Operating Income": 76,
        "EBIT": 87,
        "Net Income": 54
    },
    "2015-09-30": {
        "Diluted EPS": 0.29,
        "Total Revenue": 319,
        "Gross Profit": 170,
        "Operating Income": 77,
        "EBIT": 88,
        "Net Income": 51
    },
    "2015-06-30": {
        "Diluted EPS": 0.97,
        "Total Revenue": 335,
        "Gross Profit": 181,
        "Operating Income": 84,
        "EBIT": 95,
        "Net Income": 173
    },
    "2015-03-31": {
        "Diluted EPS": 0.38,
        "Total Revenue": 306,
        "Gross Profit": 162,
        "Operating Income": 65,
        "EBIT": 76,
        "Net Income": 69
    },
    "2014-12-31": {
        "Diluted EPS": 0.27,
        "Total Revenue": 306,
        "Gross Profit": 165,
        "Operating Income": 69,
        "EBIT": 77,
        "Net Income": 49
    },
    "2014-09-30": {
        "Diluted EPS": 0.32,
        "Total Revenue": 303,
        "Gross Profit": 166,
        "Operating Income": 79,
        "EBIT": 88,
        "Net Income": 60
    },
    "2014-06-30": {
        "Diluted EPS": 0.36,
        "Total Revenue": 323,
        "Gross Profit": 177,
        "Operating Income": 86,
        "EBIT": 95,
        "Net Income": 66
    },
    "2014-03-31": {
        "Diluted EPS": 0.27,
        "Total Revenue": 290,
        "Gross Profit": 159,
        "Operating Income": 75,
        "EBIT": 84,
        "Net Income": 51
    },
    "2013-12-31": {
        "Diluted EPS": 0.24,
        "Total Revenue": 272,
        "Gross Profit": 147,
        "Operating Income": 63,
        "EBIT": 73,
        "Net Income": 45
    },
    "2013-09-30": {
        "Diluted EPS": 0.3,
        "Total Revenue": 277,
        "Gross Profit": 151,
        "Operating Income": 70,
        "EBIT": 79,
        "Net Income": 56
    },
    "2013-06-30": {
        "Diluted EPS": 0.31,
        "Total Revenue": 286,
        "Gross Profit": 159,
        "Operating Income": 75,
        "EBIT": 85,
        "Net Income": 58
    },
    "2013-03-31": {
        "Diluted EPS": 0.28,
        "Total Revenue": 269,
        "Gross Profit": 151,
        "Operating Income": 71,
        "EBIT": 81,
        "Net Income": 52
    },
    "2012-12-31": {
        "Diluted EPS": 0.23,
        "Total Revenue": 254,
        "Gross Profit": 139,
        "Operating Income": 58,
        "EBIT": 68,
        "Net Income": 42
    },
    "2012-09-30": {
        "Diluted EPS": 0.2,
        "Total Revenue": 256,
        "Gross Profit": 140,
        "Operating Income": 56,
        "EBIT": 66,
        "Net Income": 37
    },
    "2012-06-30": {
        "Diluted EPS": 0.19,
        "Total Revenue": 268,
        "Gross Profit": 140,
        "Operating Income": 52,
        "EBIT": 63,
        "Net Income": 34
    },
    "2012-03-31": {
        "Diluted EPS": 0.19,
        "Total Revenue": 234,
        "Gross Profit": 132,
        "Operating Income": 58,
        "EBIT": 66,
        "Net Income": 35
    },
    "2011-12-31": {
        "Diluted EPS": 0.17,
        "Total Revenue": 216,
        "Gross Profit": 117,
        "Operating Income": 47,
        "EBIT": 54,
        "Net Income": 30
    },
    "2011-09-30": {
        "Diluted EPS": 0.2,
        "Total Revenue": 227,
        "Gross Profit": 126,
        "Operating Income": 57,
        "EBIT": 66,
        "Net Income": 37
    },
    "2011-06-30": {
        "Diluted EPS": 0.2,
        "Total Revenue": 235,
        "Gross Profit": 132,
        "Operating Income": 58,
        "EBIT": 67,
        "Net Income": 38
    },
    "2011-03-31": {
        "Diluted EPS": 0.2,
        "Total Revenue": 218,
        "Gross Profit": 124,
        "Operating Income": 57,
        "EBIT": 65,
        "Net Income": 37
    },
    "2010-12-31": {
        "Diluted EPS": 0.15,
        "Total Revenue": 197,
        "Gross Profit": 108,
        "Operating Income": 38,
        "EBIT": 46,
        "Net Income": 27
    },
    "2010-09-30": {
        "Diluted EPS": 0.17,
        "Total Revenue": 190,
        "Gross Profit": 105,
        "Operating Income": 43,
        "EBIT": 52,
        "Net Income": 30
    },
    "2010-06-30": {
        "Diluted EPS": 0.14,
        "Total Revenue": 192,
        "Gross Profit": 102,
        "Operating Income": 39,
        "EBIT": 48,
        "Net Income": 25
    },
    "2010-03-31": {
        "Diluted EPS": 0.11,
        "Total Revenue": 165,
        "Gross Profit": 89,
        "Operating Income": 33,
        "EBIT": 41,
        "Net Income": 21
    },
    "2009-12-31": {
        "Diluted EPS": 0.09,
        "Total Revenue": 146,
        "Gross Profit": 77,
        "Operating Income": 24,
        "EBIT": 33,
        "Net Income": 17
    },
    "2009-09-30": {
        "Diluted EPS": 0.1,
        "Total Revenue": 147,
        "Gross Profit": 78,
        "Operating Income": 26,
        "EBIT": 35,
        "Net Income": 17
    },
    "2009-06-30": {
        "Diluted EPS": 0.06,
        "Total Revenue": 148,
        "Gross Profit": 73,
        "Operating Income": 18,
        "EBIT": 27,
        "Net Income": 12
    },
    "2009-03-31": {
        "Diluted EPS": 0.02,
        "Total Revenue": 138,
        "Gross Profit": 64,
        "Operating Income": 6,
        "EBIT": 15,
        "Net Income": 3
    }
}