{
    "2023-03-31": {
        "Tax Effect Of Unusual Items": 0.0,
        "Tax Rate For Calcs": 0.0,
        "Normalized EBITDA": -14048000.0,
        "Net Income From Continuing Operation Net Minority Interest": -40620000.0,
        "Reconciled Depreciation": 24675000.0,
        "Reconciled Cost Of Revenue": 69058000.0,
        "EBITDA": -14048000.0,
        "EBIT": -38723000.0,
        "Net Interest Income": -1897000.0,
        "Interest Expense": 1897000.0,
        "Normalized Income": -40620000.0,
        "Net Income From Continuing And Discontinued Operation": -40620000.0,
        "Total Expenses": 99457000.0,
        "Total Operating Income As Reported": -22234000.0,
        "Diluted Average Shares": 232190000.0,
        "Basic Average Shares": 232190000.0,
        "Diluted EPS": -0.17,
        "Basic EPS": -0.17,
        "Diluted NI Availto Com Stockholders": -40620000.0,
        "Net Income Common Stockholders": -40620000.0,
        "Net Income": -40620000.0,
        "Net Income Including Noncontrolling Interests": -40620000.0,
        "Net Income Continuous Operations": -40620000.0,
        "Pretax Income": -40620000.0,
        "Other Income Expense": -18585000.0,
        "Other Non Operating Income Expenses": -18513000.0,
        "Earnings From Equity Interest": -72000.0,
        "Net Non Operating Interest Income Expense": -1897000.0,
        "Interest Expense Non Operating": 1897000.0,
        "Operating Income": -20138000.0,
        "Operating Expense": 30399000.0,
        "Other Operating Expenses": -2096000.0,
        "Research And Development": 9553000.0,
        "Selling General And Administration": 22942000.0,
        "Selling And Marketing Expense": 11843000.0,
        "General And Administrative Expense": 11099000.0,
        "Other Gand A": 11099000.0,
        "Salaries And Wages": NaN,
        "Gross Profit": 10261000.0,
        "Cost Of Revenue": 69058000.0,
        "Total Revenue": 79319000.0,
        "Operating Revenue": 79319000.0
    },
    "2022-12-31": {
        "Tax Effect Of Unusual Items": 0.0,
        "Tax Rate For Calcs": 0.0,
        "Normalized EBITDA": 14132000.0,
        "Net Income From Continuing Operation Net Minority Interest": -12532000.0,
        "Reconciled Depreciation": 21831000.0,
        "Reconciled Cost Of Revenue": 81136000.0,
        "EBITDA": 14132000.0,
        "EBIT": -7699000.0,
        "Net Interest Income": -2789000.0,
        "Interest Expense": 4831000.0,
        "Normalized Income": -12532000.0,
        "Net Income From Continuing And Discontinued Operation": -12532000.0,
        "Total Expenses": 118408000.0,
        "Total Operating Income As Reported": -27532000.0,
        "Diluted Average Shares": 231948000.0,
        "Basic Average Shares": 231948000.0,
        "Diluted EPS": -0.05,
        "Basic EPS": -0.05,
        "Diluted NI Availto Com Stockholders": -12532000.0,
        "Net Income Common Stockholders": -12532000.0,
        "Net Income": -12532000.0,
        "Net Income Including Noncontrolling Interests": -12532000.0,
        "Net Income Continuous Operations": -12532000.0,
        "Pretax Income": -12530000.0,
        "Other Income Expense": 13201000.0,
        "Other Non Operating Income Expenses": -129206000.0,
        "Earnings From Equity Interest": NaN,
        "Net Non Operating Interest Income Expense": -2789000.0,
        "Interest Expense Non Operating": 4831000.0,
        "Operating Income": -22942000.0,
        "Operating Expense": 37272000.0,
        "Other Operating Expenses": -4590000.0,
        "Research And Development": 12369000.0,
        "Selling General And Administration": 29493000.0,
        "Selling And Marketing Expense": 14815000.0,
        "General And Administrative Expense": 14678000.0,
        "Other Gand A": 14678000.0,
        "Salaries And Wages": NaN,
        "Gross Profit": 14330000.0,
        "Cost Of Revenue": 81136000.0,
        "Total Revenue": 95466000.0,
        "Operating Revenue": 86381000.0
    },
    "2022-09-30": {
        "Tax Effect Of Unusual Items": 0.0,
        "Tax Rate For Calcs": 0.4,
        "Normalized EBITDA": 81939000.0,
        "Net Income From Continuing Operation Net Minority Interest": 56393000.0,
        "Reconciled Depreciation": 23895000.0,
        "Reconciled Cost Of Revenue": 84373000.0,
        "EBITDA": 81939000.0,
        "EBIT": 58044000.0,
        "Net Interest Income": -1651000.0,
        "Interest Expense": 1651000.0,
        "Normalized Income": 56393000.0,
        "Net Income From Continuing And Discontinued Operation": 56393000.0,
        "Total Expenses": 129893000.0,
        "Total Operating Income As Reported": -26879000.0,
        "Diluted Average Shares": 231989000.0,
        "Basic Average Shares": 231989000.0,
        "Diluted EPS": 0.24,
        "Basic EPS": 0.24,
        "Diluted NI Availto Com Stockholders": 56393000.0,
        "Net Income Common Stockholders": 56393000.0,
        "Net Income": 56393000.0,
        "Net Income Including Noncontrolling Interests": 56393000.0,
        "Net Income Continuous Operations": 56393000.0,
        "Tax Provision": NaN,
        "Pretax Income": 56393000.0,
        "Other Income Expense": 85755000.0,
        "Other Non Operating Income Expenses": 85755000.0,
        "Earnings From Equity Interest": NaN,
        "Net Non Operating Interest Income Expense": -1651000.0,
        "Interest Expense Non Operating": 1651000.0,
        "Operating Income": -27711000.0,
        "Operating Expense": 45520000.0,
        "Other Operating Expenses": 832000.0,
        "Research And Development": 12679000.0,
        "Selling General And Administration": 32009000.0,
        "Selling And Marketing Expense": 17745000.0,
        "General And Administrative Expense": 14264000.0,
        "Other Gand A": 14264000.0,
        "Salaries And Wages": NaN,
        "Gross Profit": 17809000.0,
        "Cost Of Revenue": 84373000.0,
        "Total Revenue": 102182000.0,
        "Operating Revenue": 102182000.0
    },
    "2022-06-30": {
        "Tax Effect Of Unusual Items": 0.0,
        "Tax Rate For Calcs": 0.0,
        "Normalized EBITDA": -94953000.0,
        "Net Income From Continuing Operation Net Minority Interest": -121052000.0,
        "Reconciled Depreciation": 23660000.0,
        "Reconciled Cost Of Revenue": 78047000.0,
        "EBITDA": -94953000.0,
        "EBIT": -118613000.0,
        "Net Interest Income": -2439000.0,
        "Interest Expense": 2439000.0,
        "Normalized Income": -121052000.0,
        "Net Income From Continuing And Discontinued Operation": -121052000.0,
        "Total Expenses": 313428000.0,
        "Total Operating Income As Reported": -224074000.0,
        "Diluted Average Shares": 230290000.0,
        "Basic Average Shares": 230290000.0,
        "Diluted EPS": -0.53,
        "Basic EPS": -0.53,
        "Diluted NI Availto Com Stockholders": -121052000.0,
        "Net Income Common Stockholders": -121052000.0,
        "Net Income": -121052000.0,
        "Net Income Including Noncontrolling Interests": -121052000.0,
        "Net Income Continuous Operations": -121052000.0,
        "Tax Provision": NaN,
        "Pretax Income": -121052000.0,
        "Other Income Expense": 104092000.0,
        "Other Non Operating Income Expenses": 104092000.0,
        "Earnings From Equity Interest": NaN,
        "Net Non Operating Interest Income Expense": -2439000.0,
        "Interest Expense Non Operating": 2439000.0,
        "Operating Income": -222705000.0,
        "Operating Expense": 235381000.0,
        "Other Operating Expenses": 177435000.0,
        "Research And Development": 11601000.0,
        "Selling General And Administration": 46345000.0,
        "Selling And Marketing Expense": 14698000.0,
        "General And Administrative Expense": 31647000.0,
        "Other Gand A": 31647000.0,
        "Salaries And Wages": NaN,
        "Gross Profit": 12676000.0,
        "Cost Of Revenue": 78047000.0,
        "Total Revenue": 90723000.0,
        "Operating Revenue": 90723000.0
    },
    "2022-03-31": {
        "Diluted EPS": -0.11,
        "Total Revenue": 94,
        "Gross Profit": 13,
        "Operating Income": -20,
        "EBIT": 6,
        "Net Income": -22
    },
    "2021-12-31": {
        "Diluted EPS": 0.0,
        "Total Revenue": NaN,
        "Gross Profit": NaN,
        "Operating Income": NaN,
        "EBIT": NaN,
        "Net Income": NaN
    },
    "2021-09-30": {
        "Diluted EPS": -0.07,
        "Total Revenue": 101,
        "Gross Profit": 17,
        "Operating Income": -12,
        "EBIT": -12,
        "Net Income": -13
    },
    "2020-12-31": {
        "Diluted EPS": 0.0,
        "Total Revenue": NaN,
        "Gross Profit": NaN,
        "Operating Income": NaN,
        "EBIT": NaN,
        "Net Income": NaN
    },
    "2023-06-30": {
        "Tax Effect Of Unusual Items": 0.0,
        "Tax Rate For Calcs": 0.0,
        "Normalized EBITDA": 21344000.0,
        "Net Income From Continuing Operation Net Minority Interest": -5624000.0,
        "Reconciled Depreciation": 24804000.0,
        "Reconciled Cost Of Revenue": 73947000.0,
        "EBITDA": 21344000.0,
        "EBIT": -3460000.0,
        "Net Interest Income": -2164000.0,
        "Interest Expense": 2164000.0,
        "Normalized Income": -5624000.0,
        "Net Income From Continuing And Discontinued Operation": -5624000.0,
        "Total Expenses": 106206000.0,
        "Total Operating Income As Reported": -20263000.0,
        "Diluted Average Shares": 231951000.0,
        "Basic Average Shares": 231951000.0,
        "Diluted EPS": -0.02,
        "Basic EPS": -0.02,
        "Diluted NI Availto Com Stockholders": -5624000.0,
        "Net Income Common Stockholders": -5624000.0,
        "Net Income": -5624000.0,
        "Net Income Including Noncontrolling Interests": -5624000.0,
        "Net Income Continuous Operations": -5624000.0,
        "Pretax Income": -5624000.0,
        "Other Income Expense": 15499000.0,
        "Other Non Operating Income Expenses": 15603000.0,
        "Earnings From Equity Interest": -104000.0,
        "Net Non Operating Interest Income Expense": -2164000.0,
        "Interest Expense Non Operating": 2164000.0,
        "Operating Income": -18959000.0,
        "Operating Expense": 32259000.0,
        "Other Operating Expenses": -1304000.0,
        "Research And Development": 10731000.0,
        "Selling General And Administration": 22832000.0,
        "Selling And Marketing Expense": 11534000.0,
        "General And Administrative Expense": 11298000.0,
        "Other Gand A": 11298000.0,
        "Salaries And Wages": 4401000.0,
        "Gross Profit": 13300000.0,
        "Cost Of Revenue": 73947000.0,
        "Total Revenue": 87247000.0,
        "Operating Revenue": 87247000.0
    },
    "2023-09-30": {
        "Tax Effect Of Unusual Items": 0.0,
        "Tax Rate For Calcs": 0.0,
        "Normalized EBITDA": 23259000.0,
        "Net Income From Continuing Operation Net Minority Interest": -3088000.0,
        "Reconciled Depreciation": 23814000.0,
        "Reconciled Cost Of Revenue": 74967000.0,
        "EBITDA": 23259000.0,
        "EBIT": -555000.0,
        "Net Interest Income": -2533000.0,
        "Interest Expense": 2533000.0,
        "Normalized Income": -3088000.0,
        "Net Income From Continuing And Discontinued Operation": -3088000.0,
        "Total Expenses": 111674000.0,
        "Total Operating Income As Reported": -19924000.0,
        "Diluted Average Shares": 232935000.0,
        "Basic Average Shares": 232935000.0,
        "Diluted EPS": -0.01,
        "Basic EPS": -0.01,
        "Diluted NI Availto Com Stockholders": -3088000.0,
        "Net Income Common Stockholders": -3088000.0,
        "Net Income": -3088000.0,
        "Net Income Including Noncontrolling Interests": -3088000.0,
        "Net Income Continuous Operations": -3088000.0,
        "Pretax Income": -3088000.0,
        "Other Income Expense": 19369000.0,
        "Other Non Operating Income Expenses": 19589000.0,
        "Earnings From Equity Interest": -220000.0,
        "Net Non Operating Interest Income Expense": -2533000.0,
        "Interest Expense Non Operating": 2533000.0,
        "Operating Income": -19924000.0,
        "Operating Expense": 36707000.0,
        "Other Operating Expenses": NaN,
        "Research And Development": 10959000.0,
        "Selling General And Administration": 25748000.0,
        "Selling And Marketing Expense": 12732000.0,
        "General And Administrative Expense": 13016000.0,
        "Other Gand A": 13016000.0,
        "Salaries And Wages": NaN,
        "Gross Profit": 16783000.0,
        "Cost Of Revenue": 74967000.0,
        "Total Revenue": 91750000.0,
        "Operating Revenue": 91750000.0
    }
}