{
    "2023-03-31": {
        "Tax Effect Of Unusual Items": 5161464.0,
        "Tax Rate For Calcs": 0.266,
        "Normalized EBITDA": 117528000.0,
        "Total Unusual Items": 19404000.0,
        "Total Unusual Items Excluding Goodwill": 19404000.0,
        "Net Income From Continuing Operation Net Minority Interest": 52272000.0,
        "Reconciled Depreciation": 50461000.0,
        "Reconciled Cost Of Revenue": 710722000.0,
        "EBITDA": 136932000.0,
        "EBIT": 86471000.0,
        "Net Interest Income": -13090000.0,
        "Interest Expense": 14294000.0,
        "Interest Income": 1204000.0,
        "Normalized Income": 38029464.0,
        "Net Income From Continuing And Discontinued Operation": 52272000.0,
        "Total Expenses": 1003145000.0,
        "Total Operating Income As Reported": 27656000.0,
        "Diluted Average Shares": 4776000.0,
        "Basic Average Shares": 4759000.0,
        "Diluted EPS": 10.88,
        "Basic EPS": 10.91,
        "Diluted NI Availto Com Stockholders": 51937000.0,
        "Average Dilution Earnings": 1000.0,
        "Net Income Common Stockholders": 51936000.0,
        "Otherunder Preferred Stock Dividend": 336000.0,
        "Net Income": 52272000.0,
        "Minority Interests": -705000.0,
        "Net Income Including Noncontrolling Interests": 52977000.0,
        "Net Income Continuous Operations": 52977000.0,
        "Tax Provision": 19200000.0,
        "Pretax Income": 72177000.0,
        "Other Income Expense": 56866000.0,
        "Other Non Operating Income Expenses": 32801000.0,
        "Special Income Charges": 270000.0,
        "Gain On Sale Of Business": 1015000.0,
        "Write Off": 745000.0,
        "Impairment Of Capital Assets": NaN,
        "Earnings From Equity Interest": 4661000.0,
        "Gain On Sale Of Security": 19134000.0,
        "Net Non Operating Interest Income Expense": -13090000.0,
        "Interest Expense Non Operating": 14294000.0,
        "Interest Income Non Operating": 1204000.0,
        "Operating Income": 28401000.0,
        "Operating Expense": 275931000.0,
        "Depreciation Amortization Depletion Income Statement": 33969000.0,
        "Depreciation And Amortization In Income Statement": 33969000.0,
        "Amortization": 13944000.0,
        "Amortization Of Intangibles Income Statement": 13944000.0,
        "Depreciation Income Statement": 20025000.0,
        "Selling General And Administration": 241962000.0,
        "Gross Profit": 304332000.0,
        "Cost Of Revenue": 727214000.0,
        "Total Revenue": 1031546000.0,
        "Operating Revenue": 1031546000.0
    },
    "2022-12-31": {
        "Tax Effect Of Unusual Items": -14461860.0,
        "Tax Rate For Calcs": 0.21,
        "Normalized EBITDA": 289824000.0,
        "Total Unusual Items": -68866000.0,
        "Total Unusual Items Excluding Goodwill": -68866000.0,
        "Net Income From Continuing Operation Net Minority Interest": 6160000.0,
        "Reconciled Depreciation": 174381000.0,
        "Reconciled Cost Of Revenue": 570418000.0,
        "EBITDA": 220958000.0,
        "EBIT": 46577000.0,
        "Net Interest Income": -14422000.0,
        "Interest Expense": 15434000.0,
        "Interest Income": 1012000.0,
        "Normalized Income": 60564140.0,
        "Net Income From Continuing And Discontinued Operation": 6160000.0,
        "Total Expenses": 989975000.0,
        "Total Operating Income As Reported": -54933000.0,
        "Diluted Average Shares": 4786000.0,
        "Basic Average Shares": 4771000.0,
        "Diluted EPS": 1.28,
        "Basic EPS": 1.28,
        "Diluted NI Availto Com Stockholders": 6136000.0,
        "Average Dilution Earnings": 0.0,
        "Net Income Common Stockholders": 6136000.0,
        "Otherunder Preferred Stock Dividend": 24000.0,
        "Net Income": 6160000.0,
        "Minority Interests": -483000.0,
        "Net Income Including Noncontrolling Interests": 6643000.0,
        "Net Income Continuous Operations": 6643000.0,
        "Tax Provision": 24500000.0,
        "Pretax Income": 31143000.0,
        "Other Income Expense": -28492000.0,
        "Other Non Operating Income Expenses": 46131000.0,
        "Special Income Charges": -110690000.0,
        "Gain On Sale Of Business": 19605000.0,
        "Write Off": NaN,
        "Impairment Of Capital Assets": 128990000.0,
        "Earnings From Equity Interest": -5757000.0,
        "Gain On Sale Of Security": 41824000.0,
        "Net Non Operating Interest Income Expense": -14422000.0,
        "Interest Expense Non Operating": 15434000.0,
        "Interest Income Non Operating": 1012000.0,
        "Operating Income": 74057000.0,
        "Operating Expense": 274343000.0,
        "Depreciation Amortization Depletion Income Statement": 29167000.0,
        "Depreciation And Amortization In Income Statement": 29167000.0,
        "Amortization": 14415000.0,
        "Amortization Of Intangibles Income Statement": 14415000.0,
        "Depreciation Income Statement": 14752000.0,
        "Selling General And Administration": 245176000.0,
        "Gross Profit": 348400000.0,
        "Cost Of Revenue": 715632000.0,
        "Total Revenue": 1064032000.0,
        "Operating Revenue": 1064032000.0
    },
    "2022-09-30": {
        "Tax Effect Of Unusual Items": -14313100.775194,
        "Tax Rate For Calcs": 0.271318,
        "Normalized EBITDA": 162936000.0,
        "Total Unusual Items": -52754000.0,
        "Total Unusual Items Excluding Goodwill": -52754000.0,
        "Net Income From Continuing Operation Net Minority Interest": 32780000.0,
        "Reconciled Depreciation": 52163000.0,
        "Reconciled Cost Of Revenue": 676886000.0,
        "EBITDA": 110182000.0,
        "EBIT": 58019000.0,
        "Net Interest Income": -10776000.0,
        "Interest Expense": 11579000.0,
        "Interest Income": 803000.0,
        "Normalized Income": 71220899.224806,
        "Net Income From Continuing And Discontinued Operation": 32780000.0,
        "Total Expenses": 952906000.0,
        "Total Operating Income As Reported": 59532000.0,
        "Diluted Average Shares": 4820000.0,
        "Basic Average Shares": 4808000.0,
        "Diluted EPS": 6.76,
        "Basic EPS": 6.78,
        "Diluted NI Availto Com Stockholders": 32588000.0,
        "Average Dilution Earnings": 1000.0,
        "Net Income Common Stockholders": 32587000.0,
        "Otherunder Preferred Stock Dividend": 193000.0,
        "Net Income": 32780000.0,
        "Minority Interests": -1060000.0,
        "Net Income Including Noncontrolling Interests": 33840000.0,
        "Net Income Continuous Operations": 33840000.0,
        "Tax Provision": 12600000.0,
        "Pretax Income": 46440000.0,
        "Other Income Expense": -2316000.0,
        "Other Non Operating Income Expenses": 51549000.0,
        "Special Income Charges": 1376000.0,
        "Gain On Sale Of Business": 1376000.0,
        "Write Off": NaN,
        "Impairment Of Capital Assets": 0.0,
        "Earnings From Equity Interest": -1111000.0,
        "Gain On Sale Of Security": -54130000.0,
        "Net Non Operating Interest Income Expense": -10776000.0,
        "Interest Expense Non Operating": 11579000.0,
        "Interest Income Non Operating": 803000.0,
        "Operating Income": 59532000.0,
        "Operating Expense": 258149000.0,
        "Other Operating Expenses": NaN,
        "Depreciation Amortization Depletion Income Statement": 34292000.0,
        "Depreciation And Amortization In Income Statement": 34292000.0,
        "Amortization": 14635000.0,
        "Amortization Of Intangibles Income Statement": 14635000.0,
        "Depreciation Income Statement": 19657000.0,
        "Selling General And Administration": 223857000.0,
        "Gross Profit": 317681000.0,
        "Cost Of Revenue": 694757000.0,
        "Total Revenue": 1012438000.0,
        "Operating Revenue": 1012438000.0
    },
    "2022-06-30": {
        "Tax Effect Of Unusual Items": -40194994.035108,
        "Tax Rate For Calcs": 0.24314,
        "Normalized EBITDA": 143480000.0,
        "Total Unusual Items": -165316000.0,
        "Total Unusual Items Excluding Goodwill": -165316000.0,
        "Net Income From Continuing Operation Net Minority Interest": -67485000.0,
        "Reconciled Depreciation": 50206000.0,
        "Reconciled Cost Of Revenue": 615924000.0,
        "EBITDA": -21836000.0,
        "EBIT": -72042000.0,
        "Net Interest Income": -15277000.0,
        "Interest Expense": 15973000.0,
        "Interest Income": 696000.0,
        "Normalized Income": 57636005.964892,
        "Net Income From Continuing And Discontinued Operation": -67485000.0,
        "Total Expenses": 893974000.0,
        "Total Operating Income As Reported": 39328000.0,
        "Diluted Average Shares": 4842000.0,
        "Basic Average Shares": 4842000.0,
        "Diluted EPS": -13.95,
        "Basic EPS": -13.95,
        "Diluted NI Availto Com Stockholders": -67531000.0,
        "Average Dilution Earnings": 0.0,
        "Net Income Common Stockholders": -67531000.0,
        "Otherunder Preferred Stock Dividend": 46000.0,
        "Net Income": -67485000.0,
        "Minority Interests": -870000.0,
        "Net Income Including Noncontrolling Interests": -66615000.0,
        "Net Income Continuous Operations": -66615000.0,
        "Tax Provision": -21400000.0,
        "Pretax Income": -88015000.0,
        "Other Income Expense": -112066000.0,
        "Other Non Operating Income Expenses": 51823000.0,
        "Special Income Charges": 753000.0,
        "Gain On Sale Of Business": 753000.0,
        "Write Off": NaN,
        "Impairment Of Capital Assets": 0.0,
        "Earnings From Equity Interest": 1427000.0,
        "Gain On Sale Of Security": -166069000.0,
        "Net Non Operating Interest Income Expense": -15277000.0,
        "Interest Expense Non Operating": 15973000.0,
        "Interest Income Non Operating": 696000.0,
        "Operating Income": 39328000.0,
        "Operating Expense": 262146000.0,
        "Other Operating Expenses": NaN,
        "Depreciation Amortization Depletion Income Statement": 34302000.0,
        "Depreciation And Amortization In Income Statement": 34302000.0,
        "Amortization": 14889000.0,
        "Amortization Of Intangibles Income Statement": 14889000.0,
        "Depreciation Income Statement": 19413000.0,
        "Selling General And Administration": 227844000.0,
        "Gross Profit": 301474000.0,
        "Cost Of Revenue": 631828000.0,
        "Total Revenue": 933302000.0,
        "Operating Revenue": 933302000.0
    },
    "2023-06-30": {
        "Tax Effect Of Unusual Items": 23624400.648306,
        "Tax Rate For Calcs": 0.251851,
        "Normalized EBITDA": 135847000.0,
        "Total Unusual Items": 93803000.0,
        "Total Unusual Items Excluding Goodwill": 93803000.0,
        "Net Income From Continuing Operation Net Minority Interest": 122788000.0,
        "Reconciled Depreciation": 51905000.0,
        "Reconciled Cost Of Revenue": 750356000.0,
        "EBITDA": 229650000.0,
        "EBIT": 177745000.0,
        "Net Interest Income": -10226000.0,
        "Interest Expense": 11774000.0,
        "Interest Income": 1548000.0,
        "Normalized Income": 52609400.648306,
        "Net Income From Continuing And Discontinued Operation": 122788000.0,
        "Total Expenses": 1046944000.0,
        "Total Operating Income As Reported": 58055000.0,
        "Diluted Average Shares": 4713000.0,
        "Basic Average Shares": 4700000.0,
        "Diluted EPS": 25.89,
        "Basic EPS": 25.96,
        "Diluted NI Availto Com Stockholders": 122012000.0,
        "Average Dilution Earnings": 2000.0,
        "Net Income Common Stockholders": 122010000.0,
        "Otherunder Preferred Stock Dividend": 778000.0,
        "Net Income": 122788000.0,
        "Minority Interests": -1383000.0,
        "Net Income Including Noncontrolling Interests": 124171000.0,
        "Net Income Continuous Operations": 124171000.0,
        "Tax Provision": 41800000.0,
        "Pretax Income": 165971000.0,
        "Other Income Expense": 118142000.0,
        "Other Non Operating Income Expenses": 30454000.0,
        "Special Income Charges": 12232000.0,
        "Gain On Sale Of Business": 12232000.0,
        "Write Off": 0.0,
        "Impairment Of Capital Assets": NaN,
        "Earnings From Equity Interest": -6115000.0,
        "Gain On Sale Of Security": 81571000.0,
        "Net Non Operating Interest Income Expense": -10226000.0,
        "Interest Expense Non Operating": 11774000.0,
        "Interest Income Non Operating": 1548000.0,
        "Operating Income": 58055000.0,
        "Operating Expense": 279090000.0,
        "Depreciation Amortization Depletion Income Statement": 34407000.0,
        "Depreciation And Amortization In Income Statement": 34407000.0,
        "Amortization": 13304000.0,
        "Amortization Of Intangibles Income Statement": 13304000.0,
        "Depreciation Income Statement": 21103000.0,
        "Selling General And Administration": 244683000.0,
        "Gross Profit": 337145000.0,
        "Cost Of Revenue": 767854000.0,
        "Total Revenue": 1104999000.0,
        "Operating Revenue": 1104999000.0
    },
    "2022-03-31": {
        "Diluted EPS": 19.45,
        "Total Revenue": 915,
        "Gross Profit": 299,
        "Operating Income": 40,
        "EBIT": 92,
        "Net Income": 96
    },
    "2021-12-31": {
        "Diluted EPS": 17.12,
        "Total Revenue": 863,
        "Gross Profit": 302,
        "Operating Income": 23,
        "EBIT": 76,
        "Net Income": 85
    },
    "2021-09-30": {
        "Diluted EPS": 7.9,
        "Total Revenue": 809,
        "Gross Profit": 261,
        "Operating Income": -17,
        "EBIT": 63,
        "Net Income": 40
    },
    "2021-06-30": {
        "Diluted EPS": 22.99,
        "Total Revenue": 801,
        "Gross Profit": 267,
        "Operating Income": 38,
        "EBIT": 90,
        "Net Income": 115
    },
    "2021-03-31": {
        "Diluted EPS": 22.44,
        "Total Revenue": 712,
        "Gross Profit": 241,
        "Operating Income": 34,
        "EBIT": 84,
        "Net Income": 112
    },
    "2020-12-31": {
        "Diluted EPS": 45.63,
        "Total Revenue": 787,
        "Gross Profit": 286,
        "Operating Income": 46,
        "EBIT": 97,
        "Net Income": 237
    },
    "2020-09-30": {
        "Diluted EPS": 15.22,
        "Total Revenue": 717,
        "Gross Profit": 241,
        "Operating Income": 40,
        "EBIT": 94,
        "Net Income": 78
    },
    "2020-06-30": {
        "Diluted EPS": 3.6,
        "Total Revenue": 653,
        "Gross Profit": 217,
        "Operating Income": 6,
        "EBIT": 82,
        "Net Income": 19
    },
    "2020-03-31": {
        "Diluted EPS": -6.32,
        "Total Revenue": 732,
        "Gross Profit": 233,
        "Operating Income": 8,
        "EBIT": 79,
        "Net Income": -33
    },
    "2019-12-31": {
        "Diluted EPS": 27.25,
        "Total Revenue": 763,
        "Gross Profit": 266,
        "Operating Income": 30,
        "EBIT": 91,
        "Net Income": 146
    },
    "2019-09-30": {
        "Diluted EPS": 8.05,
        "Total Revenue": 739,
        "Gross Profit": 221,
        "Operating Income": 16,
        "EBIT": 66,
        "Net Income": 43
    },
    "2019-06-30": {
        "Diluted EPS": 10.65,
        "Total Revenue": 738,
        "Gross Profit": 256,
        "Operating Income": 58,
        "EBIT": 106,
        "Net Income": 57
    },
    "2019-03-31": {
        "Diluted EPS": 15.26,
        "Total Revenue": 692,
        "Gross Profit": 241,
        "Operating Income": 40,
        "EBIT": 87,
        "Net Income": 82
    },
    "2018-12-31": {
        "Diluted EPS": 10.51,
        "Total Revenue": 689,
        "Gross Profit": 357,
        "Operating Income": 76,
        "EBIT": 104,
        "Net Income": 57
    },
    "2018-09-30": {
        "Diluted EPS": 23.28,
        "Total Revenue": 675,
        "Gross Profit": 226,
        "Operating Income": 61,
        "EBIT": 95,
        "Net Income": 125
    },
    "2018-06-30": {
        "Diluted EPS": 8.63,
        "Total Revenue": 673,
        "Gross Profit": 232,
        "Operating Income": 66,
        "EBIT": 91,
        "Net Income": 47
    },
    "2018-03-31": {
        "Diluted EPS": 7.78,
        "Total Revenue": 659,
        "Gross Profit": 294,
        "Operating Income": 44,
        "EBIT": 69,
        "Net Income": 43
    },
    "2017-12-31": {
        "Diluted EPS": 38.26,
        "Total Revenue": 676,
        "Gross Profit": 304,
        "Operating Income": 49,
        "EBIT": 78,
        "Net Income": 214
    },
    "2017-09-30": {
        "Diluted EPS": 4.42,
        "Total Revenue": 657,
        "Gross Profit": 282,
        "Operating Income": 27,
        "EBIT": 54,
        "Net Income": 25
    },
    "2017-06-30": {
        "Diluted EPS": 7.46,
        "Total Revenue": 676,
        "Gross Profit": 294,
        "Operating Income": 50,
        "EBIT": 85,
        "Net Income": 42
    },
    "2017-03-31": {
        "Diluted EPS": 3.75,
        "Total Revenue": 583,
        "Gross Profit": 257,
        "Operating Income": 10,
        "EBIT": 32,
        "Net Income": 21
    },
    "2016-12-31": {
        "Diluted EPS": 6.58,
        "Total Revenue": 630,
        "Gross Profit": 240,
        "Operating Income": 29,
        "EBIT": 54,
        "Net Income": 51
    },
    "2016-09-30": {
        "Diluted EPS": 5.87,
        "Total Revenue": 622,
        "Gross Profit": 328,
        "Operating Income": 68,
        "EBIT": 91,
        "Net Income": 33
    },
    "2016-06-30": {
        "Diluted EPS": 10.76,
        "Total Revenue": 629,
        "Gross Profit": 333,
        "Operating Income": 74,
        "EBIT": 96,
        "Net Income": 61
    },
    "2016-03-31": {
        "Diluted EPS": 6.59,
        "Total Revenue": 602,
        "Gross Profit": 310,
        "Operating Income": 52,
        "EBIT": 75,
        "Net Income": 24
    },
    "2015-12-31": {
        "Diluted EPS": 9.03,
        "Total Revenue": 616,
        "Gross Profit": 333,
        "Operating Income": 68,
        "EBIT": 93,
        "Net Income": 51
    },
    "2015-09-30": {
        "Diluted EPS": -40.25,
        "Total Revenue": 641,
        "Gross Profit": 339,
        "Operating Income": -214,
        "EBIT": 54,
        "Net Income": -231
    },
    "2015-06-30": {
        "Diluted EPS": 9.87,
        "Total Revenue": 681,
        "Gross Profit": 370,
        "Operating Income": 56,
        "EBIT": 129,
        "Net Income": 58
    },
    "2015-03-31": {
        "Diluted EPS": 3.48,
        "Total Revenue": 647,
        "Gross Profit": 338,
        "Operating Income": 9,
        "EBIT": 72,
        "Net Income": 21
    },
    "2014-12-31": {
        "Diluted EPS": 63.64,
        "Total Revenue": 323,
        "Gross Profit": 160,
        "Operating Income": 11,
        "EBIT": 87,
        "Net Income": 334
    },
    "2014-09-30": {
        "Diluted EPS": 13.12,
        "Total Revenue": 703,
        "Gross Profit": 377,
        "Operating Income": 41,
        "EBIT": 94,
        "Net Income": 76
    },
    "2014-06-30": {
        "Diluted EPS": 100.48,
        "Total Revenue": 874,
        "Gross Profit": 479,
        "Operating Income": 102,
        "EBIT": 165,
        "Net Income": 750
    },
    "2014-03-31": {
        "Diluted EPS": 17.79,
        "Total Revenue": 837,
        "Gross Profit": 460,
        "Operating Income": 79,
        "EBIT": 136,
        "Net Income": 132
    },
    "2013-12-31": {
        "Diluted EPS": 21.34,
        "Total Revenue": 53,
        "Gross Profit": 7,
        "Operating Income": -73,
        "EBIT": -6,
        "Net Income": 156
    },
    "2013-09-30": {
        "Diluted EPS": 4.05,
        "Total Revenue": 856,
        "Gross Profit": 463,
        "Operating Income": 79,
        "EBIT": 143,
        "Net Income": 30
    },
    "2013-06-30": {
        "Diluted EPS": 6.02,
        "Total Revenue": 871,
        "Gross Profit": 476,
        "Operating Income": 96,
        "EBIT": 163,
        "Net Income": 45
    },
    "2013-03-31": {
        "Diluted EPS": 0.64,
        "Total Revenue": 821,
        "Gross Profit": 444,
        "Operating Income": 47,
        "EBIT": 117,
        "Net Income": 5
    },
    "2012-12-31": {
        "Diluted EPS": -6.16,
        "Total Revenue": 550,
        "Gross Profit": 345,
        "Operating Income": -29,
        "EBIT": 59,
        "Net Income": -45
    },
    "2012-09-30": {
        "Diluted EPS": 12.64,
        "Total Revenue": 878,
        "Gross Profit": 470,
        "Operating Income": 93,
        "EBIT": 162,
        "Net Income": 94
    },
    "2012-06-30": {
        "Diluted EPS": 6.84,
        "Total Revenue": 989,
        "Gross Profit": 527,
        "Operating Income": 63,
        "EBIT": 131,
        "Net Income": 52
    },
    "2012-03-31": {
        "Diluted EPS": 4.07,
        "Total Revenue": 956,
        "Gross Profit": 495,
        "Operating Income": 21,
        "EBIT": 89,
        "Net Income": 31
    },
    "2011-12-31": {
        "Diluted EPS": 7.91,
        "Total Revenue": 410,
        "Gross Profit": 311,
        "Operating Income": 125,
        "EBIT": 196,
        "Net Income": 62
    },
    "2011-09-30": {
        "Diluted EPS": -0.82,
        "Total Revenue": NaN,
        "Gross Profit": 526,
        "Operating Income": 70,
        "EBIT": 154,
        "Net Income": -6
    },
    "2011-06-30": {
        "Diluted EPS": 5.74,
        "Total Revenue": NaN,
        "Gross Profit": 560,
        "Operating Income": 82,
        "EBIT": 155,
        "Net Income": 46
    },
    "2011-03-31": {
        "Diluted EPS": 1.87,
        "Total Revenue": NaN,
        "Gross Profit": 566,
        "Operating Income": 57,
        "EBIT": 127,
        "Net Income": 15
    },
    "2010-12-31": {
        "Diluted EPS": 9.29,
        "Total Revenue": NaN,
        "Gross Profit": 634,
        "Operating Income": 195,
        "EBIT": 266,
        "Net Income": 79
    },
    "2010-09-30": {
        "Diluted EPS": 6.84,
        "Total Revenue": NaN,
        "Gross Profit": 704,
        "Operating Income": 137,
        "EBIT": 234,
        "Net Income": 61
    },
    "2010-06-30": {
        "Diluted EPS": 10.0,
        "Total Revenue": NaN,
        "Gross Profit": 726,
        "Operating Income": 167,
        "EBIT": 237,
        "Net Income": 92
    },
    "2010-03-31": {
        "Diluted EPS": 4.91,
        "Total Revenue": NaN,
        "Gross Profit": 672,
        "Operating Income": 103,
        "EBIT": 172,
        "Net Income": 45
    },
    "2009-12-31": {
        "Diluted EPS": 8.71,
        "Total Revenue": NaN,
        "Gross Profit": 636,
        "Operating Income": 216,
        "EBIT": 261,
        "Net Income": 82
    },
    "2009-09-30": {
        "Diluted EPS": 1.81,
        "Total Revenue": NaN,
        "Gross Profit": 647,
        "Operating Income": 75,
        "EBIT": 177,
        "Net Income": 17
    },
    "2009-06-30": {
        "Diluted EPS": 1.3,
        "Total Revenue": NaN,
        "Gross Profit": 605,
        "Operating Income": 19,
        "EBIT": 110,
        "Net Income": 12
    },
    "2009-03-31": {
        "Diluted EPS": -2.04,
        "Total Revenue": NaN,
        "Gross Profit": 559,
        "Operating Income": -20,
        "EBIT": 65,
        "Net Income": -19
    },
    "2023-09-30": {
        "Tax Effect Of Unusual Items": -16501590.0,
        "Tax Rate For Calcs": 0.21,
        "Normalized EBITDA": 227878000.0,
        "Total Unusual Items": -78579000.0,
        "Total Unusual Items Excluding Goodwill": -78579000.0,
        "Net Income From Continuing Operation Net Minority Interest": -23031000.0,
        "Reconciled Depreciation": 149223000.0,
        "Reconciled Cost Of Revenue": 666330000.0,
        "EBITDA": 149299000.0,
        "EBIT": 76000.0,
        "Net Interest Income": -9824000.0,
        "Interest Expense": 11810000.0,
        "Interest Income": 1986000.0,
        "Normalized Income": 39046410.0,
        "Net Income From Continuing And Discontinued Operation": -23031000.0,
        "Total Expenses": 1070310000.0,
        "Total Operating Income As Reported": -57112000.0,
        "Diluted Average Shares": 4602000.0,
        "Basic Average Shares": 4602000.0,
        "Diluted EPS": -5.02,
        "Basic EPS": -5.02,
        "Diluted NI Availto Com Stockholders": -23080000.0,
        "Average Dilution Earnings": 0.0,
        "Net Income Common Stockholders": -23080000.0,
        "Otherunder Preferred Stock Dividend": 49000.0,
        "Net Income": -23031000.0,
        "Minority Interests": -1897000.0,
        "Net Income Including Noncontrolling Interests": -21134000.0,
        "Net Income Continuous Operations": -21134000.0,
        "Tax Provision": 9400000.0,
        "Pretax Income": -11734000.0,
        "Other Income Expense": -43119000.0,
        "Other Non Operating Income Expenses": 36251000.0,
        "Special Income Charges": -97185000.0,
        "Gain On Sale Of Business": 1136000.0,
        "Write Off": NaN,
        "Impairment Of Capital Assets": 98321000.0,
        "Earnings From Equity Interest": -791000.0,
        "Gain On Sale Of Security": 18606000.0,
        "Net Non Operating Interest Income Expense": -9824000.0,
        "Interest Expense Non Operating": 11810000.0,
        "Interest Income Non Operating": 1986000.0,
        "Operating Income": 41209000.0,
        "Operating Expense": 288723000.0,
        "Depreciation Amortization Depletion Income Statement": 33966000.0,
        "Depreciation And Amortization In Income Statement": 33966000.0,
        "Amortization": 11759000.0,
        "Amortization Of Intangibles Income Statement": 11759000.0,
        "Depreciation Income Statement": 22207000.0,
        "Selling General And Administration": 254757000.0,
        "Gross Profit": 329932000.0,
        "Cost Of Revenue": 781587000.0,
        "Total Revenue": 1111519000.0,
        "Operating Revenue": 1111519000.0
    },
    "2023-12-31": {
        "Tax Effect Of Unusual Items": 5221329.384213,
        "Tax Rate For Calcs": 0.232814,
        "Normalized EBITDA": 126900000.0,
        "Total Unusual Items": 22427000.0,
        "Total Unusual Items Excluding Goodwill": 22427000.0,
        "Net Income From Continuing Operation Net Minority Interest": 53259000.0,
        "Reconciled Depreciation": 51314000.0,
        "Reconciled Cost Of Revenue": 808726000.0,
        "EBITDA": 149327000.0,
        "EBIT": 98013000.0,
        "Net Interest Income": -23039000.0,
        "Interest Expense": 25423000.0,
        "Interest Income": 2384000.0,
        "Normalized Income": 36053329.384213,
        "Net Income From Continuing And Discontinued Operation": 53259000.0,
        "Total Expenses": 1126019000.0,
        "Total Operating Income As Reported": 40794000.0,
        "Diluted Average Shares": NaN,
        "Basic Average Shares": NaN,
        "Diluted EPS": NaN,
        "Basic EPS": NaN,
        "Diluted NI Availto Com Stockholders": 52890000.0,
        "Average Dilution Earnings": 2000.0,
        "Net Income Common Stockholders": 52888000.0,
        "Otherunder Preferred Stock Dividend": 371000.0,
        "Net Income": 53259000.0,
        "Minority Interests": -2431000.0,
        "Net Income Including Noncontrolling Interests": 55690000.0,
        "Net Income Continuous Operations": 55690000.0,
        "Tax Provision": 16900000.0,
        "Pretax Income": 72590000.0,
        "Other Income Expense": 54835000.0,
        "Other Non Operating Income Expenses": 35346000.0,
        "Special Income Charges": 750000.0,
        "Gain On Sale Of Business": 1250000.0,
        "Write Off": NaN,
        "Impairment Of Capital Assets": 0.0,
        "Earnings From Equity Interest": -2938000.0,
        "Gain On Sale Of Security": 21677000.0,
        "Net Non Operating Interest Income Expense": -23039000.0,
        "Interest Expense Non Operating": 25423000.0,
        "Interest Income Non Operating": 2384000.0,
        "Operating Income": 40794000.0,
        "Operating Expense": 299740000.0,
        "Depreciation Amortization Depletion Income Statement": 33761000.0,
        "Depreciation And Amortization In Income Statement": 33761000.0,
        "Amortization": 11032000.0,
        "Amortization Of Intangibles Income Statement": 11032000.0,
        "Depreciation Income Statement": 22729000.0,
        "Selling General And Administration": 265979000.0,
        "Gross Profit": 340534000.0,
        "Cost Of Revenue": 826279000.0,
        "Total Revenue": 1166813000.0,
        "Operating Revenue": 1166813000.0
    }
}