{
    "2022-06-30": {
        "Diluted EPS": 0.0,
        "Total Revenue": NaN,
        "Gross Profit": NaN,
        "Operating Income": NaN,
        "Net Income": NaN
    },
    "2021-12-31": {
        "Diluted EPS": -0.09,
        "Total Revenue": 51,
        "Gross Profit": 19,
        "Operating Income": -8,
        "EBIT": -2,
        "Net Income": -10
    },
    "2021-09-30": {
        "Diluted EPS": 0.05,
        "Total Revenue": 48,
        "Gross Profit": 21,
        "Operating Income": 9,
        "EBIT": 12,
        "Net Income": 5
    },
    "2021-06-30": {
        "Diluted EPS": 0.12,
        "Total Revenue": 54,
        "Gross Profit": 28,
        "Operating Income": 14,
        "EBIT": 17,
        "Net Income": 13
    },
    "2021-03-31": {
        "Diluted EPS": 0.1,
        "Total Revenue": 37,
        "Gross Profit": 18,
        "Operating Income": 9,
        "EBIT": 12,
        "Net Income": 11
    },
    "2020-12-31": {
        "Diluted EPS": 0.15,
        "Total Revenue": 50,
        "Gross Profit": 32,
        "Operating Income": 20,
        "EBIT": 23,
        "Net Income": 15
    },
    "2020-09-30": {
        "Diluted EPS": 0.12,
        "Total Revenue": 39,
        "Gross Profit": 23,
        "Operating Income": 15,
        "EBIT": 18,
        "Net Income": 12
    },
    "2020-06-30": {
        "Diluted EPS": 0.14,
        "Total Revenue": 31,
        "Gross Profit": 17,
        "Operating Income": 9,
        "EBIT": 11,
        "Net Income": 15
    },
    "2020-03-31": {
        "Diluted EPS": -0.02,
        "Total Revenue": 22,
        "Gross Profit": 10,
        "Operating Income": 5,
        "EBIT": 7,
        "Net Income": -2
    },
    "2019-12-31": {
        "Diluted EPS": 0.0,
        "Total Revenue": 41,
        "Gross Profit": 28,
        "Operating Income": 14,
        "EBIT": 16,
        "Net Income": 10
    },
    "2019-09-30": {
        "Diluted EPS": 0.14,
        "Total Revenue": 41,
        "Gross Profit": 29,
        "Operating Income": 21,
        "EBIT": 23,
        "Net Income": 14
    },
    "2019-06-30": {
        "Diluted EPS": 0.18,
        "Total Revenue": 40,
        "Gross Profit": 29,
        "Operating Income": 21,
        "EBIT": 22,
        "Net Income": 19
    },
    "2019-03-31": {
        "Diluted EPS": 0.3,
        "Total Revenue": 35,
        "Gross Profit": 23,
        "Operating Income": 17,
        "EBIT": 18,
        "Net Income": 20
    },
    "2018-12-31": {
        "Diluted EPS": -0.06,
        "Total Revenue": 32,
        "Gross Profit": 23,
        "Operating Income": 15,
        "EBIT": 17,
        "Net Income": 6
    },
    "2018-09-30": {
        "Diluted EPS": 0.22,
        "Total Revenue": 37,
        "Gross Profit": 26,
        "Operating Income": 21,
        "EBIT": 22,
        "Net Income": 22
    },
    "2018-06-30": {
        "Diluted EPS": 0.14,
        "Total Revenue": 35,
        "Gross Profit": 25,
        "Operating Income": 22,
        "EBIT": 22,
        "Net Income": 15
    },
    "2018-03-31": {
        "Diluted EPS": 0.28,
        "Total Revenue": 33,
        "Gross Profit": 22,
        "Operating Income": 19,
        "EBIT": 20,
        "Net Income": 14
    },
    "2017-12-31": {
        "Diluted EPS": 0.0,
        "Total Revenue": NaN,
        "Gross Profit": NaN,
        "Operating Income": NaN,
        "EBIT": NaN,
        "Net Income": NaN
    },
    "2023-06-30": {
        "Tax Effect Of Unusual Items": -80907.976503,
        "Tax Rate For Calcs": 0.30666,
        "Normalized EBITDA": 180643427.0,
        "Total Unusual Items": -263836.0,
        "Total Unusual Items Excluding Goodwill": -263836.0,
        "Net Income From Continuing Operation Net Minority Interest": 103255064.0,
        "Reconciled Depreciation": 28982289.0,
        "Reconciled Cost Of Revenue": 244907139.0,
        "EBITDA": 180379591.0,
        "EBIT": 151397302.0,
        "Net Interest Income": 5881868.0,
        "Interest Expense": 3868469.0,
        "Interest Income": 9750337.0,
        "Normalized Income": 103437992.023497,
        "Net Income From Continuing And Discontinued Operation": 103255064.0,
        "Total Expenses": 316374598.0,
        "Total Operating Income As Reported": 98614971.0,
        "Diluted Average Shares": 102178955.0,
        "Basic Average Shares": 102178955.0,
        "Diluted EPS": 1.01,
        "Basic EPS": 1.01,
        "Diluted NI Availto Com Stockholders": 103255064.0,
        "Net Income Common Stockholders": 103255064.0,
        "Net Income": 103255064.0,
        "Minority Interests": 1308704.0,
        "Net Income Including Noncontrolling Interests": 101946360.0,
        "Net Income Continuous Operations": 101946360.0,
        "Earnings From Equity Interest Net Of Tax": -341265.0,
        "Tax Provision": 45241208.0,
        "Pretax Income": 147528833.0,
        "Other Income Expense": 43031994.0,
        "Other Non Operating Income Expenses": 43295830.0,
        "Gain On Sale Of Security": -263836.0,
        "Net Non Operating Interest Income Expense": 5881868.0,
        "Interest Expense Non Operating": 3868469.0,
        "Interest Income Non Operating": 9750337.0,
        "Operating Income": 98614971.0,
        "Operating Expense": 71467459.0,
        "Other Operating Expenses": -5169663.0,
        "Selling General And Administration": 76637122.0,
        "Selling And Marketing Expense": 18208671.0,
        "General And Administrative Expense": 58428451.0,
        "Other Gand A": 58428451.0,
        "Gross Profit": 170082430.0,
        "Cost Of Revenue": 244907139.0,
        "Total Revenue": 414989569.0,
        "Operating Revenue": 414989569.0
    },
    "2023-09-30": {
        "Tax Effect Of Unusual Items": 79001.664331,
        "Tax Rate For Calcs": 0.216101,
        "Normalized EBITDA": 185404093.0,
        "Total Unusual Items": 365577.0,
        "Total Unusual Items Excluding Goodwill": 365577.0,
        "Net Income From Continuing Operation Net Minority Interest": 117620285.0,
        "Reconciled Depreciation": 32167798.0,
        "Reconciled Cost Of Revenue": 247784689.0,
        "EBITDA": 185769670.0,
        "EBIT": 153601872.0,
        "Net Interest Income": 9921547.0,
        "Interest Expense": 3740491.0,
        "Interest Income": 13662038.0,
        "Normalized Income": 117333709.664331,
        "Net Income From Continuing And Discontinued Operation": 117620285.0,
        "Total Expenses": 323089935.0,
        "Total Operating Income As Reported": 137794259.0,
        "Diluted Average Shares": 102178955.0,
        "Basic Average Shares": 102178955.0,
        "Diluted EPS": 1.15,
        "Basic EPS": 1.15,
        "Diluted NI Availto Com Stockholders": 117620285.0,
        "Net Income Common Stockholders": 117620285.0,
        "Net Income": 117620285.0,
        "Minority Interests": 227170.0,
        "Net Income Including Noncontrolling Interests": 117393115.0,
        "Net Income Continuous Operations": 117393115.0,
        "Earnings From Equity Interest Net Of Tax": -83027.0,
        "Tax Provision": 32385239.0,
        "Pretax Income": 149861381.0,
        "Other Income Expense": 2145575.0,
        "Other Non Operating Income Expenses": 1779998.0,
        "Gain On Sale Of Security": 365577.0,
        "Net Non Operating Interest Income Expense": 9921547.0,
        "Interest Expense Non Operating": 3740491.0,
        "Interest Income Non Operating": 13662038.0,
        "Operating Income": 137794259.0,
        "Operating Expense": 75305246.0,
        "Other Operating Expenses": -834853.0,
        "Selling General And Administration": 76140099.0,
        "Selling And Marketing Expense": 26303310.0,
        "General And Administrative Expense": 49836789.0,
        "Other Gand A": 49836789.0,
        "Gross Profit": 213099505.0,
        "Cost Of Revenue": 247784689.0,
        "Total Revenue": 460884194.0,
        "Operating Revenue": 460884194.0
    },
    "2022-12-31": {
        "Tax Effect Of Unusual Items": -27884567.25,
        "Tax Rate For Calcs": 0.25,
        "Normalized EBITDA": 124095928.0,
        "Total Unusual Items": -111538269.0,
        "Total Unusual Items Excluding Goodwill": -111538269.0,
        "Net Income From Continuing Operation Net Minority Interest": 26912872.0,
        "Reconciled Depreciation": 7943377.0,
        "Reconciled Cost Of Revenue": -214103400.0,
        "EBITDA": 12557659.0,
        "EBIT": 4614282.0,
        "Net Interest Income": 6057133.0,
        "Interest Expense": 2357548.0,
        "Interest Income": 8414681.0,
        "Normalized Income": 110566573.75,
        "Net Income From Continuing And Discontinued Operation": 26912872.0,
        "Total Expenses": -290315123.0,
        "Total Operating Income As Reported": 27466264.0,
        "Diluted Average Shares": NaN,
        "Basic Average Shares": NaN,
        "Diluted EPS": NaN,
        "Basic EPS": NaN,
        "Diluted NI Availto Com Stockholders": 26912872.0,
        "Net Income Common Stockholders": 26912872.0,
        "Net Income": 26912872.0,
        "Minority Interests": -4789717.0,
        "Net Income Including Noncontrolling Interests": 31702589.0,
        "Net Income Continuous Operations": 31702589.0,
        "Earnings From Equity Interest Net Of Tax": -2018324.0,
        "Tax Provision": -31464179.0,
        "Pretax Income": 2256734.0,
        "Other Income Expense": -122503143.0,
        "Other Non Operating Income Expenses": -10964874.0,
        "Gain On Sale Of Security": -20301789.0,
        "Net Non Operating Interest Income Expense": 6057133.0,
        "Interest Expense Non Operating": 2357548.0,
        "Interest Income Non Operating": 8414681.0,
        "Operating Income": 118702744.0,
        "Operating Expense": -76211723.0,
        "Other Operating Expenses": -4459066.0,
        "Selling General And Administration": -71752657.0,
        "Selling And Marketing Expense": -19619034.0,
        "General And Administrative Expense": -52133623.0,
        "Other Gand A": -52133623.0,
        "Gross Profit": 42491021.0,
        "Cost Of Revenue": -214103400.0,
        "Total Revenue": -171612379.0,
        "Operating Revenue": -187466364.0
    },
    "2022-09-30": {
        "Tax Effect Of Unusual Items": NaN,
        "Tax Rate For Calcs": NaN,
        "Normalized EBITDA": NaN,
        "Total Unusual Items": NaN,
        "Total Unusual Items Excluding Goodwill": NaN,
        "Net Income From Continuing Operation Net Minority Interest": NaN,
        "Reconciled Depreciation": NaN,
        "Reconciled Cost Of Revenue": NaN,
        "EBITDA": NaN,
        "EBIT": NaN,
        "Net Interest Income": NaN,
        "Interest Expense": NaN,
        "Interest Income": NaN,
        "Normalized Income": NaN,
        "Net Income From Continuing And Discontinued Operation": NaN,
        "Total Expenses": NaN,
        "Total Operating Income As Reported": NaN,
        "Diluted Average Shares": 103049863.0,
        "Basic Average Shares": 103049863.0,
        "Diluted EPS": -0.59,
        "Basic EPS": -0.59,
        "Diluted NI Availto Com Stockholders": NaN,
        "Net Income Common Stockholders": NaN,
        "Net Income": NaN,
        "Minority Interests": NaN,
        "Net Income Including Noncontrolling Interests": NaN,
        "Net Income Continuous Operations": NaN,
        "Earnings From Equity Interest Net Of Tax": NaN,
        "Tax Provision": NaN,
        "Pretax Income": NaN,
        "Other Income Expense": NaN,
        "Other Non Operating Income Expenses": NaN,
        "Gain On Sale Of Security": NaN,
        "Net Non Operating Interest Income Expense": NaN,
        "Interest Expense Non Operating": NaN,
        "Interest Income Non Operating": NaN,
        "Operating Income": NaN,
        "Operating Expense": NaN,
        "Other Operating Expenses": NaN,
        "Selling General And Administration": NaN,
        "Selling And Marketing Expense": NaN,
        "General And Administrative Expense": NaN,
        "Other Gand A": NaN,
        "Gross Profit": NaN,
        "Cost Of Revenue": NaN,
        "Total Revenue": NaN,
        "Operating Revenue": NaN
    },
    "2023-12-31": {
        "Tax Effect Of Unusual Items": -235820.75,
        "Tax Rate For Calcs": 0.25,
        "Normalized EBITDA": 28204206.0,
        "Total Unusual Items": -943283.0,
        "Total Unusual Items Excluding Goodwill": -943283.0,
        "Net Income From Continuing Operation Net Minority Interest": -30708287.0,
        "Reconciled Depreciation": 24897604.0,
        "Reconciled Cost Of Revenue": 211591676.0,
        "EBITDA": 27260923.0,
        "EBIT": 2363319.0,
        "Net Interest Income": 9412953.0,
        "Interest Expense": 916820.0,
        "Interest Income": 10329773.0,
        "Normalized Income": -30000824.75,
        "Net Income From Continuing And Discontinued Operation": -30708287.0,
        "Total Expenses": 325220887.0,
        "Total Operating Income As Reported": 46942619.0,
        "Diluted Average Shares": 101801877.0,
        "Basic Average Shares": 101801877.0,
        "Diluted EPS": 0.11,
        "Basic EPS": 0.11,
        "Diluted NI Availto Com Stockholders": -30708287.0,
        "Net Income Common Stockholders": -30708287.0,
        "Net Income": -30708287.0,
        "Minority Interests": 3484239.0,
        "Net Income Including Noncontrolling Interests": -34192526.0,
        "Net Income Continuous Operations": -34192526.0,
        "Earnings From Equity Interest Net Of Tax": -522092.0,
        "Tax Provision": 35116933.0,
        "Pretax Income": 1446499.0,
        "Other Income Expense": -54909073.0,
        "Other Non Operating Income Expenses": -53965790.0,
        "Gain On Sale Of Security": -943283.0,
        "Net Non Operating Interest Income Expense": 9412953.0,
        "Interest Expense Non Operating": 916820.0,
        "Interest Income Non Operating": 10329773.0,
        "Operating Income": 46942619.0,
        "Operating Expense": 113629211.0,
        "Other Operating Expenses": -7793796.0,
        "Selling General And Administration": 121423007.0,
        "Selling And Marketing Expense": 11090473.0,
        "General And Administrative Expense": 110332534.0,
        "Other Gand A": 110332534.0,
        "Gross Profit": 160571830.0,
        "Cost Of Revenue": 211591676.0,
        "Total Revenue": 372163506.0,
        "Operating Revenue": 237965107.0
    },
    "2024-03-31": {
        "Tax Effect Of Unusual Items": -2932873.48937,
        "Tax Rate For Calcs": 0.316979,
        "Normalized EBITDA": 125771736.0,
        "Total Unusual Items": -9252584.0,
        "Total Unusual Items Excluding Goodwill": -9252584.0,
        "Net Income From Continuing Operation Net Minority Interest": 58896633.0,
        "Reconciled Depreciation": 31341704.0,
        "Reconciled Cost Of Revenue": 208120351.0,
        "EBITDA": 116519152.0,
        "EBIT": 85177448.0,
        "Net Interest Income": 7206710.0,
        "Interest Expense": 1739829.0,
        "Interest Income": 8946539.0,
        "Normalized Income": 65216343.51063,
        "Net Income From Continuing And Discontinued Operation": 58896633.0,
        "Total Expenses": 279978506.0,
        "Total Operating Income As Reported": 72248923.0,
        "Diluted Average Shares": 101545919.0,
        "Basic Average Shares": 101545919.0,
        "Diluted EPS": 0.58,
        "Basic EPS": 0.58,
        "Diluted NI Availto Com Stockholders": 58896633.0,
        "Net Income Common Stockholders": 58896633.0,
        "Net Income": 58896633.0,
        "Minority Interests": 1601766.0,
        "Net Income Including Noncontrolling Interests": 57294867.0,
        "Net Income Continuous Operations": 57294867.0,
        "Earnings From Equity Interest Net Of Tax": 305209.0,
        "Tax Provision": 26447961.0,
        "Pretax Income": 83437619.0,
        "Other Income Expense": 3981986.0,
        "Other Non Operating Income Expenses": 13234570.0,
        "Gain On Sale Of Security": -9252584.0,
        "Net Non Operating Interest Income Expense": 7206710.0,
        "Interest Expense Non Operating": 1739829.0,
        "Interest Income Non Operating": 8946539.0,
        "Operating Income": 72248923.0,
        "Operating Expense": 71858155.0,
        "Other Operating Expenses": -17651.0,
        "Selling General And Administration": 71875806.0,
        "Selling And Marketing Expense": 18389602.0,
        "General And Administrative Expense": 53486204.0,
        "Other Gand A": 53486204.0,
        "Gross Profit": 144107078.0,
        "Cost Of Revenue": 208120351.0,
        "Total Revenue": 352227429.0,
        "Operating Revenue": 352227429.0
    },
    "2023-03-31": {
        "Tax Effect Of Unusual Items": -1398555.588146,
        "Tax Rate For Calcs": 0.308285,
        "Normalized EBITDA": 89114146.0,
        "Total Unusual Items": -4536562.0,
        "Total Unusual Items Excluding Goodwill": -4536562.0,
        "Net Income From Continuing Operation Net Minority Interest": 36325986.0,
        "Reconciled Depreciation": 31337638.0,
        "Reconciled Cost Of Revenue": 243155310.0,
        "EBITDA": 84577584.0,
        "EBIT": 53239946.0,
        "Net Interest Income": 2100953.0,
        "Interest Expense": 5528061.0,
        "Interest Income": 7629014.0,
        "Normalized Income": 39463992.411854,
        "Net Income From Continuing And Discontinued Operation": 36325986.0,
        "Total Expenses": 326923343.0,
        "Total Operating Income As Reported": 52297076.0,
        "Diluted Average Shares": 100905517.0,
        "Basic Average Shares": 100905517.0,
        "Diluted EPS": 0.36,
        "Basic EPS": 0.36,
        "Diluted NI Availto Com Stockholders": 36325986.0,
        "Net Income Common Stockholders": 36325986.0,
        "Net Income": 36325986.0,
        "Minority Interests": 3768594.0,
        "Net Income Including Noncontrolling Interests": 32557392.0,
        "Net Income Continuous Operations": 32557392.0,
        "Earnings From Equity Interest Net Of Tax": -445618.0,
        "Tax Provision": 14708875.0,
        "Pretax Income": 47711885.0,
        "Other Income Expense": -6686144.0,
        "Other Non Operating Income Expenses": -2149582.0,
        "Gain On Sale Of Security": -4536562.0,
        "Net Non Operating Interest Income Expense": 2100953.0,
        "Interest Expense Non Operating": 5528061.0,
        "Interest Income Non Operating": 7629014.0,
        "Operating Income": 52297076.0,
        "Operating Expense": 83768033.0,
        "Other Operating Expenses": -1667036.0,
        "Selling General And Administration": 85435069.0,
        "Selling And Marketing Expense": 16015579.0,
        "General And Administrative Expense": 69419490.0,
        "Other Gand A": 69419490.0,
        "Gross Profit": 136065109.0,
        "Cost Of Revenue": 243155310.0,
        "Total Revenue": 379220419.0,
        "Operating Revenue": 379220419.0
    },
    "2024-06-30": {
        "Tax Effect Of Unusual Items": -1829893.239779,
        "Tax Rate For Calcs": 0.29648,
        "Normalized EBITDA": 128109831.0,
        "Total Unusual Items": -6172071.0,
        "Total Unusual Items Excluding Goodwill": -6172071.0,
        "Net Income From Continuing Operation Net Minority Interest": 61690274.0,
        "Reconciled Depreciation": 29137972.0,
        "Reconciled Cost Of Revenue": 198324685.0,
        "EBITDA": 121937760.0,
        "EBIT": 92799788.0,
        "Net Interest Income": 8374732.0,
        "Interest Expense": 2629228.0,
        "Interest Income": 11003960.0,
        "Normalized Income": 66032451.760221,
        "Net Income From Continuing And Discontinued Operation": 61690274.0,
        "Total Expenses": 245300211.0,
        "Total Operating Income As Reported": 84411445.0,
        "Diluted Average Shares": 101543521.0,
        "Basic Average Shares": 101543521.0,
        "Diluted EPS": 0.61,
        "Basic EPS": 0.61,
        "Diluted NI Availto Com Stockholders": 61690274.0,
        "Net Income Common Stockholders": 61690274.0,
        "Net Income": 61690274.0,
        "Minority Interests": -571587.0,
        "Net Income Including Noncontrolling Interests": 62261861.0,
        "Net Income Continuous Operations": 62261861.0,
        "Earnings From Equity Interest Net Of Tax": -1174966.0,
        "Tax Provision": 26733733.0,
        "Pretax Income": 90170560.0,
        "Other Income Expense": -2615617.0,
        "Other Non Operating Income Expenses": 3556454.0,
        "Gain On Sale Of Security": -6172071.0,
        "Net Non Operating Interest Income Expense": 8374732.0,
        "Interest Expense Non Operating": 2629228.0,
        "Interest Income Non Operating": 11003960.0,
        "Operating Income": 84411445.0,
        "Operating Expense": 46975526.0,
        "Other Operating Expenses": -36330392.0,
        "Selling General And Administration": 83305918.0,
        "Selling And Marketing Expense": 15859714.0,
        "General And Administrative Expense": 67446204.0,
        "Other Gand A": 67446204.0,
        "Gross Profit": 131386971.0,
        "Cost Of Revenue": 198324685.0,
        "Total Revenue": 329711656.0,
        "Operating Revenue": 329711656.0
    },
    "2024-09-30": {
        "Tax Effect Of Unusual Items": 2733720.208345,
        "Tax Rate For Calcs": 0.272956,
        "Normalized EBITDA": 107929375.0,
        "Total Unusual Items": 10015229.0,
        "Total Unusual Items Excluding Goodwill": 10015229.0,
        "Net Income From Continuing Operation Net Minority Interest": 65500875.0,
        "Reconciled Depreciation": 28690959.0,
        "Reconciled Cost Of Revenue": 205168798.0,
        "EBITDA": 117944604.0,
        "EBIT": 89253645.0,
        "Net Interest Income": 7371873.0,
        "Interest Expense": 116161.0,
        "Interest Income": 7488034.0,
        "Normalized Income": 58219366.208345,
        "Net Income From Continuing And Discontinued Operation": 65500875.0,
        "Total Expenses": 250577947.0,
        "Total Operating Income As Reported": 106403503.0,
        "Diluted Average Shares": 101541718.0,
        "Basic Average Shares": 101541718.0,
        "Diluted EPS": 0.65,
        "Basic EPS": 0.65,
        "Diluted NI Availto Com Stockholders": 65500875.0,
        "Net Income Common Stockholders": 65500875.0,
        "Net Income": 65500875.0,
        "Minority Interests": 288968.0,
        "Net Income Including Noncontrolling Interests": 65211907.0,
        "Net Income Continuous Operations": 65211907.0,
        "Earnings From Equity Interest Net Of Tax": 405064.0,
        "Tax Provision": 24330641.0,
        "Pretax Income": 89137484.0,
        "Other Income Expense": -24637892.0,
        "Other Non Operating Income Expenses": -34653121.0,
        "Gain On Sale Of Security": 10015229.0,
        "Net Non Operating Interest Income Expense": 7371873.0,
        "Interest Expense Non Operating": 116161.0,
        "Interest Income Non Operating": 7488034.0,
        "Operating Income": 106403503.0,
        "Operating Expense": 45409149.0,
        "Other Operating Expenses": -12636090.0,
        "Selling General And Administration": 58045239.0,
        "Selling And Marketing Expense": 15712711.0,
        "General And Administrative Expense": 42332528.0,
        "Other Gand A": 42332528.0,
        "Gross Profit": 151812652.0,
        "Cost Of Revenue": 205168798.0,
        "Total Revenue": 356981450.0,
        "Operating Revenue": 356981450.0
    }
}