{
    "2023-03-31": {
        "Tax Effect Of Unusual Items": 0.0,
        "Tax Rate For Calcs": 0.262835,
        "Normalized EBITDA": -24932000.0,
        "Net Income From Continuing Operation Net Minority Interest": -23318000.0,
        "Reconciled Depreciation": 887000.0,
        "Reconciled Cost Of Revenue": 60576000.0,
        "EBITDA": -24932000.0,
        "EBIT": -25819000.0,
        "Net Interest Income": -5813000.0,
        "Interest Expense": 5813000.0,
        "Normalized Income": -23318000.0,
        "Net Income From Continuing And Discontinued Operation": -23318000.0,
        "Total Expenses": 75497000.0,
        "Rent Expense Supplemental": 4989000.0,
        "Total Operating Income As Reported": -25819000.0,
        "Diluted Average Shares": 18315231.0,
        "Basic Average Shares": 18315231.0,
        "Diluted EPS": -1.27,
        "Basic EPS": -1.27,
        "Diluted NI Availto Com Stockholders": -23318000.0,
        "Net Income Common Stockholders": -23318000.0,
        "Net Income": -23318000.0,
        "Net Income Including Noncontrolling Interests": -23318000.0,
        "Net Income Continuous Operations": -23318000.0,
        "Tax Provision": -8314000.0,
        "Pretax Income": -31632000.0,
        "Net Non Operating Interest Income Expense": -5813000.0,
        "Interest Expense Non Operating": 5813000.0,
        "Operating Income": -25819000.0,
        "Operating Expense": 14921000.0,
        "Other Operating Expenses": 7050000.0,
        "Depreciation Amortization Depletion Income Statement": 887000.0,
        "Depreciation And Amortization In Income Statement": 887000.0,
        "Selling General And Administration": 6984000.0,
        "General And Administrative Expense": 6984000.0,
        "Other Gand A": 1995000.0,
        "Rent And Landing Fees": 4989000.0,
        "Gross Profit": -10898000.0,
        "Cost Of Revenue": 60576000.0,
        "Total Revenue": 49678000.0,
        "Operating Revenue": 49678000.0
    },
    "2022-12-31": {
        "Tax Effect Of Unusual Items": 0.0,
        "Tax Rate For Calcs": 0.29,
        "Normalized EBITDA": 33675000.0,
        "Net Income From Continuing Operation Net Minority Interest": 19901000.0,
        "Reconciled Depreciation": 684000.0,
        "Reconciled Cost Of Revenue": 44524000.0,
        "EBITDA": 33675000.0,
        "EBIT": 32991000.0,
        "Net Interest Income": -5087000.0,
        "Interest Expense": 5087000.0,
        "Normalized Income": 19901000.0,
        "Net Income From Continuing And Discontinued Operation": 19901000.0,
        "Total Expenses": 62828000.0,
        "Rent Expense Supplemental": 5357000.0,
        "Total Operating Income As Reported": 32991000.0,
        "Diluted Average Shares": 21005657.0,
        "Basic Average Shares": 18069829.0,
        "Diluted EPS": 0.95,
        "Basic EPS": 1.1,
        "Diluted NI Availto Com Stockholders": 19901000.0,
        "Net Income Common Stockholders": 19901000.0,
        "Net Income": 19901000.0,
        "Net Income Including Noncontrolling Interests": 19901000.0,
        "Net Income Continuous Operations": 19901000.0,
        "Tax Provision": 8003000.0,
        "Pretax Income": 27904000.0,
        "Net Non Operating Interest Income Expense": -5087000.0,
        "Interest Expense Non Operating": 5087000.0,
        "Operating Income": 32991000.0,
        "Operating Expense": 18304000.0,
        "Other Operating Expenses": 9273000.0,
        "Depreciation Amortization Depletion Income Statement": 684000.0,
        "Depreciation And Amortization In Income Statement": 684000.0,
        "Selling General And Administration": 8347000.0,
        "General And Administrative Expense": 8347000.0,
        "Other Gand A": 2990000.0,
        "Rent And Landing Fees": 5357000.0,
        "Gross Profit": 51295000.0,
        "Cost Of Revenue": 44524000.0,
        "Total Revenue": 95819000.0,
        "Operating Revenue": 95819000.0
    },
    "2022-09-30": {
        "Tax Effect Of Unusual Items": 0.0,
        "Tax Rate For Calcs": 0.24,
        "Normalized EBITDA": 23615000.0,
        "Net Income From Continuing Operation Net Minority Interest": 14211000.0,
        "Reconciled Depreciation": 635000.0,
        "Reconciled Cost Of Revenue": 45265000.0,
        "EBITDA": 23615000.0,
        "EBIT": 22980000.0,
        "Net Interest Income": -4369000.0,
        "Interest Expense": 4369000.0,
        "Normalized Income": 14211000.0,
        "Net Income From Continuing And Discontinued Operation": 14211000.0,
        "Total Expenses": 58165000.0,
        "Rent Expense Supplemental": 4954000.0,
        "Total Operating Income As Reported": 22980000.0,
        "Diluted Average Shares": 21095880.0,
        "Basic Average Shares": 17935848.0,
        "Diluted EPS": 0.67,
        "Basic EPS": 0.79,
        "Diluted NI Availto Com Stockholders": 14211000.0,
        "Net Income Common Stockholders": 14211000.0,
        "Net Income": 14211000.0,
        "Net Income Including Noncontrolling Interests": 14211000.0,
        "Net Income Continuous Operations": 14211000.0,
        "Tax Provision": 4400000.0,
        "Pretax Income": 18611000.0,
        "Net Non Operating Interest Income Expense": -4369000.0,
        "Interest Expense Non Operating": 4369000.0,
        "Operating Income": 22980000.0,
        "Operating Expense": 12900000.0,
        "Other Operating Expenses": 3996000.0,
        "Depreciation Amortization Depletion Income Statement": 635000.0,
        "Depreciation And Amortization In Income Statement": 635000.0,
        "Selling General And Administration": 8269000.0,
        "General And Administrative Expense": 8269000.0,
        "Other Gand A": 3315000.0,
        "Rent And Landing Fees": 4954000.0,
        "Gross Profit": 35880000.0,
        "Cost Of Revenue": 45265000.0,
        "Total Revenue": 81145000.0,
        "Operating Revenue": 81145000.0
    },
    "2022-06-30": {
        "Tax Effect Of Unusual Items": 0.0,
        "Tax Rate For Calcs": 0.223737,
        "Normalized EBITDA": -20248000.0,
        "Net Income From Continuing Operation Net Minority Interest": -18732000.0,
        "Reconciled Depreciation": 625000.0,
        "Reconciled Cost Of Revenue": 43163000.0,
        "EBITDA": -20248000.0,
        "EBIT": -20873000.0,
        "Net Interest Income": -3258000.0,
        "Interest Expense": 3258000.0,
        "Normalized Income": -18732000.0,
        "Net Income From Continuing And Discontinued Operation": -18732000.0,
        "Total Expenses": 56922000.0,
        "Rent Expense Supplemental": 4439000.0,
        "Total Operating Income As Reported": -20873000.0,
        "Diluted Average Shares": 18237538.0,
        "Basic Average Shares": 18237538.0,
        "Diluted EPS": -1.03,
        "Basic EPS": -1.03,
        "Diluted NI Availto Com Stockholders": -18732000.0,
        "Net Income Common Stockholders": -18732000.0,
        "Net Income": -18732000.0,
        "Net Income Including Noncontrolling Interests": -18732000.0,
        "Net Income Continuous Operations": -18732000.0,
        "Tax Provision": -5399000.0,
        "Pretax Income": -24131000.0,
        "Net Non Operating Interest Income Expense": -3258000.0,
        "Interest Expense Non Operating": 3258000.0,
        "Operating Income": -20873000.0,
        "Operating Expense": 13759000.0,
        "Other Operating Expenses": 4915000.0,
        "Depreciation Amortization Depletion Income Statement": 625000.0,
        "Depreciation And Amortization In Income Statement": 625000.0,
        "Selling General And Administration": 8219000.0,
        "General And Administrative Expense": 8219000.0,
        "Other Gand A": 3780000.0,
        "Rent And Landing Fees": 4439000.0,
        "Gross Profit": -7114000.0,
        "Cost Of Revenue": 43163000.0,
        "Total Revenue": 36049000.0,
        "Operating Revenue": 36049000.0
    },
    "2022-03-31": {
        "Diluted EPS": -0.66,
        "Total Revenue": 45,
        "Gross Profit": 45,
        "Operating Income": -15,
        "EBIT": -13,
        "Net Income": -12
    },
    "2021-12-31": {
        "Diluted EPS": 1.24,
        "Total Revenue": 117,
        "Gross Profit": 117,
        "Operating Income": 43,
        "EBIT": 44,
        "Net Income": 29
    },
    "2021-09-30": {
        "Diluted EPS": 0.85,
        "Total Revenue": 89,
        "Gross Profit": 89,
        "Operating Income": 30,
        "EBIT": 32,
        "Net Income": 20
    },
    "2021-06-30": {
        "Diluted EPS": -0.45,
        "Total Revenue": 43,
        "Gross Profit": 43,
        "Operating Income": -9,
        "EBIT": -8,
        "Net Income": -9
    },
    "2021-03-31": {
        "Diluted EPS": 0.09,
        "Total Revenue": 69,
        "Gross Profit": 69,
        "Operating Income": 7,
        "EBIT": 8,
        "Net Income": 2
    },
    "2020-12-31": {
        "Diluted EPS": 3.04,
        "Total Revenue": 141,
        "Gross Profit": 141,
        "Operating Income": 80,
        "EBIT": 81,
        "Net Income": 63
    },
    "2020-09-30": {
        "Diluted EPS": -0.49,
        "Total Revenue": 56,
        "Gross Profit": 56,
        "Operating Income": -7,
        "EBIT": -6,
        "Net Income": -9
    },
    "2020-06-30": {
        "Diluted EPS": -0.79,
        "Total Revenue": 48,
        "Gross Profit": 48,
        "Operating Income": -15,
        "EBIT": -14,
        "Net Income": -15
    },
    "2020-03-31": {
        "Diluted EPS": -0.4,
        "Total Revenue": 67,
        "Gross Profit": 67,
        "Operating Income": -3,
        "EBIT": -2,
        "Net Income": -8
    },
    "2019-12-31": {
        "Diluted EPS": 0.99,
        "Total Revenue": 107,
        "Gross Profit": 107,
        "Operating Income": 41,
        "EBIT": 42,
        "Net Income": 24
    },
    "2019-09-30": {
        "Diluted EPS": 0.63,
        "Total Revenue": 87,
        "Gross Profit": 87,
        "Operating Income": 25,
        "EBIT": 26,
        "Net Income": 15
    },
    "2019-06-30": {
        "Diluted EPS": -0.53,
        "Total Revenue": 56,
        "Gross Profit": 56,
        "Operating Income": -6,
        "EBIT": -5,
        "Net Income": -13
    },
    "2019-03-31": {
        "Diluted EPS": -0.64,
        "Total Revenue": 51,
        "Gross Profit": 51,
        "Operating Income": -14,
        "EBIT": -13,
        "Net Income": -15
    },
    "2018-12-31": {
        "Diluted EPS": 0.4,
        "Total Revenue": 89,
        "Gross Profit": 89,
        "Operating Income": 22,
        "EBIT": 23,
        "Net Income": 11
    },
    "2018-09-30": {
        "Diluted EPS": 0.43,
        "Total Revenue": 87,
        "Gross Profit": 87,
        "Operating Income": 21,
        "EBIT": 22,
        "Net Income": 11
    },
    "2018-06-30": {
        "Diluted EPS": 0.38,
        "Total Revenue": 88,
        "Gross Profit": 88,
        "Operating Income": 19,
        "EBIT": 21,
        "Net Income": 11
    },
    "2018-03-31": {
        "Diluted EPS": 0.21,
        "Total Revenue": 88,
        "Gross Profit": 88,
        "Operating Income": 19,
        "EBIT": 20,
        "Net Income": 6
    },
    "2017-12-31": {
        "Diluted EPS": -0.83,
        "Total Revenue": 67,
        "Gross Profit": 67,
        "Operating Income": 3,
        "EBIT": 4,
        "Net Income": -26
    },
    "2017-09-30": {
        "Diluted EPS": -0.18,
        "Total Revenue": 48,
        "Gross Profit": 48,
        "Operating Income": -9,
        "EBIT": -9,
        "Net Income": -6
    },
    "2017-06-30": {
        "Diluted EPS": 0.2,
        "Total Revenue": 67,
        "Gross Profit": 67,
        "Operating Income": 10,
        "EBIT": 11,
        "Net Income": 6
    },
    "2017-03-31": {
        "Diluted EPS": -0.02,
        "Total Revenue": 57,
        "Gross Profit": 57,
        "Operating Income": 3,
        "EBIT": 4,
        "Net Income": -1
    },
    "2016-12-31": {
        "Diluted EPS": 0.72,
        "Total Revenue": 102,
        "Gross Profit": 102,
        "Operating Income": 33,
        "EBIT": 34,
        "Net Income": 24
    },
    "2016-09-30": {
        "Diluted EPS": 0.41,
        "Total Revenue": 77,
        "Gross Profit": 77,
        "Operating Income": 20,
        "EBIT": 21,
        "Net Income": 13
    },
    "2016-06-30": {
        "Diluted EPS": 0.62,
        "Total Revenue": 90,
        "Gross Profit": 90,
        "Operating Income": 31,
        "EBIT": 31,
        "Net Income": 20
    },
    "2016-03-31": {
        "Diluted EPS": 0.14,
        "Total Revenue": 67,
        "Gross Profit": 67,
        "Operating Income": 7,
        "EBIT": 8,
        "Net Income": 4
    },
    "2015-12-31": {
        "Diluted EPS": 0.25,
        "Total Revenue": 76,
        "Gross Profit": 76,
        "Operating Income": 15,
        "EBIT": 16,
        "Net Income": 8
    },
    "2015-09-30": {
        "Diluted EPS": 0.02,
        "Total Revenue": 51,
        "Gross Profit": 51,
        "Operating Income": 2,
        "EBIT": 3,
        "Net Income": 1
    },
    "2015-06-30": {
        "Diluted EPS": 0.3,
        "Total Revenue": 73,
        "Gross Profit": 73,
        "Operating Income": 17,
        "EBIT": 17,
        "Net Income": 9
    },
    "2015-03-31": {
        "Diluted EPS": 0.25,
        "Total Revenue": 62,
        "Gross Profit": 62,
        "Operating Income": 12,
        "EBIT": 13,
        "Net Income": 8
    },
    "2014-12-31": {
        "Diluted EPS": 0.49,
        "Total Revenue": 77,
        "Gross Profit": 77,
        "Operating Income": 24,
        "EBIT": 25,
        "Net Income": 15
    },
    "2014-09-30": {
        "Diluted EPS": 0.66,
        "Total Revenue": 92,
        "Gross Profit": 92,
        "Operating Income": 31,
        "EBIT": 32,
        "Net Income": 20
    },
    "2014-06-30": {
        "Diluted EPS": 0.27,
        "Total Revenue": 63,
        "Gross Profit": 63,
        "Operating Income": 13,
        "EBIT": 14,
        "Net Income": 8
    },
    "2014-03-31": {
        "Diluted EPS": 0.01,
        "Total Revenue": 44,
        "Gross Profit": 44,
        "Operating Income": 1,
        "EBIT": 1,
        "Net Income": 0
    },
    "2013-12-31": {
        "Diluted EPS": 0.52,
        "Total Revenue": 76,
        "Gross Profit": 76,
        "Operating Income": 21,
        "EBIT": 22,
        "Net Income": 16
    },
    "2013-09-30": {
        "Diluted EPS": 0.06,
        "Total Revenue": 45,
        "Gross Profit": 45,
        "Operating Income": 3,
        "EBIT": 4,
        "Net Income": 2
    },
    "2013-06-30": {
        "Diluted EPS": 0.52,
        "Total Revenue": 87,
        "Gross Profit": 87,
        "Operating Income": 26,
        "EBIT": 27,
        "Net Income": 15
    },
    "2013-03-31": {
        "Diluted EPS": 0.45,
        "Total Revenue": 80,
        "Gross Profit": 80,
        "Operating Income": 22,
        "EBIT": 24,
        "Net Income": 14
    },
    "2012-12-31": {
        "Diluted EPS": 0.5,
        "Total Revenue": 92,
        "Gross Profit": 92,
        "Operating Income": 28,
        "EBIT": 30,
        "Net Income": 15
    },
    "2012-09-30": {
        "Diluted EPS": 0.28,
        "Total Revenue": 63,
        "Gross Profit": 63,
        "Operating Income": 14,
        "EBIT": 16,
        "Net Income": 9
    },
    "2012-06-30": {
        "Diluted EPS": 0.07,
        "Total Revenue": 47,
        "Gross Profit": 47,
        "Operating Income": 4,
        "EBIT": 6,
        "Net Income": 2
    },
    "2012-03-31": {
        "Diluted EPS": 0.53,
        "Total Revenue": 83,
        "Gross Profit": 83,
        "Operating Income": 25,
        "EBIT": 27,
        "Net Income": 16
    },
    "2011-12-31": {
        "Diluted EPS": 0.52,
        "Total Revenue": 95,
        "Gross Profit": 95,
        "Operating Income": 25,
        "EBIT": 28,
        "Net Income": 16
    },
    "2011-09-30": {
        "Diluted EPS": 0.28,
        "Total Revenue": 60,
        "Gross Profit": 60,
        "Operating Income": 13,
        "EBIT": 15,
        "Net Income": 9
    },
    "2011-06-30": {
        "Diluted EPS": 0.69,
        "Total Revenue": 91,
        "Gross Profit": 91,
        "Operating Income": 34,
        "EBIT": 36,
        "Net Income": 21
    },
    "2011-03-31": {
        "Diluted EPS": -0.05,
        "Total Revenue": 48,
        "Gross Profit": 48,
        "Operating Income": -2,
        "EBIT": 0,
        "Net Income": -2
    },
    "2010-12-31": {
        "Diluted EPS": 0.06,
        "Total Revenue": 62,
        "Gross Profit": 62,
        "Operating Income": 2,
        "EBIT": 4,
        "Net Income": 2
    },
    "2010-09-30": {
        "Diluted EPS": 0.47,
        "Total Revenue": 84,
        "Gross Profit": 84,
        "Operating Income": 25,
        "EBIT": 26,
        "Net Income": 14
    },
    "2010-06-30": {
        "Diluted EPS": 0.57,
        "Total Revenue": 84,
        "Gross Profit": 84,
        "Operating Income": 31,
        "EBIT": 32,
        "Net Income": 18
    },
    "2010-03-31": {
        "Diluted EPS": 0.02,
        "Total Revenue": 49,
        "Gross Profit": 49,
        "Operating Income": 4,
        "EBIT": 4,
        "Net Income": 1
    },
    "2009-12-31": {
        "Diluted EPS": 0.56,
        "Total Revenue": 66,
        "Gross Profit": 66,
        "Operating Income": 23,
        "EBIT": 24,
        "Net Income": 17
    },
    "2009-09-30": {
        "Diluted EPS": 1.01,
        "Total Revenue": 116,
        "Gross Profit": 116,
        "Operating Income": 52,
        "EBIT": 53,
        "Net Income": 30
    },
    "2009-06-30": {
        "Diluted EPS": 0.35,
        "Total Revenue": 54,
        "Gross Profit": 54,
        "Operating Income": 17,
        "EBIT": 19,
        "Net Income": 10
    },
    "2009-03-31": {
        "Diluted EPS": 0.47,
        "Total Revenue": 62,
        "Gross Profit": 62,
        "Operating Income": 23,
        "EBIT": 24,
        "Net Income": 14
    },
    "2023-06-30": {
        "Tax Effect Of Unusual Items": 0.0,
        "Tax Rate For Calcs": 0.4,
        "Normalized EBITDA": 16156000.0,
        "Net Income From Continuing Operation Net Minority Interest": 4437000.0,
        "Reconciled Depreciation": 1335000.0,
        "Reconciled Cost Of Revenue": 37774000.0,
        "EBITDA": 16156000.0,
        "EBIT": 14821000.0,
        "Net Interest Income": -6260000.0,
        "Interest Expense": 6260000.0,
        "Normalized Income": 4437000.0,
        "Net Income From Continuing And Discontinued Operation": 4437000.0,
        "Total Expenses": 56614000.0,
        "Rent Expense Supplemental": 4732000.0,
        "Total Operating Income As Reported": 14821000.0,
        "Diluted Average Shares": 21461523.0,
        "Basic Average Shares": 18802352.0,
        "Diluted EPS": 0.21,
        "Basic EPS": 0.24,
        "Diluted NI Availto Com Stockholders": 4437000.0,
        "Net Income Common Stockholders": 4437000.0,
        "Net Income": 4437000.0,
        "Net Income Including Noncontrolling Interests": 4437000.0,
        "Net Income Continuous Operations": 4437000.0,
        "Tax Provision": 4124000.0,
        "Pretax Income": 8561000.0,
        "Net Non Operating Interest Income Expense": -6260000.0,
        "Interest Expense Non Operating": 6260000.0,
        "Operating Income": 14821000.0,
        "Operating Expense": 18391000.0,
        "Other Operating Expenses": 9786000.0,
        "Depreciation Amortization Depletion Income Statement": 886000.0,
        "Depreciation And Amortization In Income Statement": 886000.0,
        "Selling General And Administration": 7719000.0,
        "General And Administrative Expense": 7719000.0,
        "Other Gand A": 2987000.0,
        "Rent And Landing Fees": 4732000.0,
        "Gross Profit": 33212000.0,
        "Cost Of Revenue": 38223000.0,
        "Total Revenue": 71435000.0,
        "Operating Revenue": 71435000.0
    },
    "2023-09-30": {
        "Tax Effect Of Unusual Items": 0.0,
        "Tax Rate For Calcs": 0.29,
        "Normalized EBITDA": -29973000.0,
        "Net Income From Continuing Operation Net Minority Interest": -28143000.0,
        "Reconciled Depreciation": 2244000.0,
        "Reconciled Cost Of Revenue": 46771000.0,
        "EBITDA": -29973000.0,
        "EBIT": -32217000.0,
        "Net Interest Income": -7152000.0,
        "Interest Expense": 7152000.0,
        "Normalized Income": -28143000.0,
        "Net Income From Continuing And Discontinued Operation": -28143000.0,
        "Total Expenses": 62906000.0,
        "Rent Expense Supplemental": 5067000.0,
        "Total Operating Income As Reported": -32217000.0,
        "Diluted Average Shares": 18815295.0,
        "Basic Average Shares": 18815295.0,
        "Diluted EPS": -1.5,
        "Basic EPS": -1.5,
        "Diluted NI Availto Com Stockholders": -28143000.0,
        "Net Income Common Stockholders": -28143000.0,
        "Net Income": -28143000.0,
        "Net Income Including Noncontrolling Interests": -28143000.0,
        "Net Income Continuous Operations": -28143000.0,
        "Tax Provision": -11226000.0,
        "Pretax Income": -39369000.0,
        "Net Non Operating Interest Income Expense": -7152000.0,
        "Interest Expense Non Operating": 7152000.0,
        "Operating Income": -32217000.0,
        "Operating Expense": 14790000.0,
        "Other Operating Expenses": 6360000.0,
        "Depreciation Amortization Depletion Income Statement": 899000.0,
        "Depreciation And Amortization In Income Statement": 899000.0,
        "Selling General And Administration": 7531000.0,
        "General And Administrative Expense": 7531000.0,
        "Other Gand A": 2464000.0,
        "Rent And Landing Fees": 5067000.0,
        "Gross Profit": -17427000.0,
        "Cost Of Revenue": 48116000.0,
        "Total Revenue": 30689000.0,
        "Operating Revenue": 30689000.0
    }
}