{
    "2023-03-31": {
        "Tax Effect Of Unusual Items": 2678.149606,
        "Tax Rate For Calcs": 0.267815,
        "Total Unusual Items": 10000.0,
        "Total Unusual Items Excluding Goodwill": 10000.0,
        "Net Income From Continuing Operation Net Minority Interest": -37190000.0,
        "Reconciled Depreciation": 9209000.0,
        "Net Interest Income": 5349000.0,
        "Interest Expense": 12896000.0,
        "Interest Income": 18245000.0,
        "Normalized Income": -37197321.850394,
        "Net Income From Continuing And Discontinued Operation": -37190000.0,
        "Diluted Average Shares": 60900000.0,
        "Basic Average Shares": 60900000.0,
        "Diluted EPS": -0.61,
        "Basic EPS": -0.61,
        "Diluted NI Availto Com Stockholders": -37190000.0,
        "Net Income Common Stockholders": -37190000.0,
        "Net Income": -37190000.0,
        "Minority Interests": 5000.0,
        "Net Income Including Noncontrolling Interests": -37195000.0,
        "Net Income Continuous Operations": -37195000.0,
        "Tax Provision": -13605000.0,
        "Pretax Income": -50800000.0,
        "Special Income Charges": 10000.0,
        "Restructuring And Mergern Acquisition": -10000.0,
        "Gain On Sale Of Security": -4635000.0,
        "Depreciation Amortization Depletion Income Statement": 3738000.0,
        "Depreciation And Amortization In Income Statement": 3738000.0,
        "Selling General And Administration": 120652000.0,
        "Selling And Marketing Expense": 5841000.0,
        "General And Administrative Expense": 114811000.0,
        "Other Gand A": 3691000.0,
        "Salaries And Wages": 111120000.0,
        "Total Revenue": 105787000.0,
        "Operating Revenue": 105787000.0
    },
    "2022-12-31": {
        "Tax Effect Of Unusual Items": 0.0,
        "Tax Rate For Calcs": 0.354187,
        "Total Unusual Items": 0.0,
        "Total Unusual Items Excluding Goodwill": 0.0,
        "Net Income From Continuing Operation Net Minority Interest": -15006000.0,
        "Reconciled Depreciation": 7473000.0,
        "Net Interest Income": 6711000.0,
        "Interest Expense": 13772000.0,
        "Interest Income": 20483000.0,
        "Normalized Income": -15006000.0,
        "Net Income From Continuing And Discontinued Operation": -15006000.0,
        "Diluted Average Shares": 60914000.0,
        "Basic Average Shares": 60914000.0,
        "Diluted EPS": -0.25,
        "Basic EPS": -0.25,
        "Diluted NI Availto Com Stockholders": -15006000.0,
        "Net Income Common Stockholders": -15006000.0,
        "Net Income": -15006000.0,
        "Minority Interests": -7000.0,
        "Net Income Including Noncontrolling Interests": -14999000.0,
        "Net Income Continuous Operations": -14999000.0,
        "Tax Provision": -8226000.0,
        "Pretax Income": -23225000.0,
        "Special Income Charges": 0.0,
        "Restructuring And Mergern Acquisition": 0.0,
        "Gain On Sale Of Security": -75397000.0,
        "Depreciation Amortization Depletion Income Statement": 3909000.0,
        "Depreciation And Amortization In Income Statement": 3909000.0,
        "Selling General And Administration": 124188000.0,
        "Selling And Marketing Expense": 3812000.0,
        "General And Administrative Expense": 120376000.0,
        "Other Gand A": 4084000.0,
        "Salaries And Wages": 116292000.0,
        "Total Revenue": 140499000.0,
        "Operating Revenue": 140499000.0
    },
    "2022-09-30": {
        "Tax Effect Of Unusual Items": 0.0,
        "Tax Rate For Calcs": 0.107524,
        "Total Unusual Items": -327000.0,
        "Total Unusual Items Excluding Goodwill": -327000.0,
        "Net Income From Continuing Operation Net Minority Interest": 77374000.0,
        "Reconciled Depreciation": 3895000.0,
        "Net Interest Income": 6251000.0,
        "Interest Expense": 11324000.0,
        "Interest Income": 17575000.0,
        "Normalized Income": 77374000.0,
        "Net Income From Continuing And Discontinued Operation": 77374000.0,
        "Diluted Average Shares": 61563000.0,
        "Basic Average Shares": 60893000.0,
        "Diluted EPS": 1.26,
        "Basic EPS": 1.27,
        "Diluted NI Availto Com Stockholders": 77374000.0,
        "Net Income Common Stockholders": 77374000.0,
        "Net Income": 77374000.0,
        "Minority Interests": 7000.0,
        "Net Income Including Noncontrolling Interests": 77367000.0,
        "Net Income Continuous Operations": 77367000.0,
        "Tax Provision": 9321000.0,
        "Pretax Income": 86688000.0,
        "Special Income Charges": -327000.0,
        "Restructuring And Mergern Acquisition": 327000.0,
        "Gain On Sale Of Security": 67467000.0,
        "Depreciation Amortization Depletion Income Statement": 3895000.0,
        "Depreciation And Amortization In Income Statement": 3895000.0,
        "Selling General And Administration": 156784000.0,
        "Selling And Marketing Expense": 2657000.0,
        "General And Administrative Expense": 156784000.0,
        "Other Gand A": 19412000.0,
        "Salaries And Wages": 137372000.0,
        "Total Revenue": 261220000.0,
        "Operating Revenue": 261220000.0
    },
    "2022-06-30": {
        "Tax Effect Of Unusual Items": 0.0,
        "Tax Rate For Calcs": 0.256489,
        "Total Unusual Items": 16511000.0,
        "Total Unusual Items Excluding Goodwill": 16511000.0,
        "Net Income From Continuing Operation Net Minority Interest": 58272000.0,
        "Reconciled Depreciation": 3808000.0,
        "Net Interest Income": 3874000.0,
        "Interest Expense": 10949000.0,
        "Interest Income": 14823000.0,
        "Normalized Income": 58272000.0,
        "Net Income From Continuing And Discontinued Operation": 58272000.0,
        "Diluted Average Shares": 61650000.0,
        "Basic Average Shares": 61064000.0,
        "Diluted EPS": 0.95,
        "Basic EPS": 0.95,
        "Diluted NI Availto Com Stockholders": 58272000.0,
        "Net Income Common Stockholders": 58272000.0,
        "Net Income": 58272000.0,
        "Minority Interests": -17000.0,
        "Net Income Including Noncontrolling Interests": 58289000.0,
        "Net Income Continuous Operations": 58289000.0,
        "Tax Provision": 20108000.0,
        "Pretax Income": 78397000.0,
        "Special Income Charges": 16511000.0,
        "Restructuring And Mergern Acquisition": -16511000.0,
        "Gain On Sale Of Security": -73407000.0,
        "Depreciation Amortization Depletion Income Statement": 3808000.0,
        "Depreciation And Amortization In Income Statement": 3808000.0,
        "Selling General And Administration": 184563000.0,
        "Selling And Marketing Expense": 6908000.0,
        "General And Administrative Expense": 184563000.0,
        "Other Gand A": 6371000.0,
        "Salaries And Wages": 178192000.0,
        "Total Revenue": 287537000.0,
        "Operating Revenue": 287537000.0
    },
    "2022-03-31": {
        "Diluted EPS": 3.38,
        "Total Revenue": 482,
        "Gross Profit": 482,
        "Operating Income": 278,
        "EBIT": 287,
        "Net Income": 208
    },
    "2021-12-31": {
        "Diluted EPS": 0.68,
        "Total Revenue": 343,
        "Gross Profit": 343,
        "Operating Income": 62,
        "EBIT": 76,
        "Net Income": 42
    },
    "2021-09-30": {
        "Diluted EPS": 1.17,
        "Total Revenue": 413,
        "Gross Profit": 413,
        "Operating Income": 95,
        "EBIT": 103,
        "Net Income": 72
    },
    "2021-06-30": {
        "Diluted EPS": 0.15,
        "Total Revenue": 294,
        "Gross Profit": 294,
        "Operating Income": 13,
        "EBIT": 19,
        "Net Income": 9
    },
    "2021-03-31": {
        "Diluted EPS": 2.67,
        "Total Revenue": 526,
        "Gross Profit": 526,
        "Operating Income": 216,
        "EBIT": 222,
        "Net Income": 161
    },
    "2020-12-31": {
        "Diluted EPS": 0.0,
        "Total Revenue": 453,
        "Gross Profit": 453,
        "Operating Income": 107,
        "EBIT": 112,
        "Net Income": 79
    },
    "2020-09-30": {
        "Diluted EPS": 0.0,
        "Total Revenue": 564,
        "Gross Profit": 564,
        "Operating Income": 247,
        "EBIT": 254,
        "Net Income": 182
    },
    "2020-06-30": {
        "Diluted EPS": 0.0,
        "Total Revenue": 435,
        "Gross Profit": 435,
        "Operating Income": 164,
        "EBIT": 170,
        "Net Income": 123
    },
    "2020-03-31": {
        "Diluted EPS": 0.0,
        "Total Revenue": 170,
        "Gross Profit": 170,
        "Operating Income": -15,
        "EBIT": -8,
        "Net Income": -13
    },
    "2019-12-31": {
        "Diluted EPS": 0.0,
        "Total Revenue": NaN,
        "Gross Profit": NaN,
        "Operating Income": NaN,
        "EBIT": NaN,
        "Net Income": NaN
    },
    "2019-09-30": {
        "Diluted EPS": 0.0,
        "Total Revenue": 218,
        "Gross Profit": 218,
        "Operating Income": 7,
        "EBIT": 7,
        "Net Income": 8
    },
    "2023-06-30": {
        "Tax Effect Of Unusual Items": -336815.090898,
        "Tax Rate For Calcs": 0.267739,
        "Total Unusual Items": -1258000.0,
        "Total Unusual Items Excluding Goodwill": -1258000.0,
        "Net Income From Continuing Operation Net Minority Interest": 36936000.0,
        "Reconciled Depreciation": 9078000.0,
        "Net Interest Income": 8144000.0,
        "Interest Expense": 18440000.0,
        "Interest Income": 26584000.0,
        "Normalized Income": 37857184.909102,
        "Net Income From Continuing And Discontinued Operation": 36936000.0,
        "Diluted Average Shares": 61801000.0,
        "Basic Average Shares": 60962000.0,
        "Diluted EPS": 0.6,
        "Basic EPS": 0.61,
        "Diluted NI Availto Com Stockholders": 36936000.0,
        "Net Income Common Stockholders": 36936000.0,
        "Net Income": 36936000.0,
        "Minority Interests": 0.0,
        "Net Income Including Noncontrolling Interests": 36936000.0,
        "Net Income Continuous Operations": 36936000.0,
        "Tax Provision": 13505000.0,
        "Pretax Income": 50441000.0,
        "Special Income Charges": -1258000.0,
        "Restructuring And Mergern Acquisition": 1258000.0,
        "Gain On Sale Of Security": 16295000.0,
        "Depreciation Amortization Depletion Income Statement": 3661000.0,
        "Depreciation And Amortization In Income Statement": 3661000.0,
        "Selling General And Administration": 153422000.0,
        "Selling And Marketing Expense": 4221000.0,
        "General And Administrative Expense": 149201000.0,
        "Other Gand A": 4298000.0,
        "Salaries And Wages": 144903000.0,
        "Total Revenue": 239927000.0,
        "Operating Revenue": 239927000.0
    },
    "2023-09-30": {
        "Tax Effect Of Unusual Items": 100449.793953,
        "Tax Rate For Calcs": 0.262271,
        "Total Unusual Items": 383000.0,
        "Total Unusual Items Excluding Goodwill": 383000.0,
        "Net Income From Continuing Operation Net Minority Interest": 54249000.0,
        "Reconciled Depreciation": 8995000.0,
        "Net Interest Income": 10614000.0,
        "Interest Expense": 20734000.0,
        "Interest Income": 31348000.0,
        "Normalized Income": 53966449.793953,
        "Net Income From Continuing And Discontinued Operation": 54249000.0,
        "Diluted Average Shares": 61913000.0,
        "Basic Average Shares": 60956000.0,
        "Diluted EPS": 0.88,
        "Basic EPS": 0.89,
        "Diluted NI Availto Com Stockholders": 54249000.0,
        "Net Income Common Stockholders": 54249000.0,
        "Net Income": 54249000.0,
        "Minority Interests": 6000.0,
        "Net Income Including Noncontrolling Interests": 54243000.0,
        "Net Income Continuous Operations": 54243000.0,
        "Tax Provision": 19284000.0,
        "Pretax Income": 73527000.0,
        "Special Income Charges": 383000.0,
        "Restructuring And Mergern Acquisition": -383000.0,
        "Gain On Sale Of Security": 4093000.0,
        "Depreciation Amortization Depletion Income Statement": 3664000.0,
        "Depreciation And Amortization In Income Statement": 3664000.0,
        "Selling General And Administration": 150283000.0,
        "Selling And Marketing Expense": 3116000.0,
        "General And Administrative Expense": 147167000.0,
        "Other Gand A": 4530000.0,
        "Salaries And Wages": 142637000.0,
        "Total Revenue": 260286000.0,
        "Operating Revenue": 260286000.0
    },
    "2023-12-31": {
        "Tax Effect Of Unusual Items": -263537.6491,
        "Tax Rate For Calcs": 0.219432,
        "Total Unusual Items": -1201000.0,
        "Total Unusual Items Excluding Goodwill": -1201000.0,
        "Net Income From Continuing Operation Net Minority Interest": -93004000.0,
        "Reconciled Depreciation": 8725000.0,
        "Net Interest Income": 9699000.0,
        "Interest Expense": 18528000.0,
        "Interest Income": 28227000.0,
        "Normalized Income": -92066537.6491,
        "Net Income From Continuing And Discontinued Operation": -93004000.0,
        "Diluted Average Shares": 61049000.0,
        "Basic Average Shares": 61049000.0,
        "Diluted EPS": -1.52,
        "Basic EPS": -1.52,
        "Diluted NI Availto Com Stockholders": -93004000.0,
        "Net Income Common Stockholders": -93004000.0,
        "Net Income": -93004000.0,
        "Minority Interests": 117000.0,
        "Net Income Including Noncontrolling Interests": -93121000.0,
        "Net Income Continuous Operations": -93121000.0,
        "Tax Provision": -26178000.0,
        "Pretax Income": -119299000.0,
        "Special Income Charges": -1201000.0,
        "Restructuring And Mergern Acquisition": 1201000.0,
        "Gain On Sale Of Security": -27734000.0,
        "Depreciation Amortization Depletion Income Statement": 3517000.0,
        "Depreciation And Amortization In Income Statement": 3517000.0,
        "Selling General And Administration": 141440000.0,
        "Selling And Marketing Expense": 4955000.0,
        "General And Administrative Expense": 136485000.0,
        "Other Gand A": 5284000.0,
        "Salaries And Wages": 131201000.0,
        "Total Revenue": 57862000.0,
        "Operating Revenue": 57862000.0
    }
}