{
    "2023-03-31": {
        "Tax Effect Of Unusual Items": 0.0,
        "Tax Rate For Calcs": 0.095865,
        "Normalized EBITDA": 1287000.0,
        "Total Unusual Items": NaN,
        "Total Unusual Items Excluding Goodwill": NaN,
        "Net Income From Continuing Operation Net Minority Interest": -481000.0,
        "Reconciled Depreciation": 1519000.0,
        "Reconciled Cost Of Revenue": 34625000.0,
        "EBITDA": 1287000.0,
        "EBIT": -232000.0,
        "Net Interest Income": -242000.0,
        "Interest Expense": 300000.0,
        "Interest Income": 58000.0,
        "Normalized Income": -481000.0,
        "Net Income From Continuing And Discontinued Operation": -481000.0,
        "Total Expenses": 43379000.0,
        "Total Operating Income As Reported": -352000.0,
        "Diluted Average Shares": NaN,
        "Basic Average Shares": NaN,
        "Diluted EPS": NaN,
        "Basic EPS": NaN,
        "Diluted NI Availto Com Stockholders": -481000.0,
        "Net Income Common Stockholders": -481000.0,
        "Net Income": -481000.0,
        "Net Income Including Noncontrolling Interests": -481000.0,
        "Net Income Continuous Operations": -481000.0,
        "Tax Provision": -51000.0,
        "Pretax Income": -532000.0,
        "Other Income Expense": 62000.0,
        "Other Non Operating Income Expenses": 62000.0,
        "Special Income Charges": NaN,
        "Other Special Charges": NaN,
        "Net Non Operating Interest Income Expense": -242000.0,
        "Total Other Finance Cost": NaN,
        "Interest Expense Non Operating": 300000.0,
        "Interest Income Non Operating": 58000.0,
        "Operating Income": -352000.0,
        "Operating Expense": 7509000.0,
        "Depreciation Amortization Depletion Income Statement": 274000.0,
        "Depreciation And Amortization In Income Statement": 274000.0,
        "Amortization": 274000.0,
        "Amortization Of Intangibles Income Statement": 274000.0,
        "Selling General And Administration": 7235000.0,
        "Gross Profit": 7157000.0,
        "Cost Of Revenue": 35870000.0,
        "Total Revenue": 43027000.0,
        "Operating Revenue": 43027000.0
    },
    "2022-12-31": {
        "Tax Effect Of Unusual Items": NaN,
        "Tax Rate For Calcs": NaN,
        "Normalized EBITDA": NaN,
        "Total Unusual Items": 0.0,
        "Total Unusual Items Excluding Goodwill": 0.0,
        "Net Income From Continuing Operation Net Minority Interest": NaN,
        "Reconciled Depreciation": NaN,
        "Reconciled Cost Of Revenue": NaN,
        "EBITDA": NaN,
        "EBIT": NaN,
        "Net Interest Income": NaN,
        "Interest Expense": NaN,
        "Interest Income": 39000.0,
        "Normalized Income": NaN,
        "Net Income From Continuing And Discontinued Operation": NaN,
        "Total Expenses": NaN,
        "Total Operating Income As Reported": NaN,
        "Diluted Average Shares": 10660000.0,
        "Basic Average Shares": 10611000.0,
        "Diluted EPS": 0.03,
        "Basic EPS": 0.03,
        "Diluted NI Availto Com Stockholders": NaN,
        "Net Income Common Stockholders": NaN,
        "Net Income": NaN,
        "Net Income Including Noncontrolling Interests": NaN,
        "Net Income Continuous Operations": NaN,
        "Tax Provision": NaN,
        "Pretax Income": NaN,
        "Other Income Expense": NaN,
        "Other Non Operating Income Expenses": NaN,
        "Special Income Charges": 0.0,
        "Other Special Charges": NaN,
        "Net Non Operating Interest Income Expense": NaN,
        "Total Other Finance Cost": NaN,
        "Interest Expense Non Operating": NaN,
        "Interest Income Non Operating": 39000.0,
        "Operating Income": NaN,
        "Operating Expense": NaN,
        "Depreciation Amortization Depletion Income Statement": NaN,
        "Depreciation And Amortization In Income Statement": NaN,
        "Amortization": NaN,
        "Amortization Of Intangibles Income Statement": NaN,
        "Selling General And Administration": NaN,
        "Gross Profit": NaN,
        "Cost Of Revenue": NaN,
        "Total Revenue": NaN,
        "Operating Revenue": NaN
    },
    "2022-09-30": {
        "Tax Effect Of Unusual Items": NaN,
        "Tax Rate For Calcs": NaN,
        "Normalized EBITDA": NaN,
        "Total Unusual Items": NaN,
        "Total Unusual Items Excluding Goodwill": NaN,
        "Net Income From Continuing Operation Net Minority Interest": NaN,
        "Reconciled Depreciation": NaN,
        "Reconciled Cost Of Revenue": NaN,
        "EBITDA": NaN,
        "EBIT": NaN,
        "Net Interest Income": NaN,
        "Interest Expense": NaN,
        "Interest Income": 24000.0,
        "Normalized Income": NaN,
        "Net Income From Continuing And Discontinued Operation": NaN,
        "Total Expenses": NaN,
        "Total Operating Income As Reported": NaN,
        "Diluted Average Shares": 10617000.0,
        "Basic Average Shares": 10617000.0,
        "Diluted EPS": -0.02,
        "Basic EPS": -0.02,
        "Diluted NI Availto Com Stockholders": NaN,
        "Net Income Common Stockholders": NaN,
        "Net Income": NaN,
        "Net Income Including Noncontrolling Interests": NaN,
        "Net Income Continuous Operations": NaN,
        "Tax Provision": NaN,
        "Pretax Income": NaN,
        "Other Income Expense": NaN,
        "Other Non Operating Income Expenses": NaN,
        "Special Income Charges": NaN,
        "Other Special Charges": NaN,
        "Net Non Operating Interest Income Expense": NaN,
        "Total Other Finance Cost": 246000.0,
        "Interest Expense Non Operating": NaN,
        "Interest Income Non Operating": 24000.0,
        "Operating Income": NaN,
        "Operating Expense": NaN,
        "Depreciation Amortization Depletion Income Statement": NaN,
        "Depreciation And Amortization In Income Statement": NaN,
        "Amortization": NaN,
        "Amortization Of Intangibles Income Statement": NaN,
        "Selling General And Administration": NaN,
        "Gross Profit": NaN,
        "Cost Of Revenue": NaN,
        "Total Revenue": NaN,
        "Operating Revenue": NaN
    },
    "2022-06-30": {
        "Tax Effect Of Unusual Items": 0.0,
        "Tax Rate For Calcs": 0.241302,
        "Normalized EBITDA": 2531000.0,
        "Net Income From Continuing Operation Net Minority Interest": 676000.0,
        "Reconciled Depreciation": 1475000.0,
        "Reconciled Cost Of Revenue": 28130000.0,
        "EBITDA": 2531000.0,
        "EBIT": 1056000.0,
        "Net Interest Income": -157000.0,
        "Interest Expense": 165000.0,
        "Interest Income": 8000.0,
        "Normalized Income": 676000.0,
        "Net Income From Continuing And Discontinued Operation": 676000.0,
        "Total Expenses": 35090000.0,
        "Total Operating Income As Reported": 985000.0,
        "Diluted Average Shares": 10630000.0,
        "Basic Average Shares": 10610000.0,
        "Diluted EPS": 0.06,
        "Basic EPS": 0.06,
        "Diluted NI Availto Com Stockholders": 676000.0,
        "Net Income Common Stockholders": 676000.0,
        "Net Income": 676000.0,
        "Net Income Including Noncontrolling Interests": 676000.0,
        "Net Income Continuous Operations": 676000.0,
        "Tax Provision": 215000.0,
        "Pretax Income": 891000.0,
        "Other Income Expense": 63000.0,
        "Other Non Operating Income Expenses": 63000.0,
        "Net Non Operating Interest Income Expense": -157000.0,
        "Interest Expense Non Operating": 165000.0,
        "Interest Income Non Operating": 8000.0,
        "Operating Income": 985000.0,
        "Operating Expense": 5759000.0,
        "Depreciation Amortization Depletion Income Statement": 274000.0,
        "Depreciation And Amortization In Income Statement": 274000.0,
        "Amortization": 274000.0,
        "Amortization Of Intangibles Income Statement": 274000.0,
        "Selling General And Administration": 5485000.0,
        "General And Administrative Expense": 5485000.0,
        "Other Gand A": 5485000.0,
        "Gross Profit": 6744000.0,
        "Cost Of Revenue": 29331000.0,
        "Total Revenue": 36075000.0,
        "Operating Revenue": 36075000.0
    },
    "2022-03-31": {
        "Diluted EPS": -0.12,
        "Total Revenue": 40,
        "Gross Profit": 4,
        "Operating Income": -2,
        "EBIT": 0,
        "Net Income": -1
    },
    "2021-12-31": {
        "Diluted EPS": -0.35,
        "Total Revenue": 29,
        "Gross Profit": 1,
        "Operating Income": -5,
        "EBIT": -3,
        "Net Income": -4
    },
    "2021-09-30": {
        "Diluted EPS": -0.05,
        "Total Revenue": 34,
        "Gross Profit": 3,
        "Operating Income": -1,
        "EBIT": 1,
        "Net Income": 0
    },
    "2021-06-30": {
        "Diluted EPS": -0.31,
        "Total Revenue": 20,
        "Gross Profit": 1,
        "Operating Income": -4,
        "EBIT": -3,
        "Net Income": -3
    },
    "2021-03-31": {
        "Diluted EPS": 0.04,
        "Total Revenue": 26,
        "Gross Profit": 5,
        "Operating Income": 1,
        "EBIT": 2,
        "Net Income": 0
    },
    "2020-12-31": {
        "Diluted EPS": 0.11,
        "Total Revenue": 27,
        "Gross Profit": 6,
        "Operating Income": 1,
        "EBIT": 2,
        "Net Income": 1
    },
    "2020-09-30": {
        "Diluted EPS": 0.27,
        "Total Revenue": 28,
        "Gross Profit": 8,
        "Operating Income": 3,
        "EBIT": 4,
        "Net Income": 3
    },
    "2020-06-30": {
        "Diluted EPS": -0.18,
        "Total Revenue": 17,
        "Gross Profit": 2,
        "Operating Income": -2,
        "EBIT": -2,
        "Net Income": -2
    },
    "2020-03-31": {
        "Diluted EPS": 0.06,
        "Total Revenue": 23,
        "Gross Profit": 4,
        "Operating Income": 0,
        "EBIT": 1,
        "Net Income": 1
    },
    "2019-12-31": {
        "Diluted EPS": 0.0,
        "Total Revenue": 25,
        "Gross Profit": 4,
        "Operating Income": 0,
        "EBIT": 0,
        "Net Income": 0
    },
    "2019-09-30": {
        "Diluted EPS": 0.12,
        "Total Revenue": 22,
        "Gross Profit": 5,
        "Operating Income": 1,
        "EBIT": 2,
        "Net Income": 1
    },
    "2019-06-30": {
        "Diluted EPS": 0.01,
        "Total Revenue": 21,
        "Gross Profit": 5,
        "Operating Income": 0,
        "EBIT": 1,
        "Net Income": 0
    },
    "2019-03-31": {
        "Diluted EPS": -0.47,
        "Total Revenue": 24,
        "Gross Profit": 5,
        "Operating Income": 1,
        "EBIT": 8,
        "Net Income": -5
    },
    "2018-12-31": {
        "Diluted EPS": 0.01,
        "Total Revenue": 17,
        "Gross Profit": 4,
        "Operating Income": -1,
        "EBIT": 0,
        "Net Income": 0
    },
    "2018-09-30": {
        "Diluted EPS": 0.19,
        "Total Revenue": 21,
        "Gross Profit": 6,
        "Operating Income": 1,
        "EBIT": 2,
        "Net Income": 2
    },
    "2018-06-30": {
        "Diluted EPS": 0.24,
        "Total Revenue": 30,
        "Gross Profit": 7,
        "Operating Income": 3,
        "EBIT": 3,
        "Net Income": 2
    },
    "2018-03-31": {
        "Diluted EPS": 0.08,
        "Total Revenue": 22,
        "Gross Profit": 5,
        "Operating Income": 1,
        "EBIT": 2,
        "Net Income": 1
    },
    "2017-12-31": {
        "Diluted EPS": -1.19,
        "Total Revenue": 17,
        "Gross Profit": 3,
        "Operating Income": -1,
        "EBIT": 15,
        "Net Income": -12
    },
    "2017-09-30": {
        "Diluted EPS": 0.0,
        "Total Revenue": 17,
        "Gross Profit": 4,
        "Operating Income": 0,
        "EBIT": 1,
        "Net Income": 0
    },
    "2017-06-30": {
        "Diluted EPS": 0.1,
        "Total Revenue": 21,
        "Gross Profit": 5,
        "Operating Income": 1,
        "EBIT": 2,
        "Net Income": 1
    },
    "2017-03-31": {
        "Diluted EPS": 0.19,
        "Total Revenue": 26,
        "Gross Profit": 7,
        "Operating Income": 3,
        "EBIT": 3,
        "Net Income": 2
    },
    "2016-12-31": {
        "Diluted EPS": 0.19,
        "Total Revenue": 23,
        "Gross Profit": 6,
        "Operating Income": 2,
        "EBIT": 3,
        "Net Income": 2
    },
    "2016-09-30": {
        "Diluted EPS": 0.13,
        "Total Revenue": 21,
        "Gross Profit": 5,
        "Operating Income": 2,
        "EBIT": 3,
        "Net Income": 1
    },
    "2016-06-30": {
        "Diluted EPS": 0.01,
        "Total Revenue": 22,
        "Gross Profit": 4,
        "Operating Income": 0,
        "EBIT": 1,
        "Net Income": 0
    },
    "2016-03-31": {
        "Diluted EPS": 0.05,
        "Total Revenue": 22,
        "Gross Profit": 5,
        "Operating Income": 1,
        "EBIT": 2,
        "Net Income": 1
    },
    "2015-12-31": {
        "Diluted EPS": 0.13,
        "Total Revenue": 17,
        "Gross Profit": 4,
        "Operating Income": 0,
        "EBIT": 1,
        "Net Income": 1
    },
    "2015-09-30": {
        "Diluted EPS": 0.2,
        "Total Revenue": 23,
        "Gross Profit": 7,
        "Operating Income": 3,
        "EBIT": 4,
        "Net Income": 2
    },
    "2015-06-30": {
        "Diluted EPS": 0.23,
        "Total Revenue": 28,
        "Gross Profit": 8,
        "Operating Income": 3,
        "EBIT": 4,
        "Net Income": 2
    },
    "2015-03-31": {
        "Diluted EPS": 0.41,
        "Total Revenue": 37,
        "Gross Profit": 13,
        "Operating Income": 8,
        "EBIT": 9,
        "Net Income": 4
    },
    "2014-12-31": {
        "Diluted EPS": 0.39,
        "Total Revenue": 34,
        "Gross Profit": 10,
        "Operating Income": 6,
        "EBIT": 6,
        "Net Income": 4
    },
    "2014-09-30": {
        "Diluted EPS": 0.41,
        "Total Revenue": 36,
        "Gross Profit": 11,
        "Operating Income": 6,
        "EBIT": 7,
        "Net Income": 4
    },
    "2014-06-30": {
        "Diluted EPS": 0.24,
        "Total Revenue": 29,
        "Gross Profit": 8,
        "Operating Income": 4,
        "EBIT": 4,
        "Net Income": 2
    },
    "2014-03-31": {
        "Diluted EPS": 0.22,
        "Total Revenue": 26,
        "Gross Profit": 7,
        "Operating Income": 3,
        "EBIT": 4,
        "Net Income": 2
    },
    "2013-12-31": {
        "Diluted EPS": 0.14,
        "Total Revenue": 23,
        "Gross Profit": 6,
        "Operating Income": 2,
        "EBIT": 3,
        "Net Income": 1
    },
    "2013-09-30": {
        "Diluted EPS": 0.26,
        "Total Revenue": 24,
        "Gross Profit": 8,
        "Operating Income": 4,
        "EBIT": 5,
        "Net Income": 3
    },
    "2013-06-30": {
        "Diluted EPS": 0.38,
        "Total Revenue": 28,
        "Gross Profit": 10,
        "Operating Income": 6,
        "EBIT": 6,
        "Net Income": 4
    },
    "2013-03-31": {
        "Diluted EPS": 0.41,
        "Total Revenue": 31,
        "Gross Profit": 11,
        "Operating Income": 6,
        "EBIT": 6,
        "Net Income": 4
    },
    "2012-12-31": {
        "Diluted EPS": 0.3,
        "Total Revenue": 26,
        "Gross Profit": 7,
        "Operating Income": 4,
        "EBIT": 5,
        "Net Income": 3
    },
    "2012-09-30": {
        "Diluted EPS": 0.26,
        "Total Revenue": 26,
        "Gross Profit": 8,
        "Operating Income": 3,
        "EBIT": 4,
        "Net Income": 3
    },
    "2012-06-30": {
        "Diluted EPS": 0.14,
        "Total Revenue": 23,
        "Gross Profit": 6,
        "Operating Income": 2,
        "EBIT": 3,
        "Net Income": 1
    },
    "2012-03-31": {
        "Diluted EPS": 0.05,
        "Total Revenue": 20,
        "Gross Profit": 5,
        "Operating Income": 2,
        "EBIT": 2,
        "Net Income": 0
    },
    "2011-12-31": {
        "Diluted EPS": 0.16,
        "Total Revenue": 24,
        "Gross Profit": 6,
        "Operating Income": 3,
        "EBIT": 3,
        "Net Income": 2
    },
    "2011-09-30": {
        "Diluted EPS": 0.55,
        "Total Revenue": 34,
        "Gross Profit": 13,
        "Operating Income": 8,
        "EBIT": 9,
        "Net Income": 5
    },
    "2011-06-30": {
        "Diluted EPS": 0.3,
        "Total Revenue": 25,
        "Gross Profit": 8,
        "Operating Income": 4,
        "EBIT": 5,
        "Net Income": 3
    },
    "2011-03-31": {
        "Diluted EPS": 0.26,
        "Total Revenue": 26,
        "Gross Profit": 8,
        "Operating Income": 4,
        "EBIT": 5,
        "Net Income": 3
    },
    "2010-12-31": {
        "Diluted EPS": 0.08,
        "Total Revenue": 19,
        "Gross Profit": 5,
        "Operating Income": 1,
        "EBIT": 2,
        "Net Income": 1
    },
    "2010-09-30": {
        "Diluted EPS": 0.16,
        "Total Revenue": 16,
        "Gross Profit": 5,
        "Operating Income": 2,
        "EBIT": 3,
        "Net Income": 2
    },
    "2010-06-30": {
        "Diluted EPS": 0.09,
        "Total Revenue": 13,
        "Gross Profit": 4,
        "Operating Income": 1,
        "EBIT": 2,
        "Net Income": 1
    },
    "2010-03-31": {
        "Diluted EPS": 0.06,
        "Total Revenue": 14,
        "Gross Profit": 4,
        "Operating Income": 1,
        "EBIT": 2,
        "Net Income": 1
    },
    "2009-12-31": {
        "Diluted EPS": 0.08,
        "Total Revenue": 12,
        "Gross Profit": 4,
        "Operating Income": 1,
        "EBIT": 2,
        "Net Income": 1
    },
    "2009-09-30": {
        "Diluted EPS": 0.15,
        "Total Revenue": 16,
        "Gross Profit": 6,
        "Operating Income": 3,
        "EBIT": 3,
        "Net Income": 1
    },
    "2009-06-30": {
        "Diluted EPS": 0.35,
        "Total Revenue": 20,
        "Gross Profit": 8,
        "Operating Income": 5,
        "EBIT": 5,
        "Net Income": 4
    },
    "2009-03-31": {
        "Diluted EPS": 0.35,
        "Total Revenue": 25,
        "Gross Profit": 10,
        "Operating Income": 6,
        "EBIT": 6,
        "Net Income": 4
    },
    "2023-06-30": {
        "Tax Effect Of Unusual Items": 0.0,
        "Tax Rate For Calcs": 0.225,
        "Normalized EBITDA": 4830000.0,
        "Total Unusual Items": NaN,
        "Total Unusual Items Excluding Goodwill": NaN,
        "Net Income From Continuing Operation Net Minority Interest": 2640000.0,
        "Reconciled Depreciation": 1239000.0,
        "Reconciled Cost Of Revenue": 35627000.0,
        "EBITDA": 4830000.0,
        "EBIT": 3591000.0,
        "Net Interest Income": -185000.0,
        "Interest Expense": 185000.0,
        "Interest Income": NaN,
        "Normalized Income": 2640000.0,
        "Net Income From Continuing And Discontinued Operation": 2640000.0,
        "Total Expenses": 43885000.0,
        "Total Operating Income As Reported": 3684000.0,
        "Diluted Average Shares": 10719000.0,
        "Basic Average Shares": 10653000.0,
        "Diluted EPS": 0.25,
        "Basic EPS": 0.25,
        "Diluted NI Availto Com Stockholders": 2640000.0,
        "Net Income Common Stockholders": 2640000.0,
        "Net Income": 2640000.0,
        "Net Income Including Noncontrolling Interests": 2640000.0,
        "Net Income Continuous Operations": 2640000.0,
        "Tax Provision": 766000.0,
        "Pretax Income": 3406000.0,
        "Other Income Expense": -93000.0,
        "Other Non Operating Income Expenses": -93000.0,
        "Special Income Charges": NaN,
        "Other Special Charges": NaN,
        "Net Non Operating Interest Income Expense": -185000.0,
        "Total Other Finance Cost": NaN,
        "Interest Expense Non Operating": 185000.0,
        "Interest Income Non Operating": NaN,
        "Operating Income": 3684000.0,
        "Operating Expense": 7293000.0,
        "Depreciation Amortization Depletion Income Statement": 274000.0,
        "Depreciation And Amortization In Income Statement": 274000.0,
        "Amortization": 274000.0,
        "Amortization Of Intangibles Income Statement": 274000.0,
        "Selling General And Administration": 7019000.0,
        "Gross Profit": 10977000.0,
        "Cost Of Revenue": 36592000.0,
        "Total Revenue": 47569000.0,
        "Operating Revenue": 47569000.0
    },
    "2023-09-30": {
        "Tax Effect Of Unusual Items": 0.0,
        "Tax Rate For Calcs": 0.37,
        "Normalized EBITDA": 1910000.0,
        "Total Unusual Items": NaN,
        "Total Unusual Items Excluding Goodwill": NaN,
        "Net Income From Continuing Operation Net Minority Interest": 411000.0,
        "Reconciled Depreciation": 1201000.0,
        "Reconciled Cost Of Revenue": 36957000.0,
        "EBITDA": 1910000.0,
        "EBIT": 709000.0,
        "Net Interest Income": -55000.0,
        "Interest Expense": 55000.0,
        "Interest Income": NaN,
        "Normalized Income": 411000.0,
        "Net Income From Continuing And Discontinued Operation": 411000.0,
        "Total Expenses": 44273000.0,
        "Total Operating Income As Reported": 803000.0,
        "Diluted Average Shares": 10810000.0,
        "Basic Average Shares": 10699000.0,
        "Diluted EPS": 0.04,
        "Basic EPS": 0.04,
        "Diluted NI Availto Com Stockholders": 411000.0,
        "Net Income Common Stockholders": 411000.0,
        "Net Income": 411000.0,
        "Net Income Including Noncontrolling Interests": 411000.0,
        "Net Income Continuous Operations": 411000.0,
        "Tax Provision": 243000.0,
        "Pretax Income": 654000.0,
        "Other Income Expense": -94000.0,
        "Other Non Operating Income Expenses": -94000.0,
        "Special Income Charges": NaN,
        "Other Special Charges": NaN,
        "Net Non Operating Interest Income Expense": -55000.0,
        "Total Other Finance Cost": 55000.0,
        "Interest Expense Non Operating": 55000.0,
        "Interest Income Non Operating": NaN,
        "Operating Income": 803000.0,
        "Operating Expense": 6388000.0,
        "Depreciation Amortization Depletion Income Statement": 273000.0,
        "Depreciation And Amortization In Income Statement": 273000.0,
        "Amortization": 273000.0,
        "Amortization Of Intangibles Income Statement": 273000.0,
        "Selling General And Administration": 6115000.0,
        "Gross Profit": 7191000.0,
        "Cost Of Revenue": 37885000.0,
        "Total Revenue": 45076000.0,
        "Operating Revenue": 45076000.0
    },
    "2023-12-31": {
        "Tax Effect Of Unusual Items": -152460.0,
        "Tax Rate For Calcs": 0.21,
        "Normalized EBITDA": 2240000.0,
        "Total Unusual Items": -726000.0,
        "Total Unusual Items Excluding Goodwill": -726000.0,
        "Net Income From Continuing Operation Net Minority Interest": 165000.0,
        "Reconciled Depreciation": 1422000.0,
        "Reconciled Cost Of Revenue": 33056000.0,
        "EBITDA": 1514000.0,
        "EBIT": 92000.0,
        "Net Interest Income": -37000.0,
        "Interest Expense": 37000.0,
        "Interest Income": NaN,
        "Normalized Income": 738540.0,
        "Net Income From Continuing And Discontinued Operation": 165000.0,
        "Total Expenses": 42907000.0,
        "Total Operating Income As Reported": 911000.0,
        "Diluted Average Shares": 10920000.0,
        "Basic Average Shares": 10775000.0,
        "Diluted EPS": 0.02,
        "Basic EPS": 0.02,
        "Diluted NI Availto Com Stockholders": 165000.0,
        "Net Income Common Stockholders": 165000.0,
        "Net Income": 165000.0,
        "Net Income Including Noncontrolling Interests": 165000.0,
        "Net Income Continuous Operations": 165000.0,
        "Tax Provision": -110000.0,
        "Pretax Income": 55000.0,
        "Other Income Expense": -819000.0,
        "Other Non Operating Income Expenses": -93000.0,
        "Special Income Charges": -726000.0,
        "Other Special Charges": 726000.0,
        "Net Non Operating Interest Income Expense": -37000.0,
        "Total Other Finance Cost": NaN,
        "Interest Expense Non Operating": 37000.0,
        "Interest Income Non Operating": NaN,
        "Operating Income": 911000.0,
        "Operating Expense": 8812000.0,
        "Depreciation Amortization Depletion Income Statement": 383000.0,
        "Depreciation And Amortization In Income Statement": 383000.0,
        "Amortization": 383000.0,
        "Amortization Of Intangibles Income Statement": 383000.0,
        "Selling General And Administration": 8429000.0,
        "Gross Profit": 9723000.0,
        "Cost Of Revenue": 34095000.0,
        "Total Revenue": 43818000.0,
        "Operating Revenue": 43818000.0
    },
    "2024-03-31": {
        "Tax Effect Of Unusual Items": 0.0,
        "Tax Rate For Calcs": 0.081563,
        "Normalized EBITDA": 3000000.0,
        "Total Unusual Items": 0.0,
        "Total Unusual Items Excluding Goodwill": 0.0,
        "Net Income From Continuing Operation Net Minority Interest": 1340000.0,
        "Reconciled Depreciation": 1570000.0,
        "Reconciled Cost Of Revenue": 35242000.0,
        "EBITDA": 3000000.0,
        "EBIT": 1430000.0,
        "Net Interest Income": 29000.0,
        "Interest Expense": -29000.0,
        "Interest Income": NaN,
        "Normalized Income": 1340000.0,
        "Net Income From Continuing And Discontinued Operation": 1340000.0,
        "Total Expenses": 47546000.0,
        "Total Operating Income As Reported": 1524000.0,
        "Diluted Average Shares": NaN,
        "Basic Average Shares": NaN,
        "Diluted EPS": NaN,
        "Basic EPS": NaN,
        "Diluted NI Availto Com Stockholders": 1340000.0,
        "Net Income Common Stockholders": 1340000.0,
        "Net Income": 1340000.0,
        "Net Income Including Noncontrolling Interests": 1340000.0,
        "Net Income Continuous Operations": 1340000.0,
        "Tax Provision": 119000.0,
        "Pretax Income": 1459000.0,
        "Other Income Expense": -94000.0,
        "Other Non Operating Income Expenses": -94000.0,
        "Special Income Charges": 0.0,
        "Other Special Charges": 0.0,
        "Net Non Operating Interest Income Expense": 29000.0,
        "Total Other Finance Cost": NaN,
        "Interest Expense Non Operating": -29000.0,
        "Interest Income Non Operating": NaN,
        "Operating Income": 1524000.0,
        "Operating Expense": 11170000.0,
        "Depreciation Amortization Depletion Income Statement": 436000.0,
        "Depreciation And Amortization In Income Statement": 436000.0,
        "Amortization": 436000.0,
        "Amortization Of Intangibles Income Statement": 436000.0,
        "Selling General And Administration": 10654000.0,
        "Gross Profit": 12694000.0,
        "Cost Of Revenue": 36376000.0,
        "Total Revenue": 49070000.0,
        "Operating Revenue": 49070000.0
    }
}