{
    "2023-03-31": {
        "Tax Effect Of Unusual Items": NaN,
        "Tax Rate For Calcs": NaN,
        "Normalized EBITDA": NaN,
        "Total Unusual Items": NaN,
        "Total Unusual Items Excluding Goodwill": NaN,
        "Net Income From Continuing Operation Net Minority Interest": NaN,
        "Reconciled Depreciation": NaN,
        "Reconciled Cost Of Revenue": NaN,
        "EBITDA": NaN,
        "EBIT": NaN,
        "Net Interest Income": NaN,
        "Interest Expense": NaN,
        "Normalized Income": NaN,
        "Net Income From Continuing And Discontinued Operation": NaN,
        "Total Expenses": NaN,
        "Total Operating Income As Reported": NaN,
        "Diluted Average Shares": NaN,
        "Basic Average Shares": NaN,
        "Diluted EPS": NaN,
        "Basic EPS": NaN,
        "Diluted NI Availto Com Stockholders": NaN,
        "Net Income Common Stockholders": NaN,
        "Net Income": NaN,
        "Net Income Including Noncontrolling Interests": NaN,
        "Net Income Continuous Operations": NaN,
        "Tax Provision": NaN,
        "Pretax Income": NaN,
        "Other Income Expense": NaN,
        "Other Non Operating Income Expenses": 25010000.0,
        "Special Income Charges": NaN,
        "Gain On Sale Of Ppe": NaN,
        "Other Special Charges": -25010000.0,
        "Restructuring And Mergern Acquisition": NaN,
        "Gain On Sale Of Security": NaN,
        "Net Non Operating Interest Income Expense": NaN,
        "Total Other Finance Cost": NaN,
        "Interest Expense Non Operating": NaN,
        "Operating Income": NaN,
        "Operating Expense": NaN,
        "Selling General And Administration": NaN,
        "General And Administrative Expense": NaN,
        "Other Gand A": NaN,
        "Gross Profit": NaN,
        "Cost Of Revenue": NaN,
        "Total Revenue": NaN,
        "Operating Revenue": NaN
    },
    "2022-12-31": {
        "Tax Effect Of Unusual Items": NaN,
        "Tax Rate For Calcs": NaN,
        "Normalized EBITDA": NaN,
        "Total Unusual Items": NaN,
        "Total Unusual Items Excluding Goodwill": NaN,
        "Net Income From Continuing Operation Net Minority Interest": NaN,
        "Reconciled Depreciation": NaN,
        "Reconciled Cost Of Revenue": NaN,
        "EBITDA": NaN,
        "EBIT": NaN,
        "Net Interest Income": NaN,
        "Interest Expense": NaN,
        "Normalized Income": NaN,
        "Net Income From Continuing And Discontinued Operation": NaN,
        "Total Expenses": NaN,
        "Total Operating Income As Reported": NaN,
        "Diluted Average Shares": NaN,
        "Basic Average Shares": NaN,
        "Diluted EPS": NaN,
        "Basic EPS": NaN,
        "Diluted NI Availto Com Stockholders": NaN,
        "Net Income Common Stockholders": NaN,
        "Net Income": NaN,
        "Net Income Including Noncontrolling Interests": NaN,
        "Net Income Continuous Operations": NaN,
        "Tax Provision": NaN,
        "Pretax Income": NaN,
        "Other Income Expense": NaN,
        "Other Non Operating Income Expenses": NaN,
        "Special Income Charges": NaN,
        "Gain On Sale Of Ppe": NaN,
        "Other Special Charges": NaN,
        "Write Off": -2250000.0,
        "Restructuring And Mergern Acquisition": NaN,
        "Gain On Sale Of Security": NaN,
        "Net Non Operating Interest Income Expense": NaN,
        "Total Other Finance Cost": NaN,
        "Interest Expense Non Operating": NaN,
        "Operating Income": NaN,
        "Operating Expense": NaN,
        "Selling General And Administration": NaN,
        "General And Administrative Expense": NaN,
        "Other Gand A": NaN,
        "Gross Profit": NaN,
        "Cost Of Revenue": NaN,
        "Total Revenue": NaN,
        "Operating Revenue": NaN
    },
    "2022-09-30": {
        "Tax Effect Of Unusual Items": NaN,
        "Tax Rate For Calcs": NaN,
        "Normalized EBITDA": NaN,
        "Total Unusual Items": NaN,
        "Total Unusual Items Excluding Goodwill": NaN,
        "Net Income From Continuing Operation Net Minority Interest": NaN,
        "Reconciled Depreciation": NaN,
        "Reconciled Cost Of Revenue": NaN,
        "EBITDA": NaN,
        "EBIT": NaN,
        "Net Interest Income": NaN,
        "Interest Expense": NaN,
        "Normalized Income": NaN,
        "Net Income From Continuing And Discontinued Operation": NaN,
        "Total Expenses": NaN,
        "Total Operating Income As Reported": NaN,
        "Diluted Average Shares": NaN,
        "Basic Average Shares": NaN,
        "Diluted EPS": NaN,
        "Basic EPS": NaN,
        "Diluted NI Availto Com Stockholders": NaN,
        "Net Income Common Stockholders": NaN,
        "Net Income": NaN,
        "Net Income Including Noncontrolling Interests": NaN,
        "Net Income Continuous Operations": NaN,
        "Tax Provision": NaN,
        "Pretax Income": NaN,
        "Other Income Expense": NaN,
        "Other Non Operating Income Expenses": NaN,
        "Special Income Charges": NaN,
        "Gain On Sale Of Ppe": NaN,
        "Other Special Charges": NaN,
        "Write Off": 2821000.0,
        "Restructuring And Mergern Acquisition": NaN,
        "Gain On Sale Of Security": NaN,
        "Net Non Operating Interest Income Expense": NaN,
        "Total Other Finance Cost": NaN,
        "Interest Expense Non Operating": NaN,
        "Operating Income": NaN,
        "Operating Expense": NaN,
        "Selling General And Administration": NaN,
        "General And Administrative Expense": NaN,
        "Other Gand A": NaN,
        "Gross Profit": NaN,
        "Cost Of Revenue": NaN,
        "Total Revenue": NaN,
        "Operating Revenue": NaN
    },
    "2022-06-30": {
        "Tax Effect Of Unusual Items": -102950.0,
        "Tax Rate For Calcs": 0.05,
        "Normalized EBITDA": 206746000.0,
        "Total Unusual Items": -2059000.0,
        "Total Unusual Items Excluding Goodwill": -2059000.0,
        "Net Income From Continuing Operation Net Minority Interest": 158241000.0,
        "Reconciled Depreciation": 32288000.0,
        "Reconciled Cost Of Revenue": 630596000.0,
        "EBITDA": 204687000.0,
        "EBIT": 172399000.0,
        "Net Interest Income": -7936000.0,
        "Interest Expense": 5789000.0,
        "Normalized Income": 160197050.0,
        "Net Income From Continuing And Discontinued Operation": 158241000.0,
        "Total Expenses": 718976000.0,
        "Total Operating Income As Reported": 173960000.0,
        "Diluted Average Shares": 185869000.0,
        "Basic Average Shares": 185506000.0,
        "Diluted EPS": 0.85,
        "Basic EPS": 0.85,
        "Diluted NI Availto Com Stockholders": 158241000.0,
        "Net Income Common Stockholders": 158241000.0,
        "Net Income": 158241000.0,
        "Net Income Including Noncontrolling Interests": 158241000.0,
        "Net Income Continuous Operations": 158241000.0,
        "Tax Provision": 8369000.0,
        "Pretax Income": 166610000.0,
        "Other Income Expense": -2059000.0,
        "Other Non Operating Income Expenses": NaN,
        "Special Income Charges": -2645000.0,
        "Gain On Sale Of Ppe": -1143000.0,
        "Other Special Charges": NaN,
        "Write Off": 1051000.0,
        "Impairment Of Capital Assets": NaN,
        "Restructuring And Mergern Acquisition": 451000.0,
        "Gain On Sale Of Security": 586000.0,
        "Net Non Operating Interest Income Expense": -7936000.0,
        "Total Other Finance Cost": 2147000.0,
        "Interest Expense Non Operating": 5789000.0,
        "Operating Income": 176605000.0,
        "Operating Expense": 88380000.0,
        "Selling General And Administration": 88380000.0,
        "Gross Profit": 264985000.0,
        "Cost Of Revenue": 630596000.0,
        "Total Revenue": 895581000.0,
        "Operating Revenue": 895581000.0
    },
    "2023-06-30": {
        "Tax Effect Of Unusual Items": NaN,
        "Tax Rate For Calcs": NaN,
        "Normalized EBITDA": NaN,
        "Total Unusual Items": NaN,
        "Total Unusual Items Excluding Goodwill": NaN,
        "Net Income From Continuing Operation Net Minority Interest": NaN,
        "Reconciled Depreciation": NaN,
        "Reconciled Cost Of Revenue": NaN,
        "EBITDA": NaN,
        "EBIT": NaN,
        "Net Interest Income": NaN,
        "Interest Expense": NaN,
        "Normalized Income": NaN,
        "Net Income From Continuing And Discontinued Operation": NaN,
        "Total Expenses": NaN,
        "Total Operating Income As Reported": NaN,
        "Diluted Average Shares": NaN,
        "Basic Average Shares": NaN,
        "Diluted EPS": NaN,
        "Basic EPS": NaN,
        "Diluted NI Availto Com Stockholders": NaN,
        "Net Income Common Stockholders": NaN,
        "Net Income": NaN,
        "Net Income Including Noncontrolling Interests": NaN,
        "Net Income Continuous Operations": NaN,
        "Tax Provision": NaN,
        "Pretax Income": NaN,
        "Other Income Expense": NaN,
        "Special Income Charges": NaN,
        "Gain On Sale Of Ppe": NaN,
        "Other Special Charges": -74172000.0,
        "Restructuring And Mergern Acquisition": NaN,
        "Gain On Sale Of Security": NaN,
        "Net Non Operating Interest Income Expense": NaN,
        "Total Other Finance Cost": NaN,
        "Interest Expense Non Operating": NaN,
        "Operating Income": NaN,
        "Operating Expense": NaN,
        "Selling General And Administration": NaN,
        "General And Administrative Expense": NaN,
        "Other Gand A": NaN,
        "Gross Profit": NaN,
        "Cost Of Revenue": NaN,
        "Total Revenue": NaN,
        "Operating Revenue": NaN
    },
    "2022-03-31": {
        "Diluted EPS": 0.77,
        "Total Revenue": 775,
        "Gross Profit": 240,
        "Operating Income": 162,
        "EBIT": 196,
        "Net Income": 146
    },
    "2021-12-31": {
        "Diluted EPS": 0.88,
        "Total Revenue": 784,
        "Gross Profit": 229,
        "Operating Income": 177,
        "EBIT": 207,
        "Net Income": 174
    },
    "2021-09-30": {
        "Diluted EPS": 0.95,
        "Total Revenue": 802,
        "Gross Profit": 282,
        "Operating Income": 201,
        "EBIT": 236,
        "Net Income": 188
    },
    "2021-06-30": {
        "Diluted EPS": 0.74,
        "Total Revenue": 747,
        "Gross Profit": 241,
        "Operating Income": 160,
        "EBIT": 196,
        "Net Income": 146
    },
    "2021-03-31": {
        "Diluted EPS": 0.5,
        "Total Revenue": 590,
        "Gross Profit": 189,
        "Operating Income": 114,
        "EBIT": 149,
        "Net Income": 99
    },
    "2020-12-31": {
        "Diluted EPS": 0.34,
        "Total Revenue": 690,
        "Gross Profit": 156,
        "Operating Income": 79,
        "EBIT": 118,
        "Net Income": 67
    },
    "2020-09-30": {
        "Diluted EPS": 0.28,
        "Total Revenue": 602,
        "Gross Profit": 135,
        "Operating Income": 69,
        "EBIT": 102,
        "Net Income": 56
    },
    "2020-06-30": {
        "Diluted EPS": -1.26,
        "Total Revenue": 230,
        "Gross Profit": -148,
        "Operating Income": -236,
        "EBIT": -192,
        "Net Income": -250
    },
    "2020-03-31": {
        "Diluted EPS": -0.5,
        "Total Revenue": 459,
        "Gross Profit": 107,
        "Operating Income": -92,
        "EBIT": -62,
        "Net Income": -99
    },
    "2019-12-31": {
        "Diluted EPS": 0.16,
        "Total Revenue": 659,
        "Gross Profit": 118,
        "Operating Income": 24,
        "EBIT": 57,
        "Net Income": 33
    },
    "2019-09-30": {
        "Diluted EPS": 0.51,
        "Total Revenue": 740,
        "Gross Profit": 203,
        "Operating Income": 118,
        "EBIT": 158,
        "Net Income": 105
    },
    "2019-06-30": {
        "Diluted EPS": 0.49,
        "Total Revenue": 802,
        "Gross Profit": 223,
        "Operating Income": 114,
        "EBIT": 158,
        "Net Income": 100
    },
    "2019-03-31": {
        "Diluted EPS": 0.11,
        "Total Revenue": 624,
        "Gross Profit": 161,
        "Operating Income": 33,
        "EBIT": 73,
        "Net Income": 23
    },
    "2018-12-31": {
        "Diluted EPS": 0.29,
        "Total Revenue": 743,
        "Gross Profit": 195,
        "Operating Income": 78,
        "EBIT": 116,
        "Net Income": 60
    },
    "2018-09-30": {
        "Diluted EPS": 0.55,
        "Total Revenue": 754,
        "Gross Profit": 219,
        "Operating Income": 128,
        "EBIT": 164,
        "Net Income": 114
    },
    "2018-06-30": {
        "Diluted EPS": 0.51,
        "Total Revenue": 764,
        "Gross Profit": 216,
        "Operating Income": 121,
        "EBIT": 163,
        "Net Income": 109
    },
    "2018-03-31": {
        "Diluted EPS": 0.31,
        "Total Revenue": 647,
        "Gross Profit": 176,
        "Operating Income": 76,
        "EBIT": 118,
        "Net Income": 68
    },
    "2017-12-31": {
        "Diluted EPS": 0.25,
        "Total Revenue": 654,
        "Gross Profit": 177,
        "Operating Income": 62,
        "EBIT": 103,
        "Net Income": 55
    },
    "2017-09-30": {
        "Diluted EPS": 0.52,
        "Total Revenue": 716,
        "Gross Profit": 222,
        "Operating Income": 125,
        "EBIT": 165,
        "Net Income": 116
    },
    "2017-06-30": {
        "Diluted EPS": 0.48,
        "Total Revenue": 715,
        "Gross Profit": 213,
        "Operating Income": 121,
        "EBIT": 163,
        "Net Income": 108
    },
    "2017-03-31": {
        "Diluted EPS": 0.36,
        "Total Revenue": 665,
        "Gross Profit": 189,
        "Operating Income": 93,
        "EBIT": 132,
        "Net Income": 84
    },
    "2016-12-31": {
        "Diluted EPS": 0.32,
        "Total Revenue": 588,
        "Gross Profit": 157,
        "Operating Income": 70,
        "EBIT": 102,
        "Net Income": 74
    },
    "2016-09-30": {
        "Diluted EPS": 0.49,
        "Total Revenue": 715,
        "Gross Profit": 217,
        "Operating Income": 129,
        "EBIT": 162,
        "Net Income": 114
    },
    "2016-06-30": {
        "Diluted EPS": 0.4,
        "Total Revenue": 689,
        "Gross Profit": 189,
        "Operating Income": 103,
        "EBIT": 142,
        "Net Income": 95
    },
    "2016-03-31": {
        "Diluted EPS": 0.26,
        "Total Revenue": 593,
        "Gross Profit": 156,
        "Operating Income": 70,
        "EBIT": 105,
        "Net Income": 63
    },
    "2015-12-31": {
        "Diluted EPS": 0.28,
        "Total Revenue": 544,
        "Gross Profit": -203,
        "Operating Income": -360,
        "EBIT": -309,
        "Net Income": 68
    },
    "2015-09-30": {
        "Diluted EPS": 0.5,
        "Total Revenue": 675,
        "Gross Profit": 212,
        "Operating Income": 129,
        "EBIT": 160,
        "Net Income": 123
    },
    "2015-06-30": {
        "Diluted EPS": 0.41,
        "Total Revenue": 714,
        "Gross Profit": 191,
        "Operating Income": 106,
        "EBIT": 142,
        "Net Income": 99
    },
    "2015-03-31": {
        "Diluted EPS": 0.23,
        "Total Revenue": 636,
        "Gross Profit": 140,
        "Operating Income": 61,
        "EBIT": 91,
        "Net Income": 56
    },
    "2014-12-31": {
        "Diluted EPS": -0.17,
        "Total Revenue": 391,
        "Gross Profit": 43,
        "Operating Income": -37,
        "EBIT": -15,
        "Net Income": -41
    },
    "2014-09-30": {
        "Diluted EPS": 0.5,
        "Total Revenue": 666,
        "Gross Profit": 192,
        "Operating Income": 117,
        "EBIT": 117,
        "Net Income": 123
    },
    "2014-06-30": {
        "Diluted EPS": 0.47,
        "Total Revenue": 694,
        "Gross Profit": 194,
        "Operating Income": 122,
        "EBIT": 122,
        "Net Income": 116
    },
    "2014-03-31": {
        "Diluted EPS": 0.32,
        "Total Revenue": 549,
        "Gross Profit": 153,
        "Operating Income": 84,
        "EBIT": 84,
        "Net Income": 79
    },
    "2013-12-31": {
        "Diluted EPS": 0.17,
        "Total Revenue": 451,
        "Gross Profit": 119,
        "Operating Income": 46,
        "EBIT": -49,
        "Net Income": 42
    },
    "2013-09-30": {
        "Diluted EPS": 0.4,
        "Total Revenue": 626,
        "Gross Profit": 177,
        "Operating Income": 107,
        "EBIT": 202,
        "Net Income": 97
    },
    "2013-06-30": {
        "Diluted EPS": 0.47,
        "Total Revenue": 614,
        "Gross Profit": 193,
        "Operating Income": 123,
        "EBIT": 123,
        "Net Income": 116
    },
    "2013-03-31": {
        "Diluted EPS": 0.3,
        "Total Revenue": 523,
        "Gross Profit": 151,
        "Operating Income": 78,
        "EBIT": 78,
        "Net Income": 72
    },
    "2012-12-31": {
        "Diluted EPS": 0.15,
        "Total Revenue": 421,
        "Gross Profit": 113,
        "Operating Income": 43,
        "EBIT": -33,
        "Net Income": 35
    },
    "2012-09-30": {
        "Diluted EPS": 0.37,
        "Total Revenue": 562,
        "Gross Profit": 160,
        "Operating Income": 100,
        "EBIT": 122,
        "Net Income": 89
    },
    "2012-06-30": {
        "Diluted EPS": 0.32,
        "Total Revenue": 600,
        "Gross Profit": 143,
        "Operating Income": 83,
        "EBIT": 110,
        "Net Income": 79
    },
    "2012-03-31": {
        "Diluted EPS": 0.11,
        "Total Revenue": 483,
        "Gross Profit": 86,
        "Operating Income": 32,
        "EBIT": 77,
        "Net Income": 27
    },
    "2011-12-31": {
        "Diluted EPS": -0.19,
        "Total Revenue": 304,
        "Gross Profit": 6,
        "Operating Income": -44,
        "EBIT": -102,
        "Net Income": -46
    },
    "2011-09-30": {
        "Diluted EPS": 0.2,
        "Total Revenue": 482,
        "Gross Profit": 98,
        "Operating Income": 45,
        "EBIT": 67,
        "Net Income": 49
    },
    "2011-06-30": {
        "Diluted EPS": 0.39,
        "Total Revenue": 530,
        "Gross Profit": 150,
        "Operating Income": 93,
        "EBIT": 115,
        "Net Income": 94
    },
    "2011-03-31": {
        "Diluted EPS": 0.25,
        "Total Revenue": 383,
        "Gross Profit": 108,
        "Operating Income": 60,
        "EBIT": 96,
        "Net Income": 61
    },
    "2010-12-31": {
        "Diluted EPS": 0.15,
        "Total Revenue": 331,
        "Gross Profit": 82,
        "Operating Income": 40,
        "EBIT": -11,
        "Net Income": 36
    },
    "2010-09-30": {
        "Diluted EPS": 0.24,
        "Total Revenue": 369,
        "Gross Profit": 101,
        "Operating Income": 59,
        "EBIT": 79,
        "Net Income": 57
    },
    "2010-06-30": {
        "Diluted EPS": 0.27,
        "Total Revenue": 395,
        "Gross Profit": 107,
        "Operating Income": 67,
        "EBIT": 84,
        "Net Income": 65
    },
    "2010-03-31": {
        "Diluted EPS": 0.2,
        "Total Revenue": 327,
        "Gross Profit": 91,
        "Operating Income": 52,
        "EBIT": 84,
        "Net Income": 49
    },
    "2009-12-31": {
        "Diluted EPS": 0.12,
        "Total Revenue": 220,
        "Gross Profit": 66,
        "Operating Income": 32,
        "EBIT": -18,
        "Net Income": 28
    },
    "2009-09-30": {
        "Diluted EPS": 0.18,
        "Total Revenue": 302,
        "Gross Profit": 78,
        "Operating Income": 43,
        "EBIT": 60,
        "Net Income": 42
    },
    "2009-06-30": {
        "Diluted EPS": 0.17,
        "Total Revenue": 308,
        "Gross Profit": 75,
        "Operating Income": 39,
        "EBIT": 55,
        "Net Income": 42
    },
    "2009-03-31": {
        "Diluted EPS": 0.03,
        "Total Revenue": 245,
        "Gross Profit": 39,
        "Operating Income": 8,
        "EBIT": 40,
        "Net Income": 7
    },
    "2023-09-30": {
        "Tax Effect Of Unusual Items": -100200.692634,
        "Tax Rate For Calcs": 0.051411,
        "Normalized EBITDA": 182489000.0,
        "Total Unusual Items": -1949000.0,
        "Total Unusual Items Excluding Goodwill": -1949000.0,
        "Net Income From Continuing Operation Net Minority Interest": 127367000.0,
        "Reconciled Depreciation": 31322000.0,
        "Reconciled Cost Of Revenue": 630664000.0,
        "EBITDA": 180540000.0,
        "EBIT": 149218000.0,
        "Net Interest Income": -20805000.0,
        "Interest Expense": 14948000.0,
        "Normalized Income": 129215799.307366,
        "Net Income From Continuing And Discontinued Operation": 127367000.0,
        "Total Expenses": 712877000.0,
        "Total Operating Income As Reported": 155018000.0,
        "Diluted Average Shares": 175348000.0,
        "Basic Average Shares": 175087000.0,
        "Diluted EPS": 0.73,
        "Basic EPS": 0.73,
        "Diluted NI Availto Com Stockholders": 127367000.0,
        "Net Income Common Stockholders": 127367000.0,
        "Net Income": 127367000.0,
        "Net Income Including Noncontrolling Interests": 127367000.0,
        "Net Income Continuous Operations": 127367000.0,
        "Tax Provision": 6903000.0,
        "Pretax Income": 134270000.0,
        "Other Income Expense": -1949000.0,
        "Special Income Charges": -2006000.0,
        "Gain On Sale Of Ppe": -850000.0,
        "Other Special Charges": NaN,
        "Restructuring And Mergern Acquisition": 1156000.0,
        "Gain On Sale Of Security": 57000.0,
        "Net Non Operating Interest Income Expense": -20805000.0,
        "Total Other Finance Cost": 5857000.0,
        "Interest Expense Non Operating": 14948000.0,
        "Operating Income": 157024000.0,
        "Operating Expense": 82213000.0,
        "Selling General And Administration": 82213000.0,
        "General And Administrative Expense": NaN,
        "Other Gand A": NaN,
        "Gross Profit": 239237000.0,
        "Cost Of Revenue": 630664000.0,
        "Total Revenue": 869901000.0,
        "Operating Revenue": 869901000.0
    },
    "2023-12-31": {
        "Tax Effect Of Unusual Items": 672241.058455,
        "Tax Rate For Calcs": 0.022943,
        "Normalized EBITDA": 172876000.0,
        "Total Unusual Items": 29300000.0,
        "Total Unusual Items Excluding Goodwill": 29300000.0,
        "Net Income From Continuing Operation Net Minority Interest": 153308000.0,
        "Reconciled Depreciation": 30783000.0,
        "Reconciled Cost Of Revenue": 546151000.0,
        "EBITDA": 202176000.0,
        "EBIT": 171393000.0,
        "Net Interest Income": -20681000.0,
        "Interest Expense": 14485000.0,
        "Normalized Income": 124680241.058455,
        "Net Income From Continuing And Discontinued Operation": 153308000.0,
        "Total Expenses": 634420000.0,
        "Total Operating Income As Reported": 178147000.0,
        "Diluted Average Shares": 172256180.0,
        "Basic Average Shares": 172256180.0,
        "Diluted EPS": 0.89,
        "Basic EPS": 0.89,
        "Diluted NI Availto Com Stockholders": 153308000.0,
        "Net Income Common Stockholders": 153308000.0,
        "Net Income": 153308000.0,
        "Net Income Including Noncontrolling Interests": 153308000.0,
        "Net Income Continuous Operations": 153308000.0,
        "Tax Provision": 3600000.0,
        "Pretax Income": 156908000.0,
        "Other Income Expense": 29300000.0,
        "Special Income Charges": 29858000.0,
        "Gain On Sale Of Ppe": -10135000.0,
        "Other Special Charges": 0.0,
        "Restructuring And Mergern Acquisition": 777000.0,
        "Gain On Sale Of Security": -558000.0,
        "Net Non Operating Interest Income Expense": -20681000.0,
        "Total Other Finance Cost": 6196000.0,
        "Interest Expense Non Operating": 14485000.0,
        "Operating Income": 148289000.0,
        "Operating Expense": 88269000.0,
        "Selling General And Administration": 88269000.0,
        "General And Administrative Expense": NaN,
        "Other Gand A": NaN,
        "Gross Profit": 236558000.0,
        "Cost Of Revenue": 546151000.0,
        "Total Revenue": 782709000.0,
        "Operating Revenue": 782709000.0
    },
    "2024-03-31": {
        "Tax Effect Of Unusual Items": -180000.0,
        "Tax Rate For Calcs": 0.045,
        "Normalized EBITDA": 135112000.0,
        "Total Unusual Items": -4000000.0,
        "Total Unusual Items Excluding Goodwill": -4000000.0,
        "Net Income From Continuing Operation Net Minority Interest": 78667000.0,
        "Reconciled Depreciation": 31588000.0,
        "Reconciled Cost Of Revenue": 484663000.0,
        "EBITDA": 131112000.0,
        "EBIT": 99524000.0,
        "Net Interest Income": -22024000.0,
        "Interest Expense": 17153000.0,
        "Normalized Income": 82487000.0,
        "Net Income From Continuing And Discontinued Operation": 78667000.0,
        "Total Expenses": 587401000.0,
        "Total Operating Income As Reported": 105097000.0,
        "Diluted Average Shares": 168869000.0,
        "Basic Average Shares": 168869000.0,
        "Diluted EPS": 0.47,
        "Basic EPS": 0.47,
        "Diluted NI Availto Com Stockholders": 78667000.0,
        "Net Income Common Stockholders": 78667000.0,
        "Net Income": 78667000.0,
        "Net Income Including Noncontrolling Interests": 78667000.0,
        "Net Income Continuous Operations": 78667000.0,
        "Tax Provision": 3704000.0,
        "Pretax Income": 82371000.0,
        "Other Income Expense": -4000000.0,
        "Special Income Charges": -3298000.0,
        "Gain On Sale Of Ppe": 454000.0,
        "Other Special Charges": NaN,
        "Restructuring And Mergern Acquisition": 3752000.0,
        "Gain On Sale Of Security": -702000.0,
        "Net Non Operating Interest Income Expense": -22024000.0,
        "Total Other Finance Cost": 4871000.0,
        "Interest Expense Non Operating": 17153000.0,
        "Operating Income": 108395000.0,
        "Operating Expense": 102738000.0,
        "Selling General And Administration": 102738000.0,
        "General And Administrative Expense": 102738000.0,
        "Other Gand A": 102738000.0,
        "Gross Profit": 211133000.0,
        "Cost Of Revenue": 484663000.0,
        "Total Revenue": 695796000.0,
        "Operating Revenue": 695796000.0
    },
    "2024-06-30": {
        "Tax Effect Of Unusual Items": 592050.0,
        "Tax Rate For Calcs": 0.15,
        "Normalized EBITDA": 169174000.0,
        "Total Unusual Items": 3947000.0,
        "Total Unusual Items Excluding Goodwill": 3947000.0,
        "Net Income From Continuing Operation Net Minority Interest": 58406000.0,
        "Reconciled Depreciation": 36794000.0,
        "Reconciled Cost Of Revenue": 600216000.0,
        "EBITDA": 173121000.0,
        "EBIT": 136327000.0,
        "Net Interest Income": -25326000.0,
        "Interest Expense": 19384000.0,
        "Normalized Income": 55051050.0,
        "Net Income From Continuing And Discontinued Operation": 58406000.0,
        "Total Expenses": 723846000.0,
        "Total Operating Income As Reported": 141215000.0,
        "Diluted Average Shares": 168139000.0,
        "Basic Average Shares": 168005000.0,
        "Diluted EPS": 0.35,
        "Basic EPS": 0.35,
        "Diluted NI Availto Com Stockholders": 58406000.0,
        "Net Income Common Stockholders": 58406000.0,
        "Net Income": 58406000.0,
        "Net Income Including Noncontrolling Interests": 58406000.0,
        "Net Income Continuous Operations": 58406000.0,
        "Tax Provision": 58537000.0,
        "Pretax Income": 116943000.0,
        "Other Income Expense": 3947000.0,
        "Special Income Charges": 2893000.0,
        "Gain On Sale Of Ppe": 4875000.0,
        "Other Special Charges": NaN,
        "Restructuring And Mergern Acquisition": 1982000.0,
        "Gain On Sale Of Security": 1054000.0,
        "Net Non Operating Interest Income Expense": -25326000.0,
        "Total Other Finance Cost": 5942000.0,
        "Interest Expense Non Operating": 19384000.0,
        "Operating Income": 138322000.0,
        "Operating Expense": 123630000.0,
        "Selling General And Administration": 123630000.0,
        "General And Administrative Expense": NaN,
        "Other Gand A": NaN,
        "Gross Profit": 261952000.0,
        "Cost Of Revenue": 600216000.0,
        "Total Revenue": 862168000.0,
        "Operating Revenue": 862168000.0
    },
    "2024-09-30": {
        "Tax Effect Of Unusual Items": -219911.938941,
        "Tax Rate For Calcs": 0.192063,
        "Normalized EBITDA": 224787000.0,
        "Total Unusual Items": -1145000.0,
        "Total Unusual Items Excluding Goodwill": -1145000.0,
        "Net Income From Continuing Operation Net Minority Interest": 131474000.0,
        "Reconciled Depreciation": 36528000.0,
        "Reconciled Cost Of Revenue": 613499000.0,
        "EBITDA": 223642000.0,
        "EBIT": 187114000.0,
        "Net Interest Income": -30129000.0,
        "Interest Expense": 24386000.0,
        "Normalized Income": 132399088.061059,
        "Net Income From Continuing And Discontinued Operation": 131474000.0,
        "Total Expenses": 697104000.0,
        "Total Operating Income As Reported": 192945000.0,
        "Diluted Average Shares": 161027000.0,
        "Basic Average Shares": 160862000.0,
        "Diluted EPS": 0.82,
        "Basic EPS": 0.82,
        "Diluted NI Availto Com Stockholders": 131474000.0,
        "Net Income Common Stockholders": 131474000.0,
        "Net Income": 131474000.0,
        "Net Income Including Noncontrolling Interests": 131474000.0,
        "Net Income Continuous Operations": 131474000.0,
        "Tax Provision": 31254000.0,
        "Pretax Income": 162728000.0,
        "Other Income Expense": -1145000.0,
        "Special Income Charges": -1057000.0,
        "Gain On Sale Of Ppe": 116000.0,
        "Other Special Charges": NaN,
        "Restructuring And Mergern Acquisition": 1173000.0,
        "Gain On Sale Of Security": -88000.0,
        "Net Non Operating Interest Income Expense": -30129000.0,
        "Total Other Finance Cost": 5743000.0,
        "Interest Expense Non Operating": 24386000.0,
        "Operating Income": 194002000.0,
        "Operating Expense": 83605000.0,
        "Selling General And Administration": 83605000.0,
        "General And Administrative Expense": NaN,
        "Other Gand A": NaN,
        "Gross Profit": 277607000.0,
        "Cost Of Revenue": 613499000.0,
        "Total Revenue": 891106000.0,
        "Operating Revenue": 891106000.0
    }
}