{
    "2023-03-31": {
        "Tax Effect Of Unusual Items": 0.0,
        "Tax Rate For Calcs": 0.187063,
        "Normalized EBITDA": 10120000.0,
        "Total Unusual Items": 0.0,
        "Total Unusual Items Excluding Goodwill": 0.0,
        "Net Income From Continuing Operation Net Minority Interest": 5580000.0,
        "Reconciled Depreciation": 3107000.0,
        "Reconciled Cost Of Revenue": 34277000.0,
        "EBITDA": 10120000.0,
        "EBIT": 7013000.0,
        "Net Interest Income": -149000.0,
        "Interest Expense": 149000.0,
        "Normalized Income": 5580000.0,
        "Net Income From Continuing And Discontinued Operation": 5580000.0,
        "Total Expenses": 51949000.0,
        "Total Operating Income As Reported": 7013000.0,
        "Diluted Average Shares": 56623432.0,
        "Basic Average Shares": 56613485.0,
        "Diluted EPS": 0.1,
        "Basic EPS": 0.1,
        "Diluted NI Availto Com Stockholders": 5580000.0,
        "Net Income Common Stockholders": 5580000.0,
        "Net Income": 5580000.0,
        "Net Income Including Noncontrolling Interests": 5580000.0,
        "Net Income Continuous Operations": 5580000.0,
        "Tax Provision": 1284000.0,
        "Pretax Income": 6864000.0,
        "Other Income Expense": NaN,
        "Special Income Charges": 0.0,
        "Write Off": 0.0,
        "Net Non Operating Interest Income Expense": -149000.0,
        "Total Other Finance Cost": 149000.0,
        "Interest Expense Non Operating": 149000.0,
        "Operating Income": 7013000.0,
        "Operating Expense": 17672000.0,
        "Other Operating Expenses": -2387000.0,
        "Research And Development": 9619000.0,
        "Selling General And Administration": 10440000.0,
        "Selling And Marketing Expense": 6009000.0,
        "General And Administrative Expense": 4431000.0,
        "Other Gand A": 4431000.0,
        "Gross Profit": 24685000.0,
        "Cost Of Revenue": 34277000.0,
        "Total Revenue": 58962000.0,
        "Operating Revenue": 58962000.0
    },
    "2022-12-31": {
        "Tax Effect Of Unusual Items": -476560.0,
        "Tax Rate For Calcs": 0.23,
        "Normalized EBITDA": 7610000.0,
        "Total Unusual Items": -2072000.0,
        "Total Unusual Items Excluding Goodwill": -2072000.0,
        "Net Income From Continuing Operation Net Minority Interest": -6020000.0,
        "Reconciled Depreciation": 3004000.0,
        "Reconciled Cost Of Revenue": 44911000.0,
        "EBITDA": 5538000.0,
        "EBIT": 2534000.0,
        "Net Interest Income": 1917000.0,
        "Interest Expense": -2716000.0,
        "Normalized Income": -4424560.0,
        "Net Income From Continuing And Discontinued Operation": -6020000.0,
        "Total Expenses": 66504000.0,
        "Total Operating Income As Reported": 6070000.0,
        "Diluted Average Shares": 56610404.0,
        "Basic Average Shares": 56610404.0,
        "Diluted EPS": -0.11,
        "Basic EPS": -0.11,
        "Diluted NI Availto Com Stockholders": -6020000.0,
        "Net Income Common Stockholders": -6020000.0,
        "Net Income": -6020000.0,
        "Net Income Including Noncontrolling Interests": -6020000.0,
        "Net Income Continuous Operations": -6020000.0,
        "Tax Provision": 11988000.0,
        "Pretax Income": 5968000.0,
        "Other Income Expense": -2072000.0,
        "Special Income Charges": -53000.0,
        "Write Off": 53000.0,
        "Net Non Operating Interest Income Expense": 1917000.0,
        "Total Other Finance Cost": -937000.0,
        "Interest Expense Non Operating": -2716000.0,
        "Operating Income": 6123000.0,
        "Operating Expense": 21593000.0,
        "Other Operating Expenses": NaN,
        "Research And Development": 10098000.0,
        "Selling General And Administration": 11495000.0,
        "Selling And Marketing Expense": 5970000.0,
        "General And Administrative Expense": 5525000.0,
        "Other Gand A": 5525000.0,
        "Gross Profit": 27716000.0,
        "Cost Of Revenue": 44911000.0,
        "Total Revenue": 72627000.0,
        "Operating Revenue": 72627000.0
    },
    "2022-09-30": {
        "Tax Effect Of Unusual Items": -28691.070673,
        "Tax Rate For Calcs": 0.102835,
        "Normalized EBITDA": 6616000.0,
        "Total Unusual Items": -279000.0,
        "Total Unusual Items Excluding Goodwill": -279000.0,
        "Net Income From Continuing Operation Net Minority Interest": 2120000.0,
        "Reconciled Depreciation": 2921000.0,
        "Reconciled Cost Of Revenue": 37315000.0,
        "EBITDA": 6337000.0,
        "EBIT": 3416000.0,
        "Net Interest Income": -1053000.0,
        "Interest Expense": 1053000.0,
        "Normalized Income": 2370308.929327,
        "Net Income From Continuing And Discontinued Operation": 2120000.0,
        "Total Expenses": 56655000.0,
        "Total Operating Income As Reported": 3416000.0,
        "Diluted Average Shares": 56626283.0,
        "Basic Average Shares": 56608981.0,
        "Diluted EPS": 0.04,
        "Basic EPS": 0.04,
        "Diluted NI Availto Com Stockholders": 2120000.0,
        "Net Income Common Stockholders": 2120000.0,
        "Net Income": 2120000.0,
        "Net Income Including Noncontrolling Interests": 2120000.0,
        "Net Income Continuous Operations": 2120000.0,
        "Tax Provision": 243000.0,
        "Pretax Income": 2363000.0,
        "Other Income Expense": -279000.0,
        "Special Income Charges": -279000.0,
        "Write Off": 279000.0,
        "Net Non Operating Interest Income Expense": -1053000.0,
        "Interest Expense Non Operating": 1053000.0,
        "Operating Income": 3695000.0,
        "Operating Expense": 19340000.0,
        "Other Operating Expenses": NaN,
        "Research And Development": 9156000.0,
        "Selling General And Administration": 10184000.0,
        "Selling And Marketing Expense": 5414000.0,
        "General And Administrative Expense": 4770000.0,
        "Other Gand A": 4770000.0,
        "Gross Profit": 23035000.0,
        "Cost Of Revenue": 37315000.0,
        "Total Revenue": 60350000.0,
        "Operating Revenue": 60350000.0
    },
    "2022-06-30": {
        "Tax Effect Of Unusual Items": -91600.0,
        "Tax Rate For Calcs": 0.4,
        "Normalized EBITDA": 4607000.0,
        "Total Unusual Items": -229000.0,
        "Total Unusual Items Excluding Goodwill": -229000.0,
        "Net Income From Continuing Operation Net Minority Interest": 506000.0,
        "Reconciled Depreciation": 2887000.0,
        "Reconciled Cost Of Revenue": 35685000.0,
        "EBITDA": 4378000.0,
        "EBIT": 1491000.0,
        "Net Interest Income": -468000.0,
        "Interest Expense": 468000.0,
        "Normalized Income": 643400.0,
        "Net Income From Continuing And Discontinued Operation": 506000.0,
        "Total Expenses": 53734000.0,
        "Total Operating Income As Reported": 1491000.0,
        "Diluted Average Shares": 56637208.0,
        "Basic Average Shares": 56597523.0,
        "Diluted EPS": 0.01,
        "Basic EPS": 0.01,
        "Diluted NI Availto Com Stockholders": 506000.0,
        "Net Income Common Stockholders": 506000.0,
        "Net Income": 506000.0,
        "Net Income Including Noncontrolling Interests": 506000.0,
        "Net Income Continuous Operations": 506000.0,
        "Tax Provision": 517000.0,
        "Pretax Income": 1023000.0,
        "Other Income Expense": -229000.0,
        "Special Income Charges": -229000.0,
        "Write Off": 229000.0,
        "Net Non Operating Interest Income Expense": -468000.0,
        "Interest Expense Non Operating": 468000.0,
        "Operating Income": 1720000.0,
        "Operating Expense": 18049000.0,
        "Other Operating Expenses": NaN,
        "Research And Development": 8718000.0,
        "Selling General And Administration": 9331000.0,
        "Selling And Marketing Expense": 4960000.0,
        "General And Administrative Expense": 4371000.0,
        "Other Gand A": 4371000.0,
        "Gross Profit": 19769000.0,
        "Cost Of Revenue": 35685000.0,
        "Total Revenue": 55454000.0,
        "Operating Revenue": 55454000.0
    },
    "2022-03-31": {
        "Diluted EPS": -0.04,
        "Total Revenue": 51,
        "Gross Profit": 16,
        "Operating Income": -1,
        "EBIT": 2,
        "Net Income": -3
    },
    "2021-12-31": {
        "Diluted EPS": 0.04,
        "Total Revenue": 67,
        "Gross Profit": 25,
        "Operating Income": 5,
        "EBIT": 9,
        "Net Income": 2
    },
    "2021-09-30": {
        "Diluted EPS": 0.0,
        "Total Revenue": 50,
        "Gross Profit": 17,
        "Operating Income": 1,
        "EBIT": 3,
        "Net Income": 0
    },
    "2021-06-30": {
        "Diluted EPS": 0.0,
        "Total Revenue": 55,
        "Gross Profit": 17,
        "Operating Income": 0,
        "EBIT": 2,
        "Net Income": 0
    },
    "2021-03-31": {
        "Diluted EPS": -0.09,
        "Total Revenue": 43,
        "Gross Profit": 12,
        "Operating Income": -4,
        "EBIT": -1,
        "Net Income": -5
    },
    "2020-12-31": {
        "Diluted EPS": 1.13,
        "Total Revenue": 43,
        "Gross Profit": 13,
        "Operating Income": 63,
        "EBIT": 65,
        "Net Income": 63
    },
    "2020-09-30": {
        "Diluted EPS": -0.21,
        "Total Revenue": 37,
        "Gross Profit": 9,
        "Operating Income": -11,
        "EBIT": -8,
        "Net Income": -12
    },
    "2020-06-30": {
        "Diluted EPS": -0.08,
        "Total Revenue": 38,
        "Gross Profit": 10,
        "Operating Income": -3,
        "EBIT": -1,
        "Net Income": -4
    },
    "2020-03-31": {
        "Diluted EPS": -0.21,
        "Total Revenue": 48,
        "Gross Profit": 9,
        "Operating Income": -11,
        "EBIT": -8,
        "Net Income": -12
    },
    "2019-12-31": {
        "Diluted EPS": 0.43,
        "Total Revenue": 78,
        "Gross Profit": 27,
        "Operating Income": 9,
        "EBIT": 12,
        "Net Income": 24
    },
    "2019-09-30": {
        "Diluted EPS": 0.11,
        "Total Revenue": 63,
        "Gross Profit": 23,
        "Operating Income": 7,
        "EBIT": 10,
        "Net Income": 6
    },
    "2019-06-30": {
        "Diluted EPS": 0.06,
        "Total Revenue": 60,
        "Gross Profit": 22,
        "Operating Income": 5,
        "EBIT": 8,
        "Net Income": 3
    },
    "2019-03-31": {
        "Diluted EPS": 0.05,
        "Total Revenue": 62,
        "Gross Profit": 24,
        "Operating Income": 4,
        "EBIT": 7,
        "Net Income": 3
    },
    "2018-12-31": {
        "Diluted EPS": 0.09,
        "Total Revenue": 70,
        "Gross Profit": 26,
        "Operating Income": 8,
        "EBIT": 10,
        "Net Income": 5
    },
    "2018-09-30": {
        "Diluted EPS": 0.16,
        "Total Revenue": 63,
        "Gross Profit": 24,
        "Operating Income": 6,
        "EBIT": 9,
        "Net Income": 9
    },
    "2018-06-30": {
        "Diluted EPS": 0.04,
        "Total Revenue": 67,
        "Gross Profit": 22,
        "Operating Income": 4,
        "EBIT": 8,
        "Net Income": 2
    },
    "2018-03-31": {
        "Diluted EPS": 0.04,
        "Total Revenue": 67,
        "Gross Profit": 21,
        "Operating Income": 4,
        "EBIT": 7,
        "Net Income": 2
    },
    "2017-12-31": {
        "Diluted EPS": 0.05,
        "Total Revenue": 83,
        "Gross Profit": 25,
        "Operating Income": 6,
        "EBIT": 9,
        "Net Income": 3
    },
    "2017-09-30": {
        "Diluted EPS": 0.04,
        "Total Revenue": 70,
        "Gross Profit": 20,
        "Operating Income": 3,
        "EBIT": 7,
        "Net Income": 2
    },
    "2017-06-30": {
        "Diluted EPS": 0.04,
        "Total Revenue": 66,
        "Gross Profit": 20,
        "Operating Income": 2,
        "EBIT": 5,
        "Net Income": 2
    },
    "2017-03-31": {
        "Diluted EPS": -0.01,
        "Total Revenue": 64,
        "Gross Profit": 17,
        "Operating Income": 0,
        "EBIT": 3,
        "Net Income": -1
    },
    "2016-12-31": {
        "Diluted EPS": 0.1,
        "Total Revenue": 80,
        "Gross Profit": 24,
        "Operating Income": 6,
        "EBIT": 10,
        "Net Income": 5
    },
    "2016-09-30": {
        "Diluted EPS": -0.04,
        "Total Revenue": 79,
        "Gross Profit": 24,
        "Operating Income": 0,
        "EBIT": 3,
        "Net Income": -2
    },
    "2016-06-30": {
        "Diluted EPS": -0.07,
        "Total Revenue": 68,
        "Gross Profit": 15,
        "Operating Income": -3,
        "EBIT": 1,
        "Net Income": -4
    },
    "2016-03-31": {
        "Diluted EPS": -0.09,
        "Total Revenue": 53,
        "Gross Profit": 12,
        "Operating Income": -3,
        "EBIT": 0,
        "Net Income": -4
    },
    "2015-12-31": {
        "Diluted EPS": -0.12,
        "Total Revenue": 68,
        "Gross Profit": 10,
        "Operating Income": -3,
        "EBIT": 0,
        "Net Income": -5
    },
    "2015-09-30": {
        "Diluted EPS": -0.73,
        "Total Revenue": 40,
        "Gross Profit": 9,
        "Operating Income": -29,
        "EBIT": -25,
        "Net Income": -32
    },
    "2015-06-30": {
        "Diluted EPS": -0.21,
        "Total Revenue": 44,
        "Gross Profit": 11,
        "Operating Income": -7,
        "EBIT": -3,
        "Net Income": -9
    },
    "2015-03-31": {
        "Diluted EPS": -0.13,
        "Total Revenue": 45,
        "Gross Profit": 13,
        "Operating Income": -4,
        "EBIT": 0,
        "Net Income": -6
    },
    "2014-12-31": {
        "Diluted EPS": 0.06,
        "Total Revenue": 73,
        "Gross Profit": 26,
        "Operating Income": 5,
        "EBIT": 10,
        "Net Income": 2
    },
    "2014-09-30": {
        "Diluted EPS": 0.0,
        "Total Revenue": 57,
        "Gross Profit": 19,
        "Operating Income": 2,
        "EBIT": 6,
        "Net Income": 0
    },
    "2014-06-30": {
        "Diluted EPS": -0.03,
        "Total Revenue": 54,
        "Gross Profit": 19,
        "Operating Income": 0,
        "EBIT": 3,
        "Net Income": -1
    },
    "2014-03-31": {
        "Diluted EPS": -0.06,
        "Total Revenue": 51,
        "Gross Profit": 20,
        "Operating Income": -1,
        "EBIT": 2,
        "Net Income": -3
    },
    "2013-12-31": {
        "Diluted EPS": -0.18,
        "Total Revenue": 56,
        "Gross Profit": 65,
        "Operating Income": 56,
        "EBIT": 58,
        "Net Income": -8
    },
    "2013-09-30": {
        "Diluted EPS": -0.1,
        "Total Revenue": 71,
        "Gross Profit": 20,
        "Operating Income": -3,
        "EBIT": 1,
        "Net Income": -4
    },
    "2013-06-30": {
        "Diluted EPS": -0.09,
        "Total Revenue": 80,
        "Gross Profit": 24,
        "Operating Income": -1,
        "EBIT": 5,
        "Net Income": -4
    },
    "2013-03-31": {
        "Diluted EPS": -0.06,
        "Total Revenue": 83,
        "Gross Profit": 26,
        "Operating Income": -1,
        "EBIT": 5,
        "Net Income": -2
    },
    "2012-12-31": {
        "Diluted EPS": -0.58,
        "Total Revenue": 97,
        "Gross Profit": 33,
        "Operating Income": 4,
        "EBIT": 10,
        "Net Income": -24
    },
    "2012-09-30": {
        "Diluted EPS": 0.08,
        "Total Revenue": 89,
        "Gross Profit": 28,
        "Operating Income": 3,
        "EBIT": 9,
        "Net Income": 3
    },
    "2012-06-30": {
        "Diluted EPS": 0.02,
        "Total Revenue": 85,
        "Gross Profit": 27,
        "Operating Income": 2,
        "EBIT": 8,
        "Net Income": 1
    },
    "2012-03-31": {
        "Diluted EPS": -0.07,
        "Total Revenue": 77,
        "Gross Profit": 24,
        "Operating Income": -3,
        "EBIT": 2,
        "Net Income": -3
    },
    "2011-12-31": {
        "Diluted EPS": -0.28,
        "Total Revenue": 94,
        "Gross Profit": 34,
        "Operating Income": 4,
        "EBIT": 10,
        "Net Income": -12
    },
    "2011-09-30": {
        "Diluted EPS": 0.1,
        "Total Revenue": 84,
        "Gross Profit": 29,
        "Operating Income": 2,
        "EBIT": 8,
        "Net Income": 4
    },
    "2011-06-30": {
        "Diluted EPS": 0.02,
        "Total Revenue": 82,
        "Gross Profit": 29,
        "Operating Income": 0,
        "EBIT": 6,
        "Net Income": 1
    },
    "2011-03-31": {
        "Diluted EPS": 0.01,
        "Total Revenue": 80,
        "Gross Profit": 29,
        "Operating Income": 1,
        "EBIT": 8,
        "Net Income": 0
    },
    "2010-12-31": {
        "Diluted EPS": -0.12,
        "Total Revenue": 66,
        "Gross Profit": 23,
        "Operating Income": -1,
        "EBIT": 4,
        "Net Income": -5
    },
    "2010-09-30": {
        "Diluted EPS": 0.86,
        "Total Revenue": 58,
        "Gross Profit": 20,
        "Operating Income": 0,
        "EBIT": 4,
        "Net Income": 36
    },
    "2010-06-30": {
        "Diluted EPS": -0.03,
        "Total Revenue": 52,
        "Gross Profit": 17,
        "Operating Income": -1,
        "EBIT": 2,
        "Net Income": -1
    },
    "2010-03-31": {
        "Diluted EPS": 0.02,
        "Total Revenue": 57,
        "Gross Profit": 20,
        "Operating Income": 0,
        "EBIT": 3,
        "Net Income": 1
    },
    "2009-12-31": {
        "Diluted EPS": 0.01,
        "Total Revenue": 57,
        "Gross Profit": 19,
        "Operating Income": 0,
        "EBIT": 4,
        "Net Income": 0
    },
    "2009-09-30": {
        "Diluted EPS": 0.06,
        "Total Revenue": 55,
        "Gross Profit": 17,
        "Operating Income": 0,
        "EBIT": 3,
        "Net Income": 2
    },
    "2009-06-30": {
        "Diluted EPS": -0.03,
        "Total Revenue": 56,
        "Gross Profit": 17,
        "Operating Income": 0,
        "EBIT": 3,
        "Net Income": -1
    },
    "2009-03-31": {
        "Diluted EPS": 0.01,
        "Total Revenue": 61,
        "Gross Profit": 18,
        "Operating Income": 0,
        "EBIT": 4,
        "Net Income": 0
    },
    "2023-06-30": {
        "Tax Effect Of Unusual Items": 0.0,
        "Tax Rate For Calcs": 0.110631,
        "Normalized EBITDA": 8564000.0,
        "Total Unusual Items": 0.0,
        "Total Unusual Items Excluding Goodwill": 0.0,
        "Net Income From Continuing Operation Net Minority Interest": 4325000.0,
        "Reconciled Depreciation": 3115000.0,
        "Reconciled Cost Of Revenue": 42053000.0,
        "EBITDA": 8564000.0,
        "EBIT": 5449000.0,
        "Net Interest Income": -586000.0,
        "Interest Expense": 586000.0,
        "Normalized Income": 4325000.0,
        "Net Income From Continuing And Discontinued Operation": 4325000.0,
        "Total Expenses": 62140000.0,
        "Total Operating Income As Reported": 5449000.0,
        "Diluted Average Shares": 56620977.0,
        "Basic Average Shares": 56617943.0,
        "Diluted EPS": 0.08,
        "Basic EPS": 0.08,
        "Diluted NI Availto Com Stockholders": 4325000.0,
        "Net Income Common Stockholders": 4325000.0,
        "Net Income": 4325000.0,
        "Net Income Including Noncontrolling Interests": 4325000.0,
        "Net Income Continuous Operations": 4325000.0,
        "Tax Provision": 538000.0,
        "Pretax Income": 4863000.0,
        "Other Income Expense": NaN,
        "Special Income Charges": 0.0,
        "Write Off": 0.0,
        "Net Non Operating Interest Income Expense": -586000.0,
        "Total Other Finance Cost": 586000.0,
        "Interest Expense Non Operating": 586000.0,
        "Operating Income": 5449000.0,
        "Operating Expense": 20087000.0,
        "Other Operating Expenses": 47000.0,
        "Research And Development": 9384000.0,
        "Selling General And Administration": 10656000.0,
        "Selling And Marketing Expense": 5932000.0,
        "General And Administrative Expense": 4724000.0,
        "Other Gand A": 4724000.0,
        "Gross Profit": 25536000.0,
        "Cost Of Revenue": 42053000.0,
        "Total Revenue": 67589000.0,
        "Operating Revenue": 67589000.0
    },
    "2023-09-30": {
        "Tax Effect Of Unusual Items": 0.0,
        "Tax Rate For Calcs": 0.180762,
        "Normalized EBITDA": 16119000.0,
        "Total Unusual Items": 0.0,
        "Total Unusual Items Excluding Goodwill": 0.0,
        "Net Income From Continuing Operation Net Minority Interest": 10152000.0,
        "Reconciled Depreciation": 3375000.0,
        "Reconciled Cost Of Revenue": 38123000.0,
        "EBITDA": 16119000.0,
        "EBIT": 12744000.0,
        "Net Interest Income": -352000.0,
        "Interest Expense": 352000.0,
        "Normalized Income": 10152000.0,
        "Net Income From Continuing And Discontinued Operation": 10152000.0,
        "Total Expenses": 51183000.0,
        "Total Operating Income As Reported": 12744000.0,
        "Diluted Average Shares": 56624966.0,
        "Basic Average Shares": 56623793.0,
        "Diluted EPS": 0.18,
        "Basic EPS": 0.18,
        "Diluted NI Availto Com Stockholders": 10152000.0,
        "Net Income Common Stockholders": 10152000.0,
        "Net Income": 10152000.0,
        "Net Income Including Noncontrolling Interests": 10152000.0,
        "Net Income Continuous Operations": 10152000.0,
        "Tax Provision": 2240000.0,
        "Pretax Income": 12392000.0,
        "Other Income Expense": NaN,
        "Special Income Charges": 0.0,
        "Write Off": 0.0,
        "Net Non Operating Interest Income Expense": -352000.0,
        "Total Other Finance Cost": 352000.0,
        "Interest Expense Non Operating": 352000.0,
        "Operating Income": 12744000.0,
        "Operating Expense": 13060000.0,
        "Other Operating Expenses": -7417000.0,
        "Research And Development": 10546000.0,
        "Selling General And Administration": 9931000.0,
        "Selling And Marketing Expense": 6183000.0,
        "General And Administrative Expense": 3748000.0,
        "Other Gand A": 3748000.0,
        "Gross Profit": 25804000.0,
        "Cost Of Revenue": 38123000.0,
        "Total Revenue": 63927000.0,
        "Operating Revenue": 63927000.0
    },
    "2023-12-31": {
        "Tax Effect Of Unusual Items": 1143037.055215,
        "Tax Rate For Calcs": 0.15411,
        "Normalized EBITDA": -392000.0,
        "Total Unusual Items": 7417000.0,
        "Total Unusual Items Excluding Goodwill": 7417000.0,
        "Net Income From Continuing Operation Net Minority Interest": 3447000.0,
        "Reconciled Depreciation": 3805000.0,
        "Reconciled Cost Of Revenue": 46692000.0,
        "EBITDA": 7025000.0,
        "EBIT": 3220000.0,
        "Net Interest Income": 2632000.0,
        "Interest Expense": NaN,
        "Normalized Income": -2826962.944785,
        "Net Income From Continuing And Discontinued Operation": 3447000.0,
        "Total Expenses": 81586000.0,
        "Total Operating Income As Reported": 2879000.0,
        "Diluted Average Shares": NaN,
        "Basic Average Shares": NaN,
        "Diluted EPS": NaN,
        "Basic EPS": NaN,
        "Diluted NI Availto Com Stockholders": 3447000.0,
        "Net Income Common Stockholders": 3447000.0,
        "Net Income": 3447000.0,
        "Net Income Including Noncontrolling Interests": 3447000.0,
        "Net Income Continuous Operations": 3447000.0,
        "Tax Provision": 628000.0,
        "Pretax Income": 4075000.0,
        "Other Income Expense": NaN,
        "Special Income Charges": 8853000.0,
        "Write Off": 0.0,
        "Net Non Operating Interest Income Expense": 2632000.0,
        "Total Other Finance Cost": 846000.0,
        "Interest Expense Non Operating": NaN,
        "Operating Income": -5974000.0,
        "Operating Expense": 34894000.0,
        "Other Operating Expenses": 9839000.0,
        "Research And Development": 11624000.0,
        "Selling General And Administration": 13431000.0,
        "Selling And Marketing Expense": 7119000.0,
        "General And Administrative Expense": 6312000.0,
        "Other Gand A": 6312000.0,
        "Gross Profit": 28920000.0,
        "Cost Of Revenue": 46692000.0,
        "Total Revenue": 75612000.0,
        "Operating Revenue": 75612000.0
    }
}