{
    "2023-03-31": {
        "Tax Effect Of Unusual Items": 0.0,
        "Tax Rate For Calcs": 0.21,
        "Normalized EBITDA": -21475000.0,
        "Total Unusual Items": 0.0,
        "Total Unusual Items Excluding Goodwill": 0.0,
        "Net Income From Continuing Operation Net Minority Interest": -34626000.0,
        "Reconciled Depreciation": 9342000.0,
        "Reconciled Cost Of Revenue": 18071000.0,
        "EBITDA": -21475000.0,
        "EBIT": -30817000.0,
        "Net Interest Income": -1760000.0,
        "Interest Expense": 3408000.0,
        "Interest Income": 1648000.0,
        "Normalized Income": -34626000.0,
        "Net Income From Continuing And Discontinued Operation": -34626000.0,
        "Total Expenses": 106892000.0,
        "Total Operating Income As Reported": -32993000.0,
        "Diluted Average Shares": 47881000.0,
        "Basic Average Shares": 47881000.0,
        "Diluted EPS": -0.72,
        "Basic EPS": -0.72,
        "Diluted NI Availto Com Stockholders": -34626000.0,
        "Net Income Common Stockholders": -34626000.0,
        "Net Income": -34626000.0,
        "Net Income Including Noncontrolling Interests": -34626000.0,
        "Net Income Continuous Operations": -34626000.0,
        "Tax Provision": 401000.0,
        "Pretax Income": -34225000.0,
        "Other Income Expense": 528000.0,
        "Other Non Operating Income Expenses": 528000.0,
        "Special Income Charges": 0.0,
        "Other Special Charges": NaN,
        "Net Non Operating Interest Income Expense": -1760000.0,
        "Interest Expense Non Operating": 3408000.0,
        "Interest Income Non Operating": 1648000.0,
        "Operating Income": -32993000.0,
        "Operating Expense": 88821000.0,
        "Research And Development": 35171000.0,
        "Selling General And Administration": 53650000.0,
        "Gross Profit": 55828000.0,
        "Cost Of Revenue": 18071000.0,
        "Total Revenue": 73899000.0,
        "Operating Revenue": 73899000.0
    },
    "2022-12-31": {
        "Tax Effect Of Unusual Items": -2100000.0,
        "Tax Rate For Calcs": 0.21,
        "Normalized EBITDA": -8579000.0,
        "Total Unusual Items": -10000000.0,
        "Total Unusual Items Excluding Goodwill": -10000000.0,
        "Net Income From Continuing Operation Net Minority Interest": -31460000.0,
        "Reconciled Depreciation": 9174000.0,
        "Reconciled Cost Of Revenue": 17222000.0,
        "EBITDA": -18579000.0,
        "EBIT": -27753000.0,
        "Net Interest Income": -2449000.0,
        "Interest Expense": 3409000.0,
        "Interest Income": 960000.0,
        "Normalized Income": -23560000.0,
        "Net Income From Continuing And Discontinued Operation": -31460000.0,
        "Total Expenses": 94961000.0,
        "Total Operating Income As Reported": -33734000.0,
        "Diluted Average Shares": 47738000.0,
        "Basic Average Shares": 47738000.0,
        "Diluted EPS": -0.66,
        "Basic EPS": -0.66,
        "Diluted NI Availto Com Stockholders": -31460000.0,
        "Net Income Common Stockholders": -31460000.0,
        "Net Income": -31460000.0,
        "Net Income Including Noncontrolling Interests": -31460000.0,
        "Net Income Continuous Operations": -31460000.0,
        "Tax Provision": 298000.0,
        "Pretax Income": -31162000.0,
        "Other Income Expense": -4979000.0,
        "Other Non Operating Income Expenses": 5021000.0,
        "Special Income Charges": -10000000.0,
        "Other Special Charges": 10000000.0,
        "Net Non Operating Interest Income Expense": -2449000.0,
        "Interest Expense Non Operating": 3409000.0,
        "Interest Income Non Operating": 960000.0,
        "Operating Income": -23734000.0,
        "Operating Expense": 77739000.0,
        "Research And Development": 25812000.0,
        "Selling General And Administration": 51927000.0,
        "Gross Profit": 54005000.0,
        "Cost Of Revenue": 17222000.0,
        "Total Revenue": 71227000.0,
        "Operating Revenue": 71227000.0
    },
    "2022-09-30": {
        "Tax Effect Of Unusual Items": 0.0,
        "Tax Rate For Calcs": 0.21,
        "Normalized EBITDA": -23848000.0,
        "Total Unusual Items": 0.0,
        "Total Unusual Items Excluding Goodwill": 0.0,
        "Net Income From Continuing Operation Net Minority Interest": -27576000.0,
        "Reconciled Depreciation": 8976000.0,
        "Reconciled Cost Of Revenue": 16861000.0,
        "EBITDA": -23848000.0,
        "EBIT": -23848000.0,
        "Net Interest Income": -2737000.0,
        "Interest Expense": 3481000.0,
        "Interest Income": 744000.0,
        "Normalized Income": -27576000.0,
        "Net Income From Continuing And Discontinued Operation": -27576000.0,
        "Total Expenses": 92880000.0,
        "Total Operating Income As Reported": -21611000.0,
        "Diluted Average Shares": 47614000.0,
        "Basic Average Shares": 47614000.0,
        "Diluted EPS": -0.58,
        "Basic EPS": -0.58,
        "Diluted NI Availto Com Stockholders": -27576000.0,
        "Net Income Common Stockholders": -27576000.0,
        "Net Income": -27576000.0,
        "Net Income Including Noncontrolling Interests": -27576000.0,
        "Net Income Continuous Operations": -27576000.0,
        "Tax Provision": 247000.0,
        "Pretax Income": -27329000.0,
        "Other Income Expense": -2981000.0,
        "Other Non Operating Income Expenses": -2981000.0,
        "Special Income Charges": 0.0,
        "Other Special Charges": NaN,
        "Net Non Operating Interest Income Expense": -2737000.0,
        "Interest Expense Non Operating": 3481000.0,
        "Interest Income Non Operating": 744000.0,
        "Operating Income": -21611000.0,
        "Operating Expense": 76019000.0,
        "Research And Development": 28870000.0,
        "Selling General And Administration": 47149000.0,
        "Gross Profit": 54408000.0,
        "Cost Of Revenue": 16861000.0,
        "Total Revenue": 71269000.0,
        "Operating Revenue": 71269000.0
    },
    "2022-06-30": {
        "Tax Effect Of Unusual Items": 0.0,
        "Tax Rate For Calcs": 0.002301,
        "Normalized EBITDA": -42227000.0,
        "Total Unusual Items": 0.0,
        "Total Unusual Items Excluding Goodwill": 0.0,
        "Net Income From Continuing Operation Net Minority Interest": -45536000.0,
        "Reconciled Depreciation": 8915000.0,
        "Reconciled Cost Of Revenue": 17833000.0,
        "EBITDA": -42227000.0,
        "EBIT": -42227000.0,
        "Net Interest Income": -3030000.0,
        "Interest Expense": 3414000.0,
        "Interest Income": 384000.0,
        "Normalized Income": -45536000.0,
        "Net Income From Continuing And Discontinued Operation": -45536000.0,
        "Total Expenses": 109445000.0,
        "Total Operating Income As Reported": -36760000.0,
        "Diluted Average Shares": 47356000.0,
        "Basic Average Shares": 47356000.0,
        "Diluted EPS": -0.96,
        "Basic EPS": -0.96,
        "Diluted NI Availto Com Stockholders": -45536000.0,
        "Net Income Common Stockholders": -45536000.0,
        "Net Income": -45536000.0,
        "Net Income Including Noncontrolling Interests": -45536000.0,
        "Net Income Continuous Operations": -45536000.0,
        "Tax Provision": -105000.0,
        "Pretax Income": -45641000.0,
        "Other Income Expense": -5851000.0,
        "Other Non Operating Income Expenses": -5851000.0,
        "Special Income Charges": 0.0,
        "Other Special Charges": 10000000.0,
        "Net Non Operating Interest Income Expense": -3030000.0,
        "Interest Expense Non Operating": 3414000.0,
        "Interest Income Non Operating": 384000.0,
        "Operating Income": -36760000.0,
        "Operating Expense": 91612000.0,
        "Research And Development": 41712000.0,
        "Selling General And Administration": 49900000.0,
        "Gross Profit": 54852000.0,
        "Cost Of Revenue": 17833000.0,
        "Total Revenue": 72685000.0,
        "Operating Revenue": 72685000.0
    },
    "2023-06-30": {
        "Tax Effect Of Unusual Items": -630000.0,
        "Tax Rate For Calcs": 0.21,
        "Normalized EBITDA": -18635000.0,
        "Total Unusual Items": -3000000.0,
        "Total Unusual Items Excluding Goodwill": -3000000.0,
        "Net Income From Continuing Operation Net Minority Interest": -32812000.0,
        "Reconciled Depreciation": 7343000.0,
        "Reconciled Cost Of Revenue": 20103000.0,
        "EBITDA": -21635000.0,
        "EBIT": -28978000.0,
        "Net Interest Income": -1505000.0,
        "Interest Expense": 3399000.0,
        "Interest Income": 1894000.0,
        "Normalized Income": -30442000.0,
        "Net Income From Continuing And Discontinued Operation": -32812000.0,
        "Total Expenses": 106474000.0,
        "Total Operating Income As Reported": -29075000.0,
        "Diluted Average Shares": 48281000.0,
        "Basic Average Shares": 48281000.0,
        "Diluted EPS": -0.68,
        "Basic EPS": -0.68,
        "Diluted NI Availto Com Stockholders": -32812000.0,
        "Net Income Common Stockholders": -32812000.0,
        "Net Income": -32812000.0,
        "Net Income Including Noncontrolling Interests": -32812000.0,
        "Net Income Continuous Operations": -32812000.0,
        "Tax Provision": 435000.0,
        "Pretax Income": -32377000.0,
        "Other Income Expense": -4797000.0,
        "Other Non Operating Income Expenses": -1797000.0,
        "Special Income Charges": -3000000.0,
        "Other Special Charges": 3000000.0,
        "Net Non Operating Interest Income Expense": -1505000.0,
        "Interest Expense Non Operating": 3399000.0,
        "Interest Income Non Operating": 1894000.0,
        "Operating Income": -26075000.0,
        "Operating Expense": 86371000.0,
        "Research And Development": 33234000.0,
        "Selling General And Administration": 53137000.0,
        "Gross Profit": 60296000.0,
        "Cost Of Revenue": 20103000.0,
        "Total Revenue": 80399000.0,
        "Operating Revenue": 80399000.0
    },
    "2022-03-31": {
        "Diluted EPS": 0.11,
        "Total Revenue": 68,
        "Gross Profit": 51,
        "Operating Income": 10,
        "EBIT": 19,
        "Net Income": 5
    },
    "2021-12-31": {
        "Diluted EPS": -0.46,
        "Total Revenue": 73,
        "Gross Profit": 56,
        "Operating Income": -18,
        "EBIT": -9,
        "Net Income": -22
    },
    "2021-09-30": {
        "Diluted EPS": 0.13,
        "Total Revenue": 75,
        "Gross Profit": 59,
        "Operating Income": 11,
        "EBIT": 20,
        "Net Income": 6
    },
    "2021-06-30": {
        "Diluted EPS": -0.38,
        "Total Revenue": 78,
        "Gross Profit": 60,
        "Operating Income": -14,
        "EBIT": -5,
        "Net Income": -17
    },
    "2021-03-31": {
        "Diluted EPS": -0.36,
        "Total Revenue": 68,
        "Gross Profit": 51,
        "Operating Income": -12,
        "EBIT": -3,
        "Net Income": -16
    },
    "2020-12-31": {
        "Diluted EPS": -0.21,
        "Total Revenue": 73,
        "Gross Profit": 54,
        "Operating Income": -11,
        "EBIT": 25,
        "Net Income": -11
    },
    "2020-09-30": {
        "Diluted EPS": -0.35,
        "Total Revenue": 65,
        "Gross Profit": 47,
        "Operating Income": -12,
        "EBIT": -1,
        "Net Income": -16
    },
    "2020-06-30": {
        "Diluted EPS": -0.9,
        "Total Revenue": 32,
        "Gross Profit": 10,
        "Operating Income": -47,
        "EBIT": -38,
        "Net Income": -40
    },
    "2020-03-31": {
        "Diluted EPS": -1.24,
        "Total Revenue": 55,
        "Gross Profit": 23,
        "Operating Income": -53,
        "EBIT": -44,
        "Net Income": -54
    },
    "2019-12-31": {
        "Diluted EPS": 0.95,
        "Total Revenue": 66,
        "Gross Profit": 50,
        "Operating Income": -30,
        "EBIT": -21,
        "Net Income": 37
    },
    "2019-09-30": {
        "Diluted EPS": -0.37,
        "Total Revenue": 59,
        "Gross Profit": 51,
        "Operating Income": -12,
        "EBIT": -11,
        "Net Income": -14
    },
    "2019-06-30": {
        "Diluted EPS": -0.17,
        "Total Revenue": 59,
        "Gross Profit": 51,
        "Operating Income": -6,
        "EBIT": -4,
        "Net Income": -6
    },
    "2019-03-31": {
        "Diluted EPS": -0.04,
        "Total Revenue": 54,
        "Gross Profit": 47,
        "Operating Income": -2,
        "EBIT": -1,
        "Net Income": -1
    },
    "2018-12-31": {
        "Diluted EPS": 0.05,
        "Total Revenue": 54,
        "Gross Profit": 47,
        "Operating Income": 2,
        "EBIT": 3,
        "Net Income": 2
    },
    "2018-09-30": {
        "Diluted EPS": -0.19,
        "Total Revenue": 44,
        "Gross Profit": 38,
        "Operating Income": -7,
        "EBIT": -5,
        "Net Income": -7
    },
    "2018-06-30": {
        "Diluted EPS": -0.15,
        "Total Revenue": 43,
        "Gross Profit": 37,
        "Operating Income": -4,
        "EBIT": -3,
        "Net Income": -5
    },
    "2018-03-31": {
        "Diluted EPS": -0.08,
        "Total Revenue": 40,
        "Gross Profit": 34,
        "Operating Income": -4,
        "EBIT": -2,
        "Net Income": -3
    },
    "2017-12-31": {
        "Diluted EPS": 0.04,
        "Total Revenue": 42,
        "Gross Profit": 37,
        "Operating Income": 1,
        "EBIT": 2,
        "Net Income": 1
    },
    "2017-09-30": {
        "Diluted EPS": 0.04,
        "Total Revenue": 40,
        "Gross Profit": 35,
        "Operating Income": 1,
        "EBIT": 2,
        "Net Income": 1
    },
    "2017-06-30": {
        "Diluted EPS": -0.1,
        "Total Revenue": 41,
        "Gross Profit": 36,
        "Operating Income": -4,
        "EBIT": -2,
        "Net Income": -3
    },
    "2017-03-31": {
        "Diluted EPS": 0.02,
        "Total Revenue": 36,
        "Gross Profit": 31,
        "Operating Income": 0,
        "EBIT": 1,
        "Net Income": 1
    },
    "2016-12-31": {
        "Diluted EPS": 0.0,
        "Total Revenue": 33,
        "Gross Profit": 28,
        "Operating Income": 0,
        "EBIT": 2,
        "Net Income": 0
    },
    "2016-09-30": {
        "Diluted EPS": 0.03,
        "Total Revenue": 30,
        "Gross Profit": 26,
        "Operating Income": 1,
        "EBIT": 2,
        "Net Income": 1
    },
    "2016-06-30": {
        "Diluted EPS": 0.06,
        "Total Revenue": 29,
        "Gross Profit": 24,
        "Operating Income": 2,
        "EBIT": 3,
        "Net Income": 2
    },
    "2016-03-31": {
        "Diluted EPS": 0.03,
        "Total Revenue": 23,
        "Gross Profit": 20,
        "Operating Income": 1,
        "EBIT": 2,
        "Net Income": 1
    },
    "2015-12-31": {
        "Diluted EPS": 9.3,
        "Total Revenue": 20,
        "Gross Profit": 17,
        "Operating Income": -2,
        "EBIT": -1,
        "Net Income": -2
    },
    "2015-09-30": {
        "Diluted EPS": -0.07,
        "Total Revenue": 19,
        "Gross Profit": 16,
        "Operating Income": -2,
        "EBIT": -1,
        "Net Income": -2
    },
    "2015-06-30": {
        "Diluted EPS": -10.96,
        "Total Revenue": 18,
        "Gross Profit": 14,
        "Operating Income": -5,
        "EBIT": -4,
        "Net Income": -32
    },
    "2015-03-31": {
        "Diluted EPS": -0.4,
        "Total Revenue": 15,
        "Gross Profit": 12,
        "Operating Income": -1,
        "EBIT": 0,
        "Net Income": -1
    },
    "2014-12-31": {
        "Diluted EPS": -1.94,
        "Total Revenue": 14,
        "Gross Profit": 9,
        "Operating Income": -5,
        "EBIT": -4,
        "Net Income": -5
    },
    "2014-09-30": {
        "Diluted EPS": -0.64,
        "Total Revenue": 12,
        "Gross Profit": 10,
        "Operating Income": -2,
        "EBIT": -1,
        "Net Income": -1
    },
    "2014-06-30": {
        "Diluted EPS": -0.9,
        "Total Revenue": 11,
        "Gross Profit": 9,
        "Operating Income": -2,
        "EBIT": -1,
        "Net Income": -2
    },
    "2014-03-31": {
        "Diluted EPS": -1.83,
        "Total Revenue": 8,
        "Gross Profit": 6,
        "Operating Income": -4,
        "EBIT": -3,
        "Net Income": -4
    },
    "2013-12-31": {
        "Diluted EPS": 0.0,
        "Total Revenue": NaN,
        "Gross Profit": NaN,
        "Operating Income": NaN,
        "EBIT": NaN,
        "Net Income": NaN
    },
    "2023-09-30": {
        "Tax Effect Of Unusual Items": 0.0,
        "Tax Rate For Calcs": 0.21,
        "Normalized EBITDA": -15337000.0,
        "Total Unusual Items": 0.0,
        "Total Unusual Items Excluding Goodwill": 0.0,
        "Net Income From Continuing Operation Net Minority Interest": -30444000.0,
        "Reconciled Depreciation": 11672000.0,
        "Reconciled Cost Of Revenue": 18510000.0,
        "EBITDA": -15337000.0,
        "EBIT": -27009000.0,
        "Net Interest Income": -688000.0,
        "Interest Expense": 3398000.0,
        "Interest Income": 2710000.0,
        "Normalized Income": -30444000.0,
        "Net Income From Continuing And Discontinued Operation": -30444000.0,
        "Total Expenses": 106058000.0,
        "Total Operating Income As Reported": -28010000.0,
        "Diluted Average Shares": 48675000.0,
        "Basic Average Shares": 48675000.0,
        "Diluted EPS": -0.63,
        "Basic EPS": -0.63,
        "Diluted NI Availto Com Stockholders": -30444000.0,
        "Net Income Common Stockholders": -30444000.0,
        "Net Income": -30444000.0,
        "Net Income Including Noncontrolling Interests": -30444000.0,
        "Net Income Continuous Operations": -30444000.0,
        "Tax Provision": 37000.0,
        "Pretax Income": -30407000.0,
        "Other Income Expense": -1709000.0,
        "Other Non Operating Income Expenses": -1709000.0,
        "Special Income Charges": 0.0,
        "Other Special Charges": NaN,
        "Net Non Operating Interest Income Expense": -688000.0,
        "Interest Expense Non Operating": 3398000.0,
        "Interest Income Non Operating": 2710000.0,
        "Operating Income": -28010000.0,
        "Operating Expense": 87548000.0,
        "Research And Development": 33301000.0,
        "Selling General And Administration": 54247000.0,
        "Gross Profit": 59538000.0,
        "Cost Of Revenue": 18510000.0,
        "Total Revenue": 78048000.0,
        "Operating Revenue": 78048000.0
    },
    "2023-12-31": {
        "Tax Effect Of Unusual Items": -420000.0,
        "Tax Rate For Calcs": 0.21,
        "Normalized EBITDA": -21669000.0,
        "Total Unusual Items": -2000000.0,
        "Total Unusual Items Excluding Goodwill": -2000000.0,
        "Net Income From Continuing Operation Net Minority Interest": -36779000.0,
        "Reconciled Depreciation": 9621000.0,
        "Reconciled Cost Of Revenue": 18891000.0,
        "EBITDA": -23669000.0,
        "EBIT": -33290000.0,
        "Net Interest Income": -516000.0,
        "Interest Expense": 3428000.0,
        "Interest Income": 2912000.0,
        "Normalized Income": -35199000.0,
        "Net Income From Continuing And Discontinued Operation": -36779000.0,
        "Total Expenses": 118987000.0,
        "Total Operating Income As Reported": -38622000.0,
        "Diluted Average Shares": 48876000.0,
        "Basic Average Shares": 48876000.0,
        "Diluted EPS": -0.75,
        "Basic EPS": -0.75,
        "Diluted NI Availto Com Stockholders": -36779000.0,
        "Net Income Common Stockholders": -36779000.0,
        "Net Income": -36779000.0,
        "Net Income Including Noncontrolling Interests": -36779000.0,
        "Net Income Continuous Operations": -36779000.0,
        "Tax Provision": 61000.0,
        "Pretax Income": -36718000.0,
        "Other Income Expense": 420000.0,
        "Other Non Operating Income Expenses": 2420000.0,
        "Special Income Charges": -2000000.0,
        "Other Special Charges": 2000000.0,
        "Net Non Operating Interest Income Expense": -516000.0,
        "Interest Expense Non Operating": 3428000.0,
        "Interest Income Non Operating": 2912000.0,
        "Operating Income": -36622000.0,
        "Operating Expense": 100096000.0,
        "Research And Development": 37062000.0,
        "Selling General And Administration": 63034000.0,
        "Gross Profit": 63474000.0,
        "Cost Of Revenue": 18891000.0,
        "Total Revenue": 82365000.0,
        "Operating Revenue": 82365000.0
    },
    "2024-03-31": {
        "Tax Effect Of Unusual Items": -4691600.0,
        "Tax Rate For Calcs": 0.4,
        "Normalized EBITDA": -15298000.0,
        "Total Unusual Items": -11729000.0,
        "Total Unusual Items Excluding Goodwill": -11729000.0,
        "Net Income From Continuing Operation Net Minority Interest": -40838000.0,
        "Reconciled Depreciation": 9984000.0,
        "Reconciled Cost Of Revenue": 20258000.0,
        "EBITDA": -27027000.0,
        "EBIT": -37011000.0,
        "Net Interest Income": -367000.0,
        "Interest Expense": 3450000.0,
        "Interest Income": 3083000.0,
        "Normalized Income": -33800600.0,
        "Net Income From Continuing And Discontinued Operation": -40838000.0,
        "Total Expenses": 112959000.0,
        "Total Operating Income As Reported": -39066000.0,
        "Diluted Average Shares": 49580000.0,
        "Basic Average Shares": 49580000.0,
        "Diluted EPS": -0.82,
        "Basic EPS": -0.82,
        "Diluted NI Availto Com Stockholders": -40838000.0,
        "Net Income Common Stockholders": -40838000.0,
        "Net Income": -40838000.0,
        "Net Income Including Noncontrolling Interests": -40838000.0,
        "Net Income Continuous Operations": -40838000.0,
        "Tax Provision": 377000.0,
        "Pretax Income": -40461000.0,
        "Other Income Expense": -12757000.0,
        "Other Non Operating Income Expenses": -1028000.0,
        "Special Income Charges": -11729000.0,
        "Other Special Charges": 11729000.0,
        "Net Non Operating Interest Income Expense": -367000.0,
        "Interest Expense Non Operating": 3450000.0,
        "Interest Income Non Operating": 3083000.0,
        "Operating Income": -27337000.0,
        "Operating Expense": 92701000.0,
        "Research And Development": 30726000.0,
        "Selling General And Administration": 61975000.0,
        "Gross Profit": 65364000.0,
        "Cost Of Revenue": 20258000.0,
        "Total Revenue": 85622000.0,
        "Operating Revenue": 85622000.0
    }
}