{
    "2023-06-30": {
        "Tax Effect Of Unusual Items": 0.0,
        "Tax Rate For Calcs": 0.186181,
        "Total Unusual Items": NaN,
        "Total Unusual Items Excluding Goodwill": NaN,
        "Net Income From Continuing Operation Net Minority Interest": 215260000.0,
        "EBIT": 290324000.0,
        "Net Interest Income": -25818000.0,
        "Interest Expense": 25818000.0,
        "Normalized Income": 215260000.0,
        "Net Income From Continuing And Discontinued Operation": 215260000.0,
        "Total Expenses": 1061900000.0,
        "Diluted Average Shares": 96251435.0,
        "Basic Average Shares": 95330416.0,
        "Diluted EPS": 2.24,
        "Basic EPS": 2.26,
        "Diluted NI Availto Com Stockholders": 215260000.0,
        "Net Income Common Stockholders": 215260000.0,
        "Net Income": 215260000.0,
        "Net Income Including Noncontrolling Interests": 215260000.0,
        "Net Income Continuous Operations": 215260000.0,
        "Tax Provision": 49246000.0,
        "Pretax Income": 264506000.0,
        "Other Income Expense": 85000.0,
        "Special Income Charges": NaN,
        "Other Special Charges": NaN,
        "Net Non Operating Interest Income Expense": -25818000.0,
        "Interest Expense Non Operating": 25818000.0,
        "Other Operating Expenses": 86033000.0,
        "Selling General And Administration": NaN,
        "General And Administrative Expense": NaN,
        "Other Gand A": NaN,
        "Salaries And Wages": NaN,
        "Total Revenue": 1326406000.0,
        "Operating Revenue": 1326406000.0
    },
    "2023-03-31": {
        "Tax Effect Of Unusual Items": 0.0,
        "Tax Rate For Calcs": 0.184601,
        "Total Unusual Items": NaN,
        "Total Unusual Items Excluding Goodwill": NaN,
        "Net Income From Continuing Operation Net Minority Interest": 223610000.0,
        "EBIT": 299101000.0,
        "Net Interest Income": -24867000.0,
        "Interest Expense": 24867000.0,
        "Normalized Income": 223610000.0,
        "Net Income From Continuing And Discontinued Operation": 223610000.0,
        "Total Expenses": 819234000.0,
        "Diluted Average Shares": 97911100.0,
        "Basic Average Shares": 96388211.0,
        "Diluted EPS": 2.28,
        "Basic EPS": 2.32,
        "Diluted NI Availto Com Stockholders": 223610000.0,
        "Net Income Common Stockholders": 223610000.0,
        "Net Income": 223610000.0,
        "Net Income Including Noncontrolling Interests": 223610000.0,
        "Net Income Continuous Operations": 223610000.0,
        "Tax Provision": 50624000.0,
        "Pretax Income": 274234000.0,
        "Other Income Expense": 50000.0,
        "Special Income Charges": NaN,
        "Other Special Charges": NaN,
        "Net Non Operating Interest Income Expense": -24867000.0,
        "Interest Expense Non Operating": 24867000.0,
        "Other Operating Expenses": 2585000.0,
        "Selling General And Administration": 81586000.0,
        "General And Administrative Expense": 81586000.0,
        "Other Gand A": 34624000.0,
        "Salaries And Wages": 46962000.0,
        "Total Revenue": 1093468000.0,
        "Operating Revenue": 1093468000.0
    },
    "2022-12-31": {
        "Tax Effect Of Unusual Items": NaN,
        "Tax Rate For Calcs": NaN,
        "Total Unusual Items": -1080000.0,
        "Total Unusual Items Excluding Goodwill": -1080000.0,
        "Net Income From Continuing Operation Net Minority Interest": NaN,
        "EBIT": NaN,
        "Net Interest Income": NaN,
        "Interest Expense": NaN,
        "Normalized Income": NaN,
        "Net Income From Continuing And Discontinued Operation": NaN,
        "Total Expenses": NaN,
        "Diluted Average Shares": NaN,
        "Basic Average Shares": NaN,
        "Diluted EPS": NaN,
        "Basic EPS": NaN,
        "Diluted NI Availto Com Stockholders": NaN,
        "Net Income Common Stockholders": NaN,
        "Net Income": NaN,
        "Net Income Including Noncontrolling Interests": NaN,
        "Net Income Continuous Operations": NaN,
        "Tax Provision": NaN,
        "Pretax Income": NaN,
        "Other Income Expense": NaN,
        "Special Income Charges": -1080000.0,
        "Other Special Charges": 1080000.0,
        "Net Non Operating Interest Income Expense": NaN,
        "Interest Expense Non Operating": NaN,
        "Other Operating Expenses": NaN,
        "Selling General And Administration": 87075000.0,
        "General And Administrative Expense": 87075000.0,
        "Other Gand A": 32873000.0,
        "Salaries And Wages": 54202000.0,
        "Total Revenue": NaN,
        "Operating Revenue": NaN
    },
    "2022-09-30": {
        "Tax Effect Of Unusual Items": NaN,
        "Tax Rate For Calcs": NaN,
        "Total Unusual Items": 0.0,
        "Total Unusual Items Excluding Goodwill": 0.0,
        "Net Income From Continuing Operation Net Minority Interest": NaN,
        "EBIT": NaN,
        "Net Interest Income": NaN,
        "Interest Expense": NaN,
        "Normalized Income": NaN,
        "Net Income From Continuing And Discontinued Operation": NaN,
        "Total Expenses": NaN,
        "Diluted Average Shares": NaN,
        "Basic Average Shares": NaN,
        "Diluted EPS": NaN,
        "Basic EPS": NaN,
        "Diluted NI Availto Com Stockholders": NaN,
        "Net Income Common Stockholders": NaN,
        "Net Income": NaN,
        "Net Income Including Noncontrolling Interests": NaN,
        "Net Income Continuous Operations": NaN,
        "Tax Provision": NaN,
        "Pretax Income": NaN,
        "Other Income Expense": NaN,
        "Special Income Charges": 0.0,
        "Other Special Charges": NaN,
        "Net Non Operating Interest Income Expense": NaN,
        "Interest Expense Non Operating": NaN,
        "Other Operating Expenses": NaN,
        "Selling General And Administration": NaN,
        "General And Administrative Expense": NaN,
        "Other Gand A": NaN,
        "Salaries And Wages": NaN,
        "Total Revenue": NaN,
        "Operating Revenue": NaN
    },
    "2022-06-30": {
        "Tax Effect Of Unusual Items": 0.0,
        "Tax Rate For Calcs": 0.184298,
        "Total Unusual Items": NaN,
        "Total Unusual Items Excluding Goodwill": NaN,
        "Net Income From Continuing Operation Net Minority Interest": 177004000.0,
        "EBIT": 238824000.0,
        "Net Interest Income": -21828000.0,
        "Interest Expense": 21828000.0,
        "Normalized Income": 177004000.0,
        "Net Income From Continuing And Discontinued Operation": 177004000.0,
        "Total Expenses": 1075612000.0,
        "Diluted Average Shares": 98940679.0,
        "Basic Average Shares": 98222993.0,
        "Diluted EPS": 2.26,
        "Basic EPS": 2.28,
        "Diluted NI Availto Com Stockholders": 177004000.0,
        "Net Income Common Stockholders": 177004000.0,
        "Net Income": 177004000.0,
        "Net Income Including Noncontrolling Interests": 177004000.0,
        "Net Income Continuous Operations": 177004000.0,
        "Tax Provision": 39992000.0,
        "Pretax Income": 216996000.0,
        "Other Income Expense": 299000.0,
        "Special Income Charges": NaN,
        "Other Special Charges": NaN,
        "Net Non Operating Interest Income Expense": -21828000.0,
        "Interest Expense Non Operating": 21828000.0,
        "Other Operating Expenses": 89658000.0,
        "Selling General And Administration": NaN,
        "General And Administrative Expense": NaN,
        "Other Gand A": NaN,
        "Salaries And Wages": NaN,
        "Total Revenue": 1292608000.0,
        "Operating Revenue": 1292608000.0
    },
    "2023-09-30": {
        "Tax Effect Of Unusual Items": 0.0,
        "Tax Rate For Calcs": 0.19363,
        "Total Unusual Items": NaN,
        "Total Unusual Items Excluding Goodwill": NaN,
        "Net Income From Continuing Operation Net Minority Interest": 257083000.0,
        "EBIT": 344770000.0,
        "Net Interest Income": -25955000.0,
        "Interest Expense": 25955000.0,
        "Normalized Income": 257083000.0,
        "Net Income From Continuing And Discontinued Operation": 257083000.0,
        "Total Expenses": 1065303000.0,
        "Diluted Average Shares": 95817637.0,
        "Basic Average Shares": 94636867.0,
        "Diluted EPS": 2.68,
        "Basic EPS": 2.72,
        "Diluted NI Availto Com Stockholders": 257083000.0,
        "Net Income Common Stockholders": 257083000.0,
        "Net Income": 257083000.0,
        "Net Income Including Noncontrolling Interests": 257083000.0,
        "Net Income Continuous Operations": 257083000.0,
        "Tax Provision": 61732000.0,
        "Pretax Income": 318815000.0,
        "Other Income Expense": 50000.0,
        "Special Income Charges": NaN,
        "Other Special Charges": NaN,
        "Net Non Operating Interest Income Expense": -25955000.0,
        "Interest Expense Non Operating": 25955000.0,
        "Other Operating Expenses": 85870000.0,
        "Selling General And Administration": NaN,
        "General And Administrative Expense": NaN,
        "Other Gand A": NaN,
        "Salaries And Wages": NaN,
        "Total Revenue": 1384118000.0,
        "Operating Revenue": 1384118000.0
    },
    "2023-12-31": {
        "Tax Effect Of Unusual Items": -165477.516327,
        "Tax Rate For Calcs": 0.183864,
        "Total Unusual Items": -900000.0,
        "Total Unusual Items Excluding Goodwill": -900000.0,
        "Net Income From Continuing Operation Net Minority Interest": 274802000.0,
        "EBIT": 362387000.0,
        "Net Interest Income": -25676000.0,
        "Interest Expense": 25676000.0,
        "Normalized Income": 275536522.483673,
        "Net Income From Continuing And Discontinued Operation": 274802000.0,
        "Total Expenses": 1078980000.0,
        "Diluted Average Shares": 95464000.0,
        "Basic Average Shares": 94110274.0,
        "Diluted EPS": 2.88,
        "Basic EPS": 2.92,
        "Diluted NI Availto Com Stockholders": 274802000.0,
        "Net Income Common Stockholders": 274802000.0,
        "Net Income": 274802000.0,
        "Net Income Including Noncontrolling Interests": 274802000.0,
        "Net Income Continuous Operations": 274802000.0,
        "Tax Provision": 61909000.0,
        "Pretax Income": 336711000.0,
        "Other Income Expense": 123000.0,
        "Special Income Charges": -900000.0,
        "Other Special Charges": NaN,
        "Net Non Operating Interest Income Expense": -25676000.0,
        "Interest Expense Non Operating": 25676000.0,
        "Other Operating Expenses": 2612000.0,
        "Selling General And Administration": 85214000.0,
        "General And Administrative Expense": 85214000.0,
        "Other Gand A": 38524000.0,
        "Salaries And Wages": 46690000.0,
        "Total Revenue": 1415691000.0,
        "Operating Revenue": 1415691000.0
    },
    "2024-03-31": {
        "Tax Effect Of Unusual Items": 0.0,
        "Tax Rate For Calcs": 0.192765,
        "Total Unusual Items": NaN,
        "Total Unusual Items Excluding Goodwill": NaN,
        "Net Income From Continuing Operation Net Minority Interest": 254217000.0,
        "EBIT": 343544000.0,
        "Net Interest Income": -28621000.0,
        "Interest Expense": 28621000.0,
        "Normalized Income": 254217000.0,
        "Net Income From Continuing And Discontinued Operation": 254217000.0,
        "Total Expenses": 862423000.0,
        "Diluted Average Shares": 95114515.0,
        "Basic Average Shares": 93865606.0,
        "Diluted EPS": 2.67,
        "Basic EPS": 2.71,
        "Diluted NI Availto Com Stockholders": 254217000.0,
        "Net Income Common Stockholders": 254217000.0,
        "Net Income": 254217000.0,
        "Net Income Including Noncontrolling Interests": 254217000.0,
        "Net Income Continuous Operations": 254217000.0,
        "Tax Provision": 60706000.0,
        "Pretax Income": 314923000.0,
        "Other Income Expense": 76000.0,
        "Special Income Charges": NaN,
        "Other Special Charges": NaN,
        "Net Non Operating Interest Income Expense": -28621000.0,
        "Interest Expense Non Operating": 28621000.0,
        "Other Operating Expenses": 2826000.0,
        "Selling General And Administration": 89678000.0,
        "General And Administrative Expense": 89678000.0,
        "Other Gand A": 39224000.0,
        "Salaries And Wages": 50454000.0,
        "Total Revenue": 1177346000.0,
        "Operating Revenue": 1177346000.0
    }
}