{
    "2023-03-31": {
        "Tax Effect Of Unusual Items": NaN,
        "Tax Rate For Calcs": NaN,
        "Normalized EBITDA": NaN,
        "Net Income From Continuing Operation Net Minority Interest": NaN,
        "Reconciled Depreciation": NaN,
        "Reconciled Cost Of Revenue": NaN,
        "EBITDA": NaN,
        "EBIT": NaN,
        "Net Interest Income": NaN,
        "Interest Expense": 2400000.0,
        "Interest Income": NaN,
        "Normalized Income": NaN,
        "Net Income From Continuing And Discontinued Operation": NaN,
        "Total Expenses": NaN,
        "Total Operating Income As Reported": NaN,
        "Diluted Average Shares": NaN,
        "Basic Average Shares": NaN,
        "Diluted EPS": NaN,
        "Basic EPS": NaN,
        "Diluted NI Availto Com Stockholders": NaN,
        "Net Income Common Stockholders": NaN,
        "Net Income": NaN,
        "Net Income Including Noncontrolling Interests": NaN,
        "Net Income Continuous Operations": NaN,
        "Tax Provision": NaN,
        "Pretax Income": NaN,
        "Net Non Operating Interest Income Expense": NaN,
        "Interest Expense Non Operating": 2400000.0,
        "Interest Income Non Operating": NaN,
        "Operating Income": NaN,
        "Operating Expense": NaN,
        "Research And Development": NaN,
        "Selling General And Administration": NaN,
        "Selling And Marketing Expense": NaN,
        "General And Administrative Expense": NaN,
        "Other Gand A": NaN,
        "Gross Profit": NaN,
        "Cost Of Revenue": NaN,
        "Total Revenue": NaN,
        "Operating Revenue": NaN
    },
    "2022-12-31": {
        "Tax Effect Of Unusual Items": 0.0,
        "Tax Rate For Calcs": 0.194004,
        "Normalized EBITDA": 120983000.0,
        "Net Income From Continuing Operation Net Minority Interest": -28471000.0,
        "Reconciled Depreciation": 156090000.0,
        "Reconciled Cost Of Revenue": 84023000.0,
        "EBITDA": 120983000.0,
        "EBIT": -35107000.0,
        "Net Interest Income": -217000.0,
        "Interest Expense": NaN,
        "Interest Income": NaN,
        "Normalized Income": -28471000.0,
        "Net Income From Continuing And Discontinued Operation": -28471000.0,
        "Total Expenses": 174972000.0,
        "Total Operating Income As Reported": -35107000.0,
        "Diluted Average Shares": 160589413.0,
        "Basic Average Shares": 160589413.0,
        "Diluted EPS": -0.18,
        "Basic EPS": -0.18,
        "Diluted NI Availto Com Stockholders": -28471000.0,
        "Net Income Common Stockholders": -28471000.0,
        "Net Income": -28471000.0,
        "Net Income Including Noncontrolling Interests": -28471000.0,
        "Net Income Continuous Operations": -28471000.0,
        "Tax Provision": -6853000.0,
        "Pretax Income": -35324000.0,
        "Net Non Operating Interest Income Expense": -217000.0,
        "Interest Expense Non Operating": NaN,
        "Interest Income Non Operating": NaN,
        "Operating Income": -35107000.0,
        "Operating Expense": 90949000.0,
        "Research And Development": 23698000.0,
        "Selling General And Administration": 67251000.0,
        "Selling And Marketing Expense": 52592000.0,
        "General And Administrative Expense": 14659000.0,
        "Other Gand A": 14659000.0,
        "Gross Profit": 55842000.0,
        "Cost Of Revenue": 84023000.0,
        "Total Revenue": 139865000.0,
        "Operating Revenue": 139865000.0
    },
    "2022-09-30": {
        "Tax Effect Of Unusual Items": NaN,
        "Tax Rate For Calcs": NaN,
        "Normalized EBITDA": NaN,
        "Net Income From Continuing Operation Net Minority Interest": NaN,
        "Reconciled Depreciation": NaN,
        "Reconciled Cost Of Revenue": NaN,
        "EBITDA": NaN,
        "EBIT": NaN,
        "Net Interest Income": NaN,
        "Interest Expense": 10890000.0,
        "Interest Income": NaN,
        "Normalized Income": NaN,
        "Net Income From Continuing And Discontinued Operation": NaN,
        "Total Expenses": NaN,
        "Total Operating Income As Reported": NaN,
        "Diluted Average Shares": NaN,
        "Basic Average Shares": NaN,
        "Diluted EPS": NaN,
        "Basic EPS": NaN,
        "Diluted NI Availto Com Stockholders": NaN,
        "Net Income Common Stockholders": NaN,
        "Net Income": NaN,
        "Net Income Including Noncontrolling Interests": NaN,
        "Net Income Continuous Operations": NaN,
        "Tax Provision": NaN,
        "Pretax Income": NaN,
        "Net Non Operating Interest Income Expense": NaN,
        "Total Other Finance Cost": 10890000.0,
        "Interest Expense Non Operating": 10890000.0,
        "Interest Income Non Operating": NaN,
        "Operating Income": NaN,
        "Operating Expense": NaN,
        "Research And Development": NaN,
        "Selling General And Administration": NaN,
        "Selling And Marketing Expense": NaN,
        "General And Administrative Expense": NaN,
        "Other Gand A": NaN,
        "Gross Profit": NaN,
        "Cost Of Revenue": NaN,
        "Total Revenue": NaN,
        "Operating Revenue": NaN
    },
    "2022-06-30": {
        "Tax Effect Of Unusual Items": 0.0,
        "Tax Rate For Calcs": 0.4,
        "Normalized EBITDA": -42924000.0,
        "Net Income From Continuing Operation Net Minority Interest": -48797000.0,
        "Reconciled Depreciation": 6379000.0,
        "Reconciled Cost Of Revenue": 52954000.0,
        "EBITDA": -42924000.0,
        "EBIT": -49303000.0,
        "Net Interest Income": 680000.0,
        "Interest Expense": NaN,
        "Interest Income": 680000.0,
        "Normalized Income": -48797000.0,
        "Net Income From Continuing And Discontinued Operation": -48797000.0,
        "Total Expenses": 136608000.0,
        "Total Operating Income As Reported": -49303000.0,
        "Diluted Average Shares": 156891201.0,
        "Basic Average Shares": 156891201.0,
        "Diluted EPS": -0.31,
        "Basic EPS": -0.31,
        "Diluted NI Availto Com Stockholders": -48797000.0,
        "Net Income Common Stockholders": -48797000.0,
        "Net Income": -48797000.0,
        "Net Income Including Noncontrolling Interests": -48797000.0,
        "Net Income Continuous Operations": -48797000.0,
        "Tax Provision": 174000.0,
        "Pretax Income": -48623000.0,
        "Net Non Operating Interest Income Expense": 680000.0,
        "Total Other Finance Cost": NaN,
        "Interest Expense Non Operating": NaN,
        "Interest Income Non Operating": 680000.0,
        "Operating Income": -49303000.0,
        "Operating Expense": 83654000.0,
        "Research And Development": 17597000.0,
        "Selling General And Administration": 66057000.0,
        "Selling And Marketing Expense": 50986000.0,
        "General And Administrative Expense": 15071000.0,
        "Other Gand A": 15071000.0,
        "Gross Profit": 34351000.0,
        "Cost Of Revenue": 52954000.0,
        "Total Revenue": 87305000.0,
        "Operating Revenue": 87305000.0
    },
    "2022-03-31": {
        "Diluted EPS": -0.35,
        "Total Revenue": 76,
        "Gross Profit": 27,
        "Operating Income": -52,
        "EBIT": -8,
        "Net Income": -54
    },
    "2021-12-31": {
        "Diluted EPS": -0.22,
        "Total Revenue": 83,
        "Gross Profit": 33,
        "Operating Income": -22,
        "EBIT": 7,
        "Net Income": -22
    },
    "2021-09-30": {
        "Diluted EPS": -0.19,
        "Total Revenue": 59,
        "Gross Profit": 23,
        "Operating Income": -28,
        "EBIT": 27,
        "Net Income": -28
    },
    "2021-06-30": {
        "Diluted EPS": -0.25,
        "Total Revenue": 57,
        "Gross Profit": 21,
        "Operating Income": -19,
        "EBIT": -19,
        "Net Income": -22
    },
    "2021-03-31": {
        "Diluted EPS": -0.08,
        "Total Revenue": 46,
        "Gross Profit": 15,
        "Operating Income": 4,
        "EBIT": 4,
        "Net Income": -2
    },
    "2020-12-31": {
        "Diluted EPS": 0.1,
        "Total Revenue": 54,
        "Gross Profit": 18,
        "Operating Income": 5,
        "EBIT": 5,
        "Net Income": 4
    },
    "2020-09-30": {
        "Diluted EPS": 0.01,
        "Total Revenue": 33,
        "Gross Profit": 10,
        "Operating Income": 2,
        "EBIT": 2,
        "Net Income": 0
    },
    "2020-06-30": {
        "Diluted EPS": -0.02,
        "Total Revenue": 30,
        "Gross Profit": 10,
        "Operating Income": 1,
        "EBIT": 2,
        "Net Income": 0
    },
    "2020-03-31": {
        "Diluted EPS": -0.06,
        "Total Revenue": 20,
        "Gross Profit": 6,
        "Operating Income": -1,
        "EBIT": -1,
        "Net Income": -1
    },
    "2019-12-31": {
        "Diluted EPS": 0.0,
        "Total Revenue": NaN,
        "Gross Profit": NaN,
        "Operating Income": NaN,
        "EBIT": NaN,
        "Net Income": NaN
    },
    "2023-06-30": {
        "Tax Effect Of Unusual Items": NaN,
        "Tax Rate For Calcs": NaN,
        "Normalized EBITDA": NaN,
        "Net Income From Continuing Operation Net Minority Interest": NaN,
        "Reconciled Depreciation": NaN,
        "Reconciled Cost Of Revenue": NaN,
        "EBITDA": NaN,
        "EBIT": NaN,
        "Net Interest Income": NaN,
        "Interest Expense": 754000.0,
        "Interest Income": NaN,
        "Normalized Income": NaN,
        "Net Income From Continuing And Discontinued Operation": NaN,
        "Total Expenses": NaN,
        "Total Operating Income As Reported": NaN,
        "Diluted Average Shares": NaN,
        "Basic Average Shares": NaN,
        "Diluted EPS": NaN,
        "Basic EPS": NaN,
        "Diluted NI Availto Com Stockholders": NaN,
        "Net Income Common Stockholders": NaN,
        "Net Income": NaN,
        "Net Income Including Noncontrolling Interests": NaN,
        "Net Income Continuous Operations": NaN,
        "Tax Provision": NaN,
        "Pretax Income": NaN,
        "Net Non Operating Interest Income Expense": NaN,
        "Interest Expense Non Operating": 754000.0,
        "Interest Income Non Operating": NaN,
        "Operating Income": NaN,
        "Operating Expense": NaN,
        "Research And Development": NaN,
        "Selling General And Administration": NaN,
        "Selling And Marketing Expense": NaN,
        "General And Administrative Expense": NaN,
        "Other Gand A": NaN,
        "Gross Profit": NaN,
        "Cost Of Revenue": NaN,
        "Total Revenue": NaN,
        "Operating Revenue": NaN
    },
    "2023-09-30": {
        "Tax Effect Of Unusual Items": 0.0,
        "Tax Rate For Calcs": 0.23,
        "Normalized EBITDA": -30097000.0,
        "Net Income From Continuing Operation Net Minority Interest": -33091000.0,
        "Reconciled Depreciation": 5504000.0,
        "Reconciled Cost Of Revenue": 77089000.0,
        "EBITDA": -30097000.0,
        "EBIT": -35601000.0,
        "Net Interest Income": 3405000.0,
        "Interest Expense": NaN,
        "Interest Income": 3405000.0,
        "Normalized Income": -33091000.0,
        "Net Income From Continuing And Discontinued Operation": -33091000.0,
        "Total Expenses": 169206000.0,
        "Total Operating Income As Reported": -35601000.0,
        "Diluted Average Shares": 164904339.0,
        "Basic Average Shares": 164904339.0,
        "Diluted EPS": -0.2,
        "Basic EPS": -0.2,
        "Diluted NI Availto Com Stockholders": -33091000.0,
        "Net Income Common Stockholders": -33091000.0,
        "Net Income": -33091000.0,
        "Net Income Including Noncontrolling Interests": -33091000.0,
        "Net Income Continuous Operations": -33091000.0,
        "Tax Provision": 895000.0,
        "Pretax Income": -32196000.0,
        "Net Non Operating Interest Income Expense": 3405000.0,
        "Interest Expense Non Operating": NaN,
        "Interest Income Non Operating": 3405000.0,
        "Operating Income": -35601000.0,
        "Operating Expense": 92117000.0,
        "Research And Development": 24883000.0,
        "Selling General And Administration": 67234000.0,
        "Selling And Marketing Expense": 53643000.0,
        "General And Administrative Expense": 13591000.0,
        "Other Gand A": 13591000.0,
        "Gross Profit": 56516000.0,
        "Cost Of Revenue": 77089000.0,
        "Total Revenue": 133605000.0,
        "Operating Revenue": 133605000.0
    },
    "2023-12-31": {
        "Tax Effect Of Unusual Items": 0.0,
        "Tax Rate For Calcs": 0.23,
        "Normalized EBITDA": 132976000.0,
        "Net Income From Continuing Operation Net Minority Interest": -22098000.0,
        "Reconciled Depreciation": 156031000.0,
        "Reconciled Cost Of Revenue": 109080000.0,
        "EBITDA": 132976000.0,
        "EBIT": -23055000.0,
        "Net Interest Income": 5011000.0,
        "Interest Expense": NaN,
        "Interest Income": NaN,
        "Normalized Income": -22098000.0,
        "Net Income From Continuing And Discontinued Operation": -22098000.0,
        "Total Expenses": 208456000.0,
        "Total Operating Income As Reported": -23055000.0,
        "Diluted Average Shares": 165626904.0,
        "Basic Average Shares": 165626904.0,
        "Diluted EPS": -0.13,
        "Basic EPS": -0.13,
        "Diluted NI Availto Com Stockholders": -22098000.0,
        "Net Income Common Stockholders": -22098000.0,
        "Net Income": -22098000.0,
        "Net Income Including Noncontrolling Interests": -22098000.0,
        "Net Income Continuous Operations": -22098000.0,
        "Tax Provision": 4054000.0,
        "Pretax Income": -18044000.0,
        "Net Non Operating Interest Income Expense": 5011000.0,
        "Interest Expense Non Operating": NaN,
        "Interest Income Non Operating": NaN,
        "Operating Income": -23055000.0,
        "Operating Expense": 99376000.0,
        "Research And Development": 25169000.0,
        "Selling General And Administration": 74207000.0,
        "Selling And Marketing Expense": 58756000.0,
        "General And Administrative Expense": 15451000.0,
        "Other Gand A": 15451000.0,
        "Gross Profit": 76321000.0,
        "Cost Of Revenue": 109080000.0,
        "Total Revenue": 185401000.0,
        "Operating Revenue": 185401000.0
    },
    "2024-03-31": {
        "Tax Effect Of Unusual Items": 0.0,
        "Tax Rate For Calcs": 0.021971,
        "Normalized EBITDA": 12549000.0,
        "Net Income From Continuing Operation Net Minority Interest": -32051000.0,
        "Reconciled Depreciation": 41810000.0,
        "Reconciled Cost Of Revenue": 82587000.0,
        "EBITDA": 12549000.0,
        "EBIT": -29261000.0,
        "Net Interest Income": -3510000.0,
        "Interest Expense": 3510000.0,
        "Interest Income": NaN,
        "Normalized Income": -32051000.0,
        "Net Income From Continuing And Discontinued Operation": -32051000.0,
        "Total Expenses": 175134000.0,
        "Total Operating Income As Reported": -29261000.0,
        "Diluted Average Shares": 166187424.0,
        "Basic Average Shares": 166187424.0,
        "Diluted EPS": -0.19,
        "Basic EPS": -0.19,
        "Diluted NI Availto Com Stockholders": -32051000.0,
        "Net Income Common Stockholders": -32051000.0,
        "Net Income": -32051000.0,
        "Net Income Including Noncontrolling Interests": -32051000.0,
        "Net Income Continuous Operations": -32051000.0,
        "Tax Provision": -720000.0,
        "Pretax Income": -32771000.0,
        "Net Non Operating Interest Income Expense": -3510000.0,
        "Interest Expense Non Operating": 3510000.0,
        "Interest Income Non Operating": NaN,
        "Operating Income": -29261000.0,
        "Operating Expense": 92547000.0,
        "Research And Development": 23538000.0,
        "Selling General And Administration": 69009000.0,
        "Selling And Marketing Expense": 56955000.0,
        "General And Administrative Expense": 12054000.0,
        "Other Gand A": 12054000.0,
        "Gross Profit": 63286000.0,
        "Cost Of Revenue": 82587000.0,
        "Total Revenue": 145873000.0,
        "Operating Revenue": 145873000.0
    },
    "2024-06-30": {
        "Tax Effect Of Unusual Items": 0.0,
        "Tax Rate For Calcs": 0.045427,
        "Normalized EBITDA": -17287000.0,
        "Net Income From Continuing Operation Net Minority Interest": -22442000.0,
        "Reconciled Depreciation": 5530000.0,
        "Reconciled Cost Of Revenue": 90578000.0,
        "EBITDA": -17287000.0,
        "EBIT": -22817000.0,
        "Net Interest Income": -693000.0,
        "Interest Expense": 693000.0,
        "Interest Income": NaN,
        "Normalized Income": -22442000.0,
        "Net Income From Continuing And Discontinued Operation": -22442000.0,
        "Total Expenses": 190825000.0,
        "Total Operating Income As Reported": -22817000.0,
        "Diluted Average Shares": 166982796.0,
        "Basic Average Shares": 166982796.0,
        "Diluted EPS": -0.13,
        "Basic EPS": -0.13,
        "Diluted NI Availto Com Stockholders": -22442000.0,
        "Net Income Common Stockholders": -22442000.0,
        "Net Income": -22442000.0,
        "Net Income Including Noncontrolling Interests": -22442000.0,
        "Net Income Continuous Operations": -22442000.0,
        "Tax Provision": -1068000.0,
        "Pretax Income": -23510000.0,
        "Net Non Operating Interest Income Expense": -693000.0,
        "Interest Expense Non Operating": 693000.0,
        "Interest Income Non Operating": NaN,
        "Operating Income": -22817000.0,
        "Operating Expense": 100247000.0,
        "Research And Development": 26676000.0,
        "Selling General And Administration": 73571000.0,
        "Selling And Marketing Expense": 60089000.0,
        "General And Administrative Expense": 13482000.0,
        "Other Gand A": 13482000.0,
        "Gross Profit": 77430000.0,
        "Cost Of Revenue": 90578000.0,
        "Total Revenue": 168008000.0,
        "Operating Revenue": 168008000.0
    },
    "2024-09-30": {
        "Tax Effect Of Unusual Items": 0.0,
        "Tax Rate For Calcs": 0.23,
        "Normalized EBITDA": -16081000.0,
        "Net Income From Continuing Operation Net Minority Interest": -22564000.0,
        "Reconciled Depreciation": 4951000.0,
        "Reconciled Cost Of Revenue": 95913000.0,
        "EBITDA": -16081000.0,
        "EBIT": -21032000.0,
        "Net Interest Income": -1189000.0,
        "Interest Expense": 1189000.0,
        "Interest Income": NaN,
        "Normalized Income": -22564000.0,
        "Net Income From Continuing And Discontinued Operation": -22564000.0,
        "Total Expenses": 197003000.0,
        "Total Operating Income As Reported": -21032000.0,
        "Diluted Average Shares": 167687940.0,
        "Basic Average Shares": 167687940.0,
        "Diluted EPS": -0.13,
        "Basic EPS": -0.13,
        "Diluted NI Availto Com Stockholders": -22564000.0,
        "Net Income Common Stockholders": -22564000.0,
        "Net Income": -22564000.0,
        "Net Income Including Noncontrolling Interests": -22564000.0,
        "Net Income Continuous Operations": -22564000.0,
        "Tax Provision": 343000.0,
        "Pretax Income": -22221000.0,
        "Net Non Operating Interest Income Expense": -1189000.0,
        "Interest Expense Non Operating": 1189000.0,
        "Interest Income Non Operating": NaN,
        "Operating Income": -21032000.0,
        "Operating Expense": 101090000.0,
        "Research And Development": 26989000.0,
        "Selling General And Administration": 74101000.0,
        "Selling And Marketing Expense": 62681000.0,
        "General And Administrative Expense": 11420000.0,
        "Other Gand A": 11420000.0,
        "Gross Profit": 80058000.0,
        "Cost Of Revenue": 95913000.0,
        "Total Revenue": 175971000.0,
        "Operating Revenue": 175971000.0
    }
}