{
    "2023-03-31": {
        "Tax Effect Of Unusual Items": NaN,
        "Tax Rate For Calcs": NaN,
        "Normalized EBITDA": NaN,
        "Total Unusual Items": 18000.0,
        "Total Unusual Items Excluding Goodwill": 18000.0,
        "Net Income From Continuing Operation Net Minority Interest": NaN,
        "Reconciled Depreciation": NaN,
        "Reconciled Cost Of Revenue": NaN,
        "EBITDA": NaN,
        "EBIT": NaN,
        "Net Interest Income": NaN,
        "Interest Expense": NaN,
        "Normalized Income": NaN,
        "Net Income From Continuing And Discontinued Operation": NaN,
        "Total Expenses": NaN,
        "Total Operating Income As Reported": NaN,
        "Diluted Average Shares": NaN,
        "Basic Average Shares": NaN,
        "Diluted EPS": NaN,
        "Basic EPS": NaN,
        "Diluted NI Availto Com Stockholders": NaN,
        "Net Income Common Stockholders": NaN,
        "Net Income": NaN,
        "Net Income Including Noncontrolling Interests": NaN,
        "Net Income Continuous Operations": NaN,
        "Tax Provision": NaN,
        "Pretax Income": NaN,
        "Other Income Expense": NaN,
        "Other Non Operating Income Expenses": NaN,
        "Special Income Charges": 18000.0,
        "Gain On Sale Of Ppe": 18000.0,
        "Other Special Charges": -18000.0,
        "Net Non Operating Interest Income Expense": NaN,
        "Interest Expense Non Operating": NaN,
        "Operating Income": NaN,
        "Operating Expense": NaN,
        "Other Operating Expenses": NaN,
        "Selling General And Administration": NaN,
        "General And Administrative Expense": NaN,
        "Other Gand A": NaN,
        "Gross Profit": NaN,
        "Cost Of Revenue": NaN,
        "Total Revenue": NaN,
        "Operating Revenue": NaN
    },
    "2022-12-31": {
        "Tax Effect Of Unusual Items": NaN,
        "Tax Rate For Calcs": NaN,
        "Normalized EBITDA": NaN,
        "Total Unusual Items": NaN,
        "Total Unusual Items Excluding Goodwill": NaN,
        "Net Income From Continuing Operation Net Minority Interest": NaN,
        "Reconciled Depreciation": NaN,
        "Reconciled Cost Of Revenue": NaN,
        "EBITDA": NaN,
        "EBIT": NaN,
        "Net Interest Income": NaN,
        "Interest Expense": NaN,
        "Normalized Income": NaN,
        "Net Income From Continuing And Discontinued Operation": NaN,
        "Total Expenses": NaN,
        "Total Operating Income As Reported": NaN,
        "Diluted Average Shares": NaN,
        "Basic Average Shares": NaN,
        "Diluted EPS": NaN,
        "Basic EPS": NaN,
        "Diluted NI Availto Com Stockholders": NaN,
        "Net Income Common Stockholders": NaN,
        "Net Income": NaN,
        "Net Income Including Noncontrolling Interests": NaN,
        "Net Income Continuous Operations": NaN,
        "Tax Provision": NaN,
        "Pretax Income": NaN,
        "Other Income Expense": NaN,
        "Other Non Operating Income Expenses": NaN,
        "Special Income Charges": NaN,
        "Gain On Sale Of Ppe": -8150000.0,
        "Other Special Charges": NaN,
        "Net Non Operating Interest Income Expense": NaN,
        "Interest Expense Non Operating": NaN,
        "Operating Income": NaN,
        "Operating Expense": NaN,
        "Other Operating Expenses": NaN,
        "Selling General And Administration": NaN,
        "General And Administrative Expense": NaN,
        "Other Gand A": NaN,
        "Gross Profit": NaN,
        "Cost Of Revenue": NaN,
        "Total Revenue": NaN,
        "Operating Revenue": NaN
    },
    "2022-09-30": {
        "Tax Effect Of Unusual Items": 10098.81572,
        "Tax Rate For Calcs": 0.25247,
        "Normalized EBITDA": 1301000.0,
        "Total Unusual Items": 40000.0,
        "Total Unusual Items Excluding Goodwill": 40000.0,
        "Net Income From Continuing Operation Net Minority Interest": -9910000.0,
        "Reconciled Depreciation": 11047000.0,
        "Reconciled Cost Of Revenue": 154547000.0,
        "EBITDA": 1341000.0,
        "EBIT": -9706000.0,
        "Net Interest Income": -3551000.0,
        "Interest Expense": 3551000.0,
        "Normalized Income": -9939901.18428,
        "Net Income From Continuing And Discontinued Operation": -9910000.0,
        "Total Expenses": 167839000.0,
        "Total Operating Income As Reported": -9453000.0,
        "Diluted Average Shares": 66111000.0,
        "Basic Average Shares": 66111000.0,
        "Diluted EPS": -0.15,
        "Basic EPS": -0.15,
        "Diluted NI Availto Com Stockholders": -9910000.0,
        "Net Income Common Stockholders": -9910000.0,
        "Net Income": -9910000.0,
        "Net Income Including Noncontrolling Interests": -9910000.0,
        "Net Income Continuous Operations": -9910000.0,
        "Tax Provision": -3347000.0,
        "Pretax Income": -13257000.0,
        "Other Income Expense": -213000.0,
        "Other Non Operating Income Expenses": -253000.0,
        "Special Income Charges": 40000.0,
        "Gain On Sale Of Ppe": 40000.0,
        "Net Non Operating Interest Income Expense": -3551000.0,
        "Interest Expense Non Operating": 3551000.0,
        "Operating Income": -9493000.0,
        "Operating Expense": 13292000.0,
        "Selling General And Administration": 13292000.0,
        "General And Administrative Expense": 13292000.0,
        "Other Gand A": 13292000.0,
        "Gross Profit": 3799000.0,
        "Cost Of Revenue": 154547000.0,
        "Total Revenue": 158346000.0,
        "Operating Revenue": 158346000.0
    },
    "2022-06-30": {
        "Tax Effect Of Unusual Items": -523.741302,
        "Tax Rate For Calcs": 0.17458,
        "Normalized EBITDA": 10155000.0,
        "Total Unusual Items": -3000.0,
        "Total Unusual Items Excluding Goodwill": -3000.0,
        "Net Income From Continuing Operation Net Minority Interest": -4033000.0,
        "Reconciled Depreciation": 11614000.0,
        "Reconciled Cost Of Revenue": 138947000.0,
        "EBITDA": 10152000.0,
        "EBIT": -1462000.0,
        "Net Interest Income": -3424000.0,
        "Interest Expense": 3424000.0,
        "Normalized Income": -4030523.741302,
        "Net Income From Continuing And Discontinued Operation": -4033000.0,
        "Total Expenses": 149767000.0,
        "Total Operating Income As Reported": -342000.0,
        "Diluted Average Shares": 66071000.0,
        "Basic Average Shares": 66071000.0,
        "Diluted EPS": -0.06,
        "Basic EPS": -0.06,
        "Diluted NI Availto Com Stockholders": -4033000.0,
        "Net Income Common Stockholders": -4033000.0,
        "Net Income": -4033000.0,
        "Net Income Including Noncontrolling Interests": -4033000.0,
        "Net Income Continuous Operations": -4033000.0,
        "Tax Provision": -853000.0,
        "Pretax Income": -4886000.0,
        "Other Income Expense": -1123000.0,
        "Other Non Operating Income Expenses": -1120000.0,
        "Special Income Charges": -3000.0,
        "Gain On Sale Of Ppe": -3000.0,
        "Net Non Operating Interest Income Expense": -3424000.0,
        "Interest Expense Non Operating": 3424000.0,
        "Operating Income": -339000.0,
        "Operating Expense": 10820000.0,
        "Selling General And Administration": 10820000.0,
        "General And Administrative Expense": 10820000.0,
        "Other Gand A": 10820000.0,
        "Gross Profit": 10481000.0,
        "Cost Of Revenue": 138947000.0,
        "Total Revenue": 149428000.0,
        "Operating Revenue": 149428000.0
    },
    "2023-06-30": {
        "Tax Effect Of Unusual Items": 0.0,
        "Tax Rate For Calcs": 0.314749,
        "Normalized EBITDA": 16641000.0,
        "Total Unusual Items": 243000.0,
        "Total Unusual Items Excluding Goodwill": 243000.0,
        "Net Income From Continuing Operation Net Minority Interest": 1733000.0,
        "Reconciled Depreciation": 10937000.0,
        "Reconciled Cost Of Revenue": 114768000.0,
        "EBITDA": 16641000.0,
        "EBIT": 5704000.0,
        "Net Interest Income": -3175000.0,
        "Interest Expense": 3175000.0,
        "Normalized Income": 1733000.0,
        "Net Income From Continuing And Discontinued Operation": 1733000.0,
        "Total Expenses": 128987000.0,
        "Total Operating Income As Reported": 3680000.0,
        "Diluted Average Shares": 66805000.0,
        "Basic Average Shares": 66462000.0,
        "Diluted EPS": 0.03,
        "Basic EPS": 0.03,
        "Diluted NI Availto Com Stockholders": 1733000.0,
        "Net Income Common Stockholders": 1733000.0,
        "Net Income": 1733000.0,
        "Net Income Including Noncontrolling Interests": 1733000.0,
        "Net Income Continuous Operations": 1733000.0,
        "Tax Provision": 796000.0,
        "Pretax Income": 2529000.0,
        "Other Income Expense": 2024000.0,
        "Other Non Operating Income Expenses": 2024000.0,
        "Special Income Charges": 243000.0,
        "Gain On Sale Of Ppe": 243000.0,
        "Other Special Charges": -243000.0,
        "Net Non Operating Interest Income Expense": -3175000.0,
        "Interest Expense Non Operating": 3175000.0,
        "Operating Income": 3680000.0,
        "Operating Expense": 14219000.0,
        "Other Operating Expenses": -243000.0,
        "Selling General And Administration": 14462000.0,
        "General And Administrative Expense": 14462000.0,
        "Other Gand A": 14462000.0,
        "Gross Profit": 17899000.0,
        "Cost Of Revenue": 114768000.0,
        "Total Revenue": 132667000.0,
        "Operating Revenue": 132667000.0
    },
    "2022-03-31": {
        "Diluted EPS": 0.17,
        "Total Revenue": 194,
        "Gross Profit": 33,
        "Operating Income": 19,
        "EBIT": 30,
        "Net Income": 11
    },
    "2021-12-31": {
        "Diluted EPS": 0.38,
        "Total Revenue": 210,
        "Gross Profit": 53,
        "Operating Income": 37,
        "EBIT": 48,
        "Net Income": 25
    },
    "2021-09-30": {
        "Diluted EPS": 0.21,
        "Total Revenue": 169,
        "Gross Profit": 36,
        "Operating Income": 21,
        "EBIT": 33,
        "Net Income": 14
    },
    "2021-06-30": {
        "Diluted EPS": 0.03,
        "Total Revenue": 170,
        "Gross Profit": 23,
        "Operating Income": 9,
        "EBIT": 21,
        "Net Income": 2
    },
    "2021-03-31": {
        "Diluted EPS": 0.13,
        "Total Revenue": 178,
        "Gross Profit": 33,
        "Operating Income": 17,
        "EBIT": 27,
        "Net Income": 9
    },
    "2020-12-31": {
        "Diluted EPS": 0.15,
        "Total Revenue": 172,
        "Gross Profit": 33,
        "Operating Income": 17,
        "EBIT": 28,
        "Net Income": 11
    },
    "2020-09-30": {
        "Diluted EPS": 0.19,
        "Total Revenue": 176,
        "Gross Profit": 36,
        "Operating Income": 23,
        "EBIT": 32,
        "Net Income": 13
    },
    "2020-06-30": {
        "Diluted EPS": 0.14,
        "Total Revenue": 168,
        "Gross Profit": 33,
        "Operating Income": 18,
        "EBIT": 28,
        "Net Income": 9
    },
    "2020-03-31": {
        "Diluted EPS": 0.52,
        "Total Revenue": 218,
        "Gross Profit": 68,
        "Operating Income": 53,
        "EBIT": 63,
        "Net Income": 34
    },
    "2019-12-31": {
        "Diluted EPS": 0.24,
        "Total Revenue": 164,
        "Gross Profit": 35,
        "Operating Income": 22,
        "EBIT": 33,
        "Net Income": 16
    },
    "2019-09-30": {
        "Diluted EPS": 0.12,
        "Total Revenue": 170,
        "Gross Profit": 32,
        "Operating Income": 18,
        "EBIT": 28,
        "Net Income": 8
    },
    "2019-06-30": {
        "Diluted EPS": 0.13,
        "Total Revenue": 185,
        "Gross Profit": 37,
        "Operating Income": 23,
        "EBIT": 33,
        "Net Income": 8
    },
    "2019-03-31": {
        "Diluted EPS": 0.27,
        "Total Revenue": 193,
        "Gross Profit": 50,
        "Operating Income": 35,
        "EBIT": 45,
        "Net Income": 17
    },
    "2018-12-31": {
        "Diluted EPS": -0.12,
        "Total Revenue": 173,
        "Gross Profit": 36,
        "Operating Income": 17,
        "EBIT": 30,
        "Net Income": -8
    },
    "2018-09-30": {
        "Diluted EPS": 0.19,
        "Total Revenue": 179,
        "Gross Profit": 40,
        "Operating Income": 24,
        "EBIT": 36,
        "Net Income": 12
    },
    "2018-06-30": {
        "Diluted EPS": -0.02,
        "Total Revenue": 135,
        "Gross Profit": 22,
        "Operating Income": 11,
        "EBIT": 24,
        "Net Income": -1
    },
    "2018-03-31": {
        "Diluted EPS": -0.15,
        "Total Revenue": 134,
        "Gross Profit": 14,
        "Operating Income": 1,
        "EBIT": 17,
        "Net Income": -9
    },
    "2017-12-31": {
        "Diluted EPS": -0.11,
        "Total Revenue": 81,
        "Gross Profit": -12,
        "Operating Income": -22,
        "EBIT": -4,
        "Net Income": -7
    },
    "2017-09-30": {
        "Diluted EPS": -0.05,
        "Total Revenue": 163,
        "Gross Profit": 20,
        "Operating Income": 2,
        "EBIT": 14,
        "Net Income": -3
    },
    "2017-06-30": {
        "Diluted EPS": -0.07,
        "Total Revenue": 177,
        "Gross Profit": 20,
        "Operating Income": 3,
        "EBIT": 18,
        "Net Income": -4
    },
    "2017-03-31": {
        "Diluted EPS": -0.28,
        "Total Revenue": 171,
        "Gross Profit": 15,
        "Operating Income": -2,
        "EBIT": 12,
        "Net Income": -18
    },
    "2016-12-31": {
        "Diluted EPS": -0.11,
        "Total Revenue": 83,
        "Gross Profit": 21,
        "Operating Income": 10,
        "EBIT": 20,
        "Net Income": -7
    },
    "2016-09-30": {
        "Diluted EPS": 0.08,
        "Total Revenue": 199,
        "Gross Profit": 20,
        "Operating Income": 13,
        "EBIT": 30,
        "Net Income": 5
    },
    "2016-06-30": {
        "Diluted EPS": -0.03,
        "Total Revenue": 192,
        "Gross Profit": 24,
        "Operating Income": 4,
        "EBIT": 19,
        "Net Income": -2
    },
    "2016-03-31": {
        "Diluted EPS": -0.07,
        "Total Revenue": 163,
        "Gross Profit": 20,
        "Operating Income": 0,
        "EBIT": 14,
        "Net Income": -4
    },
    "2015-12-31": {
        "Diluted EPS": -0.02,
        "Total Revenue": 223,
        "Gross Profit": 29,
        "Operating Income": 7,
        "EBIT": 24,
        "Net Income": -1
    },
    "2015-09-30": {
        "Diluted EPS": 0.01,
        "Total Revenue": 221,
        "Gross Profit": 24,
        "Operating Income": 10,
        "EBIT": 25,
        "Net Income": 0
    },
    "2015-06-30": {
        "Diluted EPS": 0.05,
        "Total Revenue": 239,
        "Gross Profit": 32,
        "Operating Income": 14,
        "EBIT": 37,
        "Net Income": 3
    },
    "2015-03-31": {
        "Diluted EPS": -0.14,
        "Total Revenue": 175,
        "Gross Profit": 11,
        "Operating Income": -7,
        "EBIT": 6,
        "Net Income": -8
    },
    "2014-12-31": {
        "Diluted EPS": 0.31,
        "Total Revenue": 246,
        "Gross Profit": 21,
        "Operating Income": 3,
        "EBIT": 20,
        "Net Income": 19
    },
    "2014-09-30": {
        "Diluted EPS": -0.03,
        "Total Revenue": 202,
        "Gross Profit": 24,
        "Operating Income": 8,
        "EBIT": 19,
        "Net Income": -2
    },
    "2014-06-30": {
        "Diluted EPS": -0.02,
        "Total Revenue": 185,
        "Gross Profit": 26,
        "Operating Income": 10,
        "EBIT": 22,
        "Net Income": -1
    },
    "2014-03-31": {
        "Diluted EPS": -0.09,
        "Total Revenue": 174,
        "Gross Profit": 21,
        "Operating Income": 3,
        "EBIT": 14,
        "Net Income": -5
    },
    "2013-12-31": {
        "Diluted EPS": -0.18,
        "Total Revenue": 216,
        "Gross Profit": 28,
        "Operating Income": 11,
        "EBIT": 24,
        "Net Income": -11
    },
    "2013-09-30": {
        "Diluted EPS": 0.02,
        "Total Revenue": 188,
        "Gross Profit": 28,
        "Operating Income": 14,
        "EBIT": 26,
        "Net Income": 1
    },
    "2013-06-30": {
        "Diluted EPS": -0.42,
        "Total Revenue": 147,
        "Gross Profit": 14,
        "Operating Income": 12,
        "EBIT": 23,
        "Net Income": -25
    },
    "2013-03-31": {
        "Diluted EPS": 0.01,
        "Total Revenue": 180,
        "Gross Profit": 31,
        "Operating Income": 14,
        "EBIT": 26,
        "Net Income": 0
    },
    "2012-12-31": {
        "Diluted EPS": 0.01,
        "Total Revenue": 108,
        "Gross Profit": 32,
        "Operating Income": 22,
        "EBIT": 33,
        "Net Income": 0
    },
    "2012-09-30": {
        "Diluted EPS": -0.09,
        "Total Revenue": 162,
        "Gross Profit": 8,
        "Operating Income": -4,
        "EBIT": 7,
        "Net Income": -5
    },
    "2012-06-30": {
        "Diluted EPS": 0.02,
        "Total Revenue": 163,
        "Gross Profit": 19,
        "Operating Income": 7,
        "EBIT": 16,
        "Net Income": 1
    },
    "2012-03-31": {
        "Diluted EPS": 0.02,
        "Total Revenue": 155,
        "Gross Profit": 20,
        "Operating Income": 7,
        "EBIT": 15,
        "Net Income": 1
    },
    "2011-12-31": {
        "Diluted EPS": 0.12,
        "Total Revenue": 51,
        "Gross Profit": 8,
        "Operating Income": 14,
        "EBIT": 22,
        "Net Income": 7
    },
    "2011-09-30": {
        "Diluted EPS": 0.09,
        "Total Revenue": 158,
        "Gross Profit": 27,
        "Operating Income": 15,
        "EBIT": 26,
        "Net Income": 6
    },
    "2011-06-30": {
        "Diluted EPS": 0.03,
        "Total Revenue": 155,
        "Gross Profit": 20,
        "Operating Income": 9,
        "EBIT": 18,
        "Net Income": 2
    },
    "2011-03-31": {
        "Diluted EPS": 0.04,
        "Total Revenue": 155,
        "Gross Profit": 27,
        "Operating Income": 16,
        "EBIT": 26,
        "Net Income": 2
    },
    "2010-12-31": {
        "Diluted EPS": 0.12,
        "Total Revenue": 172,
        "Gross Profit": 25,
        "Operating Income": 13,
        "EBIT": 21,
        "Net Income": 7
    },
    "2010-09-30": {
        "Diluted EPS": 0.13,
        "Total Revenue": 173,
        "Gross Profit": 33,
        "Operating Income": 16,
        "EBIT": 24,
        "Net Income": 8
    },
    "2010-06-30": {
        "Diluted EPS": 0.18,
        "Total Revenue": 180,
        "Gross Profit": 35,
        "Operating Income": 20,
        "EBIT": 29,
        "Net Income": 11
    },
    "2010-03-31": {
        "Diluted EPS": 0.16,
        "Total Revenue": 161,
        "Gross Profit": 30,
        "Operating Income": 19,
        "EBIT": 29,
        "Net Income": 9
    },
    "2009-12-31": {
        "Diluted EPS": 0.01,
        "Total Revenue": 161,
        "Gross Profit": 16,
        "Operating Income": 4,
        "EBIT": 13,
        "Net Income": 1
    },
    "2009-09-30": {
        "Diluted EPS": 0.03,
        "Total Revenue": 140,
        "Gross Profit": 17,
        "Operating Income": 5,
        "EBIT": 13,
        "Net Income": 2
    },
    "2009-06-30": {
        "Diluted EPS": 0.13,
        "Total Revenue": 142,
        "Gross Profit": 29,
        "Operating Income": 17,
        "EBIT": 23,
        "Net Income": 7
    },
    "2009-03-31": {
        "Diluted EPS": 0.13,
        "Total Revenue": 179,
        "Gross Profit": 27,
        "Operating Income": 16,
        "EBIT": 29,
        "Net Income": 7
    },
    "2023-09-30": {
        "Tax Effect Of Unusual Items": 7951.149064,
        "Tax Rate For Calcs": 0.227176,
        "Normalized EBITDA": 5297000.0,
        "Total Unusual Items": 35000.0,
        "Total Unusual Items Excluding Goodwill": 35000.0,
        "Net Income From Continuing Operation Net Minority Interest": -6154000.0,
        "Reconciled Depreciation": 10533000.0,
        "Reconciled Cost Of Revenue": 108155000.0,
        "EBITDA": 5332000.0,
        "EBIT": -5201000.0,
        "Net Interest Income": -2762000.0,
        "Interest Expense": 2762000.0,
        "Normalized Income": -6181048.850936,
        "Net Income From Continuing And Discontinued Operation": -6154000.0,
        "Total Expenses": 122343000.0,
        "Total Operating Income As Reported": -5123000.0,
        "Diluted Average Shares": 66532000.0,
        "Basic Average Shares": 66532000.0,
        "Diluted EPS": -0.09,
        "Basic EPS": -0.09,
        "Diluted NI Availto Com Stockholders": -6154000.0,
        "Net Income Common Stockholders": -6154000.0,
        "Net Income": -6154000.0,
        "Net Income Including Noncontrolling Interests": -6154000.0,
        "Net Income Continuous Operations": -6154000.0,
        "Tax Provision": -1809000.0,
        "Pretax Income": -7963000.0,
        "Other Income Expense": -43000.0,
        "Other Non Operating Income Expenses": -78000.0,
        "Special Income Charges": 35000.0,
        "Gain On Sale Of Ppe": 35000.0,
        "Other Special Charges": -35000.0,
        "Net Non Operating Interest Income Expense": -2762000.0,
        "Interest Expense Non Operating": 2762000.0,
        "Operating Income": -5158000.0,
        "Operating Expense": 14188000.0,
        "Other Operating Expenses": NaN,
        "Selling General And Administration": 14188000.0,
        "General And Administrative Expense": 14188000.0,
        "Other Gand A": 14188000.0,
        "Gross Profit": 9030000.0,
        "Cost Of Revenue": 108155000.0,
        "Total Revenue": 117185000.0,
        "Operating Revenue": 117185000.0
    },
    "2023-12-31": {
        "Tax Effect Of Unusual Items": 1620709.809853,
        "Tax Rate For Calcs": 0.223639,
        "Normalized EBITDA": 33544000.0,
        "Total Unusual Items": 7247000.0,
        "Total Unusual Items Excluding Goodwill": 7247000.0,
        "Net Income From Continuing Operation Net Minority Interest": 21558000.0,
        "Reconciled Depreciation": 10205000.0,
        "Reconciled Cost Of Revenue": 143061000.0,
        "EBITDA": 40791000.0,
        "EBIT": 30586000.0,
        "Net Interest Income": -2818000.0,
        "Interest Expense": 2818000.0,
        "Normalized Income": 15931709.809853,
        "Net Income From Continuing And Discontinued Operation": 21558000.0,
        "Total Expenses": 158450000.0,
        "Total Operating Income As Reported": 30526000.0,
        "Diluted Average Shares": 67293000.0,
        "Basic Average Shares": 66616000.0,
        "Diluted EPS": 0.32,
        "Basic EPS": 0.32,
        "Diluted NI Availto Com Stockholders": 21558000.0,
        "Net Income Common Stockholders": 21558000.0,
        "Net Income": 21558000.0,
        "Net Income Including Noncontrolling Interests": 21558000.0,
        "Net Income Continuous Operations": 21558000.0,
        "Tax Provision": 6210000.0,
        "Pretax Income": 27768000.0,
        "Other Income Expense": 7307000.0,
        "Other Non Operating Income Expenses": 60000.0,
        "Special Income Charges": 7247000.0,
        "Gain On Sale Of Ppe": 7247000.0,
        "Other Special Charges": -7247000.0,
        "Net Non Operating Interest Income Expense": -2818000.0,
        "Interest Expense Non Operating": 2818000.0,
        "Operating Income": 23279000.0,
        "Operating Expense": 15389000.0,
        "Other Operating Expenses": NaN,
        "Selling General And Administration": 15389000.0,
        "General And Administrative Expense": 15389000.0,
        "Other Gand A": 15389000.0,
        "Gross Profit": 38668000.0,
        "Cost Of Revenue": 143061000.0,
        "Total Revenue": 181729000.0,
        "Operating Revenue": 181729000.0
    },
    "2024-03-31": {
        "Tax Effect Of Unusual Items": 501984.0,
        "Tax Rate For Calcs": 0.249,
        "Normalized EBITDA": 40908000.0,
        "Total Unusual Items": 2016000.0,
        "Total Unusual Items Excluding Goodwill": 2016000.0,
        "Net Income From Continuing Operation Net Minority Interest": 21024000.0,
        "Reconciled Depreciation": 11020000.0,
        "Reconciled Cost Of Revenue": 153086000.0,
        "EBITDA": 42924000.0,
        "EBIT": 31904000.0,
        "Net Interest Income": -3891000.0,
        "Interest Expense": 3891000.0,
        "Normalized Income": 19509984.0,
        "Net Income From Continuing And Discontinued Operation": 21024000.0,
        "Total Expenses": 169197000.0,
        "Total Operating Income As Reported": 31479000.0,
        "Diluted Average Shares": 67494000.0,
        "Basic Average Shares": 66729000.0,
        "Diluted EPS": 0.31,
        "Basic EPS": 0.32,
        "Diluted NI Availto Com Stockholders": 21024000.0,
        "Net Income Common Stockholders": 21024000.0,
        "Net Income": 21024000.0,
        "Net Income Including Noncontrolling Interests": 21024000.0,
        "Net Income Continuous Operations": 21024000.0,
        "Tax Provision": 6989000.0,
        "Pretax Income": 28013000.0,
        "Other Income Expense": 2441000.0,
        "Other Non Operating Income Expenses": 425000.0,
        "Special Income Charges": 2016000.0,
        "Gain On Sale Of Ppe": NaN,
        "Other Special Charges": -2016000.0,
        "Net Non Operating Interest Income Expense": -3891000.0,
        "Interest Expense Non Operating": 3891000.0,
        "Operating Income": 29463000.0,
        "Operating Expense": 16111000.0,
        "Other Operating Expenses": NaN,
        "Selling General And Administration": 16111000.0,
        "General And Administrative Expense": 16111000.0,
        "Other Gand A": 16111000.0,
        "Gross Profit": 45574000.0,
        "Cost Of Revenue": 153086000.0,
        "Total Revenue": 198660000.0,
        "Operating Revenue": 198660000.0
    },
    "2024-06-30": {
        "Tax Effect Of Unusual Items": 0.0,
        "Tax Rate For Calcs": 0.270281,
        "Normalized EBITDA": 25821000.0,
        "Total Unusual Items": NaN,
        "Total Unusual Items Excluding Goodwill": NaN,
        "Net Income From Continuing Operation Net Minority Interest": 7673000.0,
        "Reconciled Depreciation": 11108000.0,
        "Reconciled Cost Of Revenue": 140246000.0,
        "EBITDA": 25821000.0,
        "EBIT": 14713000.0,
        "Net Interest Income": -4198000.0,
        "Interest Expense": 4198000.0,
        "Normalized Income": 7673000.0,
        "Net Income From Continuing And Discontinued Operation": 7673000.0,
        "Total Expenses": 155501000.0,
        "Total Operating Income As Reported": 14585000.0,
        "Diluted Average Shares": 67697000.0,
        "Basic Average Shares": 67118000.0,
        "Diluted EPS": 0.11,
        "Basic EPS": 0.11,
        "Diluted NI Availto Com Stockholders": 7673000.0,
        "Net Income Common Stockholders": 7673000.0,
        "Net Income": 7673000.0,
        "Net Income Including Noncontrolling Interests": 7673000.0,
        "Net Income Continuous Operations": 7673000.0,
        "Tax Provision": 2842000.0,
        "Pretax Income": 10515000.0,
        "Other Income Expense": 128000.0,
        "Other Non Operating Income Expenses": 128000.0,
        "Special Income Charges": NaN,
        "Gain On Sale Of Ppe": NaN,
        "Other Special Charges": NaN,
        "Net Non Operating Interest Income Expense": -4198000.0,
        "Interest Expense Non Operating": 4198000.0,
        "Operating Income": 14585000.0,
        "Operating Expense": 15255000.0,
        "Other Operating Expenses": -906000.0,
        "Selling General And Administration": 16161000.0,
        "General And Administrative Expense": 16161000.0,
        "Other Gand A": 16161000.0,
        "Gross Profit": 29840000.0,
        "Cost Of Revenue": 140246000.0,
        "Total Revenue": 170086000.0,
        "Operating Revenue": 170086000.0
    }
}