{
    "2023-03-31": {
        "Tax Effect Of Unusual Items": NaN,
        "Tax Rate For Calcs": NaN,
        "Normalized EBITDA": NaN,
        "Total Unusual Items": -183360000.0,
        "Total Unusual Items Excluding Goodwill": -183360000.0,
        "Net Income From Continuing Operation Net Minority Interest": NaN,
        "Reconciled Depreciation": 12577000.0,
        "Reconciled Cost Of Revenue": 31386000.0,
        "EBITDA": NaN,
        "EBIT": NaN,
        "Net Interest Income": 13146000.0,
        "Interest Expense": NaN,
        "Interest Income": NaN,
        "Normalized Income": NaN,
        "Net Income From Continuing And Discontinued Operation": NaN,
        "Total Expenses": 59849000.0,
        "Total Operating Income As Reported": -43440000.0,
        "Diluted Average Shares": 107400000.0,
        "Basic Average Shares": 107400000.0,
        "Diluted EPS": -0.948445,
        "Basic EPS": -0.948445,
        "Diluted NI Availto Com Stockholders": NaN,
        "Net Income Common Stockholders": NaN,
        "Net Income": NaN,
        "Minority Interests": -9294000.0,
        "Net Income Including Noncontrolling Interests": NaN,
        "Net Income Discontinuous Operations": NaN,
        "Net Income Continuous Operations": NaN,
        "Earnings From Equity Interest Net Of Tax": 1281000.0,
        "Tax Provision": NaN,
        "Pretax Income": NaN,
        "Other Income Expense": -172232000.0,
        "Other Non Operating Income Expenses": 11128000.0,
        "Special Income Charges": NaN,
        "Impairment Of Capital Assets": NaN,
        "Earnings From Equity Interest": 1281000.0,
        "Gain On Sale Of Security": -183360000.0,
        "Net Non Operating Interest Income Expense": 13146000.0,
        "Total Other Finance Cost": 300000.0,
        "Interest Expense Non Operating": NaN,
        "Interest Income Non Operating": NaN,
        "Operating Income": 14119000.0,
        "Operating Expense": 28463000.0,
        "Other Operating Expenses": NaN,
        "Selling General And Administration": 28463000.0,
        "General And Administrative Expense": 28463000.0,
        "Other Gand A": 28463000.0,
        "Gross Profit": 42582000.0,
        "Cost Of Revenue": 31386000.0,
        "Total Revenue": NaN,
        "Operating Revenue": NaN
    },
    "2022-12-31": {
        "Tax Effect Of Unusual Items": NaN,
        "Tax Rate For Calcs": NaN,
        "Normalized EBITDA": NaN,
        "Total Unusual Items": 56634000.0,
        "Total Unusual Items Excluding Goodwill": 56634000.0,
        "Net Income From Continuing Operation Net Minority Interest": NaN,
        "Reconciled Depreciation": 12384000.0,
        "Reconciled Cost Of Revenue": 31539000.0,
        "EBITDA": NaN,
        "EBIT": NaN,
        "Net Interest Income": 3141000.0,
        "Interest Expense": NaN,
        "Interest Income": NaN,
        "Normalized Income": NaN,
        "Net Income From Continuing And Discontinued Operation": NaN,
        "Total Expenses": 61532000.0,
        "Total Operating Income As Reported": -16764000.0,
        "Diluted Average Shares": NaN,
        "Basic Average Shares": NaN,
        "Diluted EPS": NaN,
        "Basic EPS": NaN,
        "Diluted NI Availto Com Stockholders": NaN,
        "Net Income Common Stockholders": NaN,
        "Net Income": NaN,
        "Minority Interests": 4368000.0,
        "Net Income Including Noncontrolling Interests": NaN,
        "Net Income Discontinuous Operations": NaN,
        "Net Income Continuous Operations": NaN,
        "Earnings From Equity Interest Net Of Tax": 6045000.0,
        "Tax Provision": NaN,
        "Pretax Income": NaN,
        "Other Income Expense": 56863000.0,
        "Other Non Operating Income Expenses": 229000.0,
        "Special Income Charges": 0.0,
        "Impairment Of Capital Assets": 0.0,
        "Earnings From Equity Interest": NaN,
        "Gain On Sale Of Security": 56634000.0,
        "Net Non Operating Interest Income Expense": 3141000.0,
        "Total Other Finance Cost": 2792000.0,
        "Interest Expense Non Operating": NaN,
        "Interest Income Non Operating": NaN,
        "Operating Income": -2583000.0,
        "Operating Expense": 29993000.0,
        "Other Operating Expenses": 22402000.0,
        "Selling General And Administration": 7591000.0,
        "General And Administrative Expense": 7591000.0,
        "Other Gand A": 7591000.0,
        "Gross Profit": 27410000.0,
        "Cost Of Revenue": 31539000.0,
        "Total Revenue": NaN,
        "Operating Revenue": NaN
    },
    "2022-09-30": {
        "Tax Effect Of Unusual Items": NaN,
        "Tax Rate For Calcs": NaN,
        "Normalized EBITDA": NaN,
        "Total Unusual Items": NaN,
        "Total Unusual Items Excluding Goodwill": NaN,
        "Net Income From Continuing Operation Net Minority Interest": NaN,
        "Reconciled Depreciation": NaN,
        "Reconciled Cost Of Revenue": NaN,
        "EBITDA": NaN,
        "EBIT": NaN,
        "Net Interest Income": NaN,
        "Interest Expense": NaN,
        "Interest Income": NaN,
        "Normalized Income": NaN,
        "Net Income From Continuing And Discontinued Operation": NaN,
        "Total Expenses": NaN,
        "Total Operating Income As Reported": NaN,
        "Diluted Average Shares": NaN,
        "Basic Average Shares": NaN,
        "Diluted EPS": NaN,
        "Basic EPS": NaN,
        "Diluted NI Availto Com Stockholders": NaN,
        "Net Income Common Stockholders": NaN,
        "Net Income": NaN,
        "Minority Interests": NaN,
        "Net Income Including Noncontrolling Interests": NaN,
        "Net Income Discontinuous Operations": NaN,
        "Net Income Continuous Operations": NaN,
        "Earnings From Equity Interest Net Of Tax": NaN,
        "Tax Provision": NaN,
        "Pretax Income": NaN,
        "Other Income Expense": NaN,
        "Other Non Operating Income Expenses": 1000.0,
        "Special Income Charges": 0.0,
        "Impairment Of Capital Assets": 0.0,
        "Earnings From Equity Interest": NaN,
        "Gain On Sale Of Security": NaN,
        "Net Non Operating Interest Income Expense": NaN,
        "Total Other Finance Cost": NaN,
        "Interest Expense Non Operating": NaN,
        "Interest Income Non Operating": NaN,
        "Operating Income": NaN,
        "Operating Expense": NaN,
        "Other Operating Expenses": 15138000.0,
        "Selling General And Administration": NaN,
        "General And Administrative Expense": NaN,
        "Other Gand A": NaN,
        "Gross Profit": NaN,
        "Cost Of Revenue": NaN,
        "Total Revenue": NaN,
        "Operating Revenue": NaN
    },
    "2022-06-30": {
        "Tax Effect Of Unusual Items": 52569200.0,
        "Tax Rate For Calcs": 0.4,
        "Normalized EBITDA": 40890000.0,
        "Total Unusual Items": 131423000.0,
        "Total Unusual Items Excluding Goodwill": 131423000.0,
        "Net Income From Continuing Operation Net Minority Interest": 103156000.0,
        "Reconciled Depreciation": 11344000.0,
        "Reconciled Cost Of Revenue": 27130000.0,
        "EBITDA": 172313000.0,
        "EBIT": 160969000.0,
        "Net Interest Income": -9500000.0,
        "Interest Expense": 5563000.0,
        "Interest Income": 1728000.0,
        "Normalized Income": 24302200.0,
        "Net Income From Continuing And Discontinued Operation": 230032000.0,
        "Total Expenses": 29639000.0,
        "Total Operating Income As Reported": 191250000.0,
        "Diluted Average Shares": 107800000.0,
        "Basic Average Shares": 107800000.0,
        "Diluted EPS": 2.133878,
        "Basic EPS": 2.133878,
        "Diluted NI Availto Com Stockholders": 230032000.0,
        "Net Income Common Stockholders": 230032000.0,
        "Net Income": 230032000.0,
        "Minority Interests": -56506000.0,
        "Net Income Including Noncontrolling Interests": 286538000.0,
        "Net Income Discontinuous Operations": 126876000.0,
        "Net Income Continuous Operations": 159662000.0,
        "Earnings From Equity Interest Net Of Tax": 4065000.0,
        "Tax Provision": -191000.0,
        "Pretax Income": 155406000.0,
        "Other Income Expense": 134068000.0,
        "Other Non Operating Income Expenses": 2645000.0,
        "Special Income Charges": -76155000.0,
        "Impairment Of Capital Assets": 76155000.0,
        "Earnings From Equity Interest": NaN,
        "Gain On Sale Of Security": 207578000.0,
        "Net Non Operating Interest Income Expense": -9500000.0,
        "Total Other Finance Cost": 5665000.0,
        "Interest Expense Non Operating": 5563000.0,
        "Interest Income Non Operating": 1728000.0,
        "Operating Income": 30838000.0,
        "Operating Expense": 2509000.0,
        "Other Operating Expenses": -10166000.0,
        "Selling General And Administration": 12675000.0,
        "General And Administrative Expense": 12675000.0,
        "Other Gand A": 12675000.0,
        "Gross Profit": 33347000.0,
        "Cost Of Revenue": 27130000.0,
        "Total Revenue": 60477000.0,
        "Operating Revenue": 60477000.0
    },
    "2022-03-31": {
        "Diluted EPS": 5.19,
        "Total Revenue": 73,
        "Gross Profit": 54,
        "Operating Income": 244,
        "EBIT": 258,
        "Net Income": 345
    },
    "2021-12-31": {
        "Diluted EPS": 0.0,
        "Total Revenue": -28,
        "Gross Profit": -1,
        "Operating Income": 47,
        "EBIT": 22,
        "Net Income": 8
    },
    "2021-09-30": {
        "Diluted EPS": 0.0,
        "Total Revenue": 107,
        "Gross Profit": 73,
        "Operating Income": 112,
        "EBIT": 139,
        "Net Income": -91
    },
    "2021-06-30": {
        "Diluted EPS": 0.0,
        "Total Revenue": 104,
        "Gross Profit": 71,
        "Operating Income": 111,
        "EBIT": 149,
        "Net Income": 471
    },
    "2021-03-31": {
        "Diluted EPS": 0.0,
        "Total Revenue": 77,
        "Gross Profit": 52,
        "Operating Income": 37,
        "EBIT": 53,
        "Net Income": 25
    },
    "2020-12-31": {
        "Diluted EPS": -1.76,
        "Total Revenue": 119,
        "Gross Profit": 87,
        "Operating Income": 46,
        "EBIT": 73,
        "Net Income": 8
    },
    "2020-09-30": {
        "Diluted EPS": 0.0,
        "Total Revenue": 95,
        "Gross Profit": 66,
        "Operating Income": 31,
        "EBIT": 57,
        "Net Income": -22
    },
    "2020-06-30": {
        "Diluted EPS": 0.0,
        "Total Revenue": 102,
        "Gross Profit": 76,
        "Operating Income": 28,
        "EBIT": 57,
        "Net Income": -156
    },
    "2020-03-31": {
        "Diluted EPS": -1.06,
        "Total Revenue": 123,
        "Gross Profit": 87,
        "Operating Income": 21,
        "EBIT": 50,
        "Net Income": -104
    },
    "2019-12-31": {
        "Diluted EPS": 0.0,
        "Total Revenue": 139,
        "Gross Profit": 106,
        "Operating Income": 69,
        "EBIT": 99,
        "Net Income": 25
    },
    "2019-09-30": {
        "Diluted EPS": 0.0,
        "Total Revenue": 99,
        "Gross Profit": 65,
        "Operating Income": -14,
        "EBIT": 17,
        "Net Income": -82
    },
    "2019-06-30": {
        "Diluted EPS": 0.0,
        "Total Revenue": 97,
        "Gross Profit": 52,
        "Operating Income": -23,
        "EBIT": 6,
        "Net Income": -113
    },
    "2019-03-31": {
        "Diluted EPS": 0.0,
        "Total Revenue": 114,
        "Gross Profit": 67,
        "Operating Income": 29,
        "EBIT": 58,
        "Net Income": -42
    },
    "2018-12-31": {
        "Diluted EPS": 0.0,
        "Total Revenue": 182,
        "Gross Profit": 113,
        "Operating Income": -103,
        "EBIT": -74,
        "Net Income": -313
    },
    "2018-09-30": {
        "Diluted EPS": 0.0,
        "Total Revenue": 123,
        "Gross Profit": 70,
        "Operating Income": 132,
        "EBIT": 163,
        "Net Income": 66
    },
    "2018-06-30": {
        "Diluted EPS": 0.0,
        "Total Revenue": 59,
        "Gross Profit": 22,
        "Operating Income": 78,
        "EBIT": 102,
        "Net Income": 36
    },
    "2018-03-31": {
        "Diluted EPS": 0.0,
        "Total Revenue": 66,
        "Gross Profit": 23,
        "Operating Income": 6,
        "EBIT": 25,
        "Net Income": -21
    },
    "2017-12-31": {
        "Diluted EPS": 0.0,
        "Total Revenue": 58,
        "Gross Profit": 21,
        "Operating Income": 3,
        "EBIT": 21,
        "Net Income": 4
    },
    "2017-09-30": {
        "Diluted EPS": 0.0,
        "Total Revenue": 32,
        "Gross Profit": 6,
        "Operating Income": -23,
        "EBIT": -7,
        "Net Income": -44
    },
    "2017-06-30": {
        "Diluted EPS": 0.0,
        "Total Revenue": 28,
        "Gross Profit": 5,
        "Operating Income": -24,
        "EBIT": -8,
        "Net Income": -74
    },
    "2017-03-31": {
        "Diluted EPS": 0.0,
        "Total Revenue": 25,
        "Gross Profit": -5,
        "Operating Income": -41,
        "EBIT": -15,
        "Net Income": -66
    },
    "2016-12-31": {
        "Diluted EPS": 0.0,
        "Total Revenue": 23,
        "Gross Profit": -1,
        "Operating Income": -33,
        "EBIT": -16,
        "Net Income": 24
    },
    "2016-09-30": {
        "Diluted EPS": 0.0,
        "Total Revenue": 22,
        "Gross Profit": -1,
        "Operating Income": -28,
        "EBIT": -10,
        "Net Income": -24
    },
    "2016-06-30": {
        "Diluted EPS": 0.0,
        "Total Revenue": 18,
        "Gross Profit": -8,
        "Operating Income": -37,
        "EBIT": -9,
        "Net Income": -100
    },
    "2016-03-31": {
        "Diluted EPS": 0.0,
        "Total Revenue": 17,
        "Gross Profit": -10,
        "Operating Income": -43,
        "EBIT": -21,
        "Net Income": -87
    },
    "2015-12-31": {
        "Diluted EPS": 0.0,
        "Total Revenue": 23,
        "Gross Profit": -2,
        "Operating Income": -28,
        "EBIT": -9,
        "Net Income": -44
    },
    "2015-09-30": {
        "Diluted EPS": 0.0,
        "Total Revenue": 27,
        "Gross Profit": 1,
        "Operating Income": -24,
        "EBIT": -7,
        "Net Income": -146
    },
    "2015-06-30": {
        "Diluted EPS": 0.0,
        "Total Revenue": 20,
        "Gross Profit": -16,
        "Operating Income": -44,
        "EBIT": -28,
        "Net Income": -3
    },
    "2015-03-31": {
        "Diluted EPS": 0.0,
        "Total Revenue": 32,
        "Gross Profit": -6,
        "Operating Income": 67,
        "EBIT": 82,
        "Net Income": 22
    },
    "2014-12-31": {
        "Diluted EPS": -0.29,
        "Total Revenue": 35,
        "Gross Profit": 11,
        "Operating Income": -7,
        "EBIT": 7,
        "Net Income": -45
    },
    "2014-09-30": {
        "Diluted EPS": 0.0,
        "Total Revenue": 29,
        "Gross Profit": 11,
        "Operating Income": -5,
        "EBIT": 6,
        "Net Income": 8
    },
    "2014-06-30": {
        "Diluted EPS": -0.26,
        "Total Revenue": 21,
        "Gross Profit": 6,
        "Operating Income": -11,
        "EBIT": 1,
        "Net Income": -24
    },
    "2014-03-31": {
        "Diluted EPS": 0.0,
        "Total Revenue": 21,
        "Gross Profit": 1,
        "Operating Income": 21,
        "EBIT": 33,
        "Net Income": 13
    },
    "2013-12-31": {
        "Diluted EPS": 0.0,
        "Total Revenue": 19,
        "Gross Profit": 1,
        "Operating Income": 0,
        "EBIT": 10,
        "Net Income": -22
    },
    "2013-09-30": {
        "Diluted EPS": 0.0,
        "Total Revenue": 17,
        "Gross Profit": 2,
        "Operating Income": -12,
        "EBIT": -4,
        "Net Income": -13
    },
    "2013-06-30": {
        "Diluted EPS": 0.0,
        "Total Revenue": 28,
        "Gross Profit": 14,
        "Operating Income": 0,
        "EBIT": 8,
        "Net Income": 59
    },
    "2013-03-31": {
        "Diluted EPS": 0.0,
        "Total Revenue": 36,
        "Gross Profit": 24,
        "Operating Income": 76,
        "EBIT": 84,
        "Net Income": 86
    },
    "2012-12-31": {
        "Diluted EPS": 0.0,
        "Total Revenue": 99,
        "Gross Profit": 75,
        "Operating Income": 47,
        "EBIT": 66,
        "Net Income": 876
    },
    "2012-09-30": {
        "Diluted EPS": 0.0,
        "Total Revenue": 121,
        "Gross Profit": 98,
        "Operating Income": 70,
        "EBIT": 92,
        "Net Income": 45
    },
    "2012-06-30": {
        "Diluted EPS": 0.0,
        "Total Revenue": 107,
        "Gross Profit": 86,
        "Operating Income": 58,
        "EBIT": 78,
        "Net Income": 35
    },
    "2012-03-31": {
        "Diluted EPS": 0.0,
        "Total Revenue": 83,
        "Gross Profit": 54,
        "Operating Income": 28,
        "EBIT": 46,
        "Net Income": 15
    },
    "2011-12-31": {
        "Diluted EPS": 0.0,
        "Total Revenue": 81,
        "Gross Profit": 62,
        "Operating Income": 25,
        "EBIT": 42,
        "Net Income": 17
    },
    "2011-09-30": {
        "Diluted EPS": 0.17,
        "Total Revenue": 78,
        "Gross Profit": 62,
        "Operating Income": 45,
        "EBIT": 61,
        "Net Income": 14
    },
    "2011-06-30": {
        "Diluted EPS": 0.0,
        "Total Revenue": 74,
        "Gross Profit": 57,
        "Operating Income": 30,
        "EBIT": 46,
        "Net Income": -1
    },
    "2011-03-31": {
        "Diluted EPS": 0.24,
        "Total Revenue": 67,
        "Gross Profit": 50,
        "Operating Income": 20,
        "EBIT": 37,
        "Net Income": 16
    },
    "2010-12-31": {
        "Diluted EPS": 0.07,
        "Total Revenue": 65,
        "Gross Profit": 47,
        "Operating Income": 9,
        "EBIT": 25,
        "Net Income": 5
    },
    "2010-09-30": {
        "Diluted EPS": 0.06,
        "Total Revenue": 70,
        "Gross Profit": 48,
        "Operating Income": 28,
        "EBIT": 62,
        "Net Income": 4
    },
    "2010-06-30": {
        "Diluted EPS": -0.08,
        "Total Revenue": 56,
        "Gross Profit": 34,
        "Operating Income": 13,
        "EBIT": 13,
        "Net Income": -6
    },
    "2010-03-31": {
        "Diluted EPS": -0.04,
        "Total Revenue": 53,
        "Gross Profit": 30,
        "Operating Income": 11,
        "EBIT": 27,
        "Net Income": -3
    },
    "2009-12-31": {
        "Diluted EPS": 0.26,
        "Total Revenue": 66,
        "Gross Profit": 43,
        "Operating Income": 19,
        "EBIT": 35,
        "Net Income": 17
    },
    "2009-09-30": {
        "Diluted EPS": -0.02,
        "Total Revenue": 50,
        "Gross Profit": 25,
        "Operating Income": 4,
        "EBIT": 20,
        "Net Income": -1
    },
    "2009-06-30": {
        "Diluted EPS": 0.18,
        "Total Revenue": 47,
        "Gross Profit": 22,
        "Operating Income": 2,
        "EBIT": 17,
        "Net Income": 12
    },
    "2009-03-31": {
        "Diluted EPS": -0.08,
        "Total Revenue": 54,
        "Gross Profit": 26,
        "Operating Income": 7,
        "EBIT": 22,
        "Net Income": -5
    },
    "2023-06-30": {
        "Tax Effect Of Unusual Items": NaN,
        "Tax Rate For Calcs": NaN,
        "Normalized EBITDA": NaN,
        "Total Unusual Items": 35220000.0,
        "Total Unusual Items Excluding Goodwill": 35220000.0,
        "Net Income From Continuing Operation Net Minority Interest": NaN,
        "Reconciled Depreciation": 12450000.0,
        "Reconciled Cost Of Revenue": 37383000.0,
        "EBITDA": NaN,
        "EBIT": NaN,
        "Net Interest Income": 13002000.0,
        "Interest Expense": NaN,
        "Interest Income": NaN,
        "Normalized Income": NaN,
        "Net Income From Continuing And Discontinued Operation": NaN,
        "Total Expenses": 53616000.0,
        "Total Operating Income As Reported": -11302000.0,
        "Diluted Average Shares": NaN,
        "Basic Average Shares": NaN,
        "Diluted EPS": NaN,
        "Basic EPS": NaN,
        "Diluted NI Availto Com Stockholders": NaN,
        "Net Income Common Stockholders": NaN,
        "Net Income": NaN,
        "Minority Interests": -11455000.0,
        "Net Income Including Noncontrolling Interests": NaN,
        "Net Income Discontinuous Operations": NaN,
        "Net Income Continuous Operations": NaN,
        "Earnings From Equity Interest Net Of Tax": -1577000.0,
        "Tax Provision": NaN,
        "Pretax Income": NaN,
        "Other Income Expense": 24092000.0,
        "Special Income Charges": NaN,
        "Impairment Of Capital Assets": 5021000.0,
        "Earnings From Equity Interest": -1577000.0,
        "Gain On Sale Of Security": 40241000.0,
        "Net Non Operating Interest Income Expense": 13002000.0,
        "Total Other Finance Cost": 682000.0,
        "Interest Expense Non Operating": NaN,
        "Interest Income Non Operating": NaN,
        "Operating Income": 23914000.0,
        "Operating Expense": 16233000.0,
        "Other Operating Expenses": NaN,
        "Selling General And Administration": -10401000.0,
        "General And Administrative Expense": -10401000.0,
        "Other Gand A": -10401000.0,
        "Gross Profit": 40147000.0,
        "Cost Of Revenue": 37383000.0,
        "Total Revenue": NaN,
        "Operating Revenue": NaN
    },
    "2023-09-30": {
        "Tax Effect Of Unusual Items": 17038350.0,
        "Tax Rate For Calcs": 0.21,
        "Normalized EBITDA": 46177000.0,
        "Total Unusual Items": 81135000.0,
        "Total Unusual Items Excluding Goodwill": 81135000.0,
        "Net Income From Continuing Operation Net Minority Interest": 92462000.0,
        "Reconciled Depreciation": 12473000.0,
        "Reconciled Cost Of Revenue": 37750000.0,
        "EBITDA": 127312000.0,
        "EBIT": 114839000.0,
        "Net Interest Income": 13967000.0,
        "Interest Expense": 135000.0,
        "Interest Income": 14277000.0,
        "Normalized Income": 28365350.0,
        "Net Income From Continuing And Discontinued Operation": 92462000.0,
        "Total Expenses": 47650000.0,
        "Total Operating Income As Reported": 95994000.0,
        "Diluted Average Shares": NaN,
        "Basic Average Shares": NaN,
        "Diluted EPS": NaN,
        "Basic EPS": NaN,
        "Diluted NI Availto Com Stockholders": 92462000.0,
        "Net Income Common Stockholders": 92462000.0,
        "Net Income": 92462000.0,
        "Minority Interests": -21418000.0,
        "Net Income Including Noncontrolling Interests": 113880000.0,
        "Net Income Discontinuous Operations": 0.0,
        "Net Income Continuous Operations": 113880000.0,
        "Earnings From Equity Interest Net Of Tax": -983000.0,
        "Tax Provision": -159000.0,
        "Pretax Income": 114704000.0,
        "Other Income Expense": 81135000.0,
        "Special Income Charges": 0.0,
        "Impairment Of Capital Assets": 0.0,
        "Earnings From Equity Interest": NaN,
        "Gain On Sale Of Security": 81135000.0,
        "Net Non Operating Interest Income Expense": 13967000.0,
        "Total Other Finance Cost": 175000.0,
        "Interest Expense Non Operating": 135000.0,
        "Interest Income Non Operating": 14277000.0,
        "Operating Income": 19602000.0,
        "Operating Expense": 9900000.0,
        "Other Operating Expenses": 1503000.0,
        "Selling General And Administration": 8397000.0,
        "General And Administrative Expense": 8397000.0,
        "Other Gand A": 8397000.0,
        "Gross Profit": 29502000.0,
        "Cost Of Revenue": 37750000.0,
        "Total Revenue": 67252000.0,
        "Operating Revenue": 66891000.0
    },
    "2023-12-31": {
        "Tax Effect Of Unusual Items": -19272960.0,
        "Tax Rate For Calcs": 0.21,
        "Normalized EBITDA": 73965000.0,
        "Total Unusual Items": -91776000.0,
        "Total Unusual Items Excluding Goodwill": -91776000.0,
        "Net Income From Continuing Operation Net Minority Interest": -32847000.0,
        "Reconciled Depreciation": 12794000.0,
        "Reconciled Cost Of Revenue": 37107000.0,
        "EBITDA": -17811000.0,
        "EBIT": -30605000.0,
        "Net Interest Income": 14343000.0,
        "Interest Expense": -1107000.0,
        "Interest Income": 14057000.0,
        "Normalized Income": 39656040.0,
        "Net Income From Continuing And Discontinued Operation": -32847000.0,
        "Total Expenses": 31744000.0,
        "Total Operating Income As Reported": -25454000.0,
        "Diluted Average Shares": NaN,
        "Basic Average Shares": NaN,
        "Diluted EPS": NaN,
        "Basic EPS": NaN,
        "Diluted NI Availto Com Stockholders": -32847000.0,
        "Net Income Common Stockholders": -32847000.0,
        "Net Income": -32847000.0,
        "Minority Interests": -1776000.0,
        "Net Income Including Noncontrolling Interests": -31071000.0,
        "Net Income Discontinuous Operations": 0.0,
        "Net Income Continuous Operations": -31071000.0,
        "Earnings From Equity Interest Net Of Tax": -1241000.0,
        "Tax Provision": 332000.0,
        "Pretax Income": -29498000.0,
        "Other Income Expense": -91776000.0,
        "Special Income Charges": 0.0,
        "Impairment Of Capital Assets": 0.0,
        "Earnings From Equity Interest": NaN,
        "Gain On Sale Of Security": -91776000.0,
        "Net Non Operating Interest Income Expense": 14343000.0,
        "Total Other Finance Cost": 821000.0,
        "Interest Expense Non Operating": -1107000.0,
        "Interest Income Non Operating": 14057000.0,
        "Operating Income": 47935000.0,
        "Operating Expense": -5363000.0,
        "Other Operating Expenses": -51496000.0,
        "Selling General And Administration": 46133000.0,
        "General And Administrative Expense": 46133000.0,
        "Other Gand A": 46133000.0,
        "Gross Profit": 42572000.0,
        "Cost Of Revenue": 37107000.0,
        "Total Revenue": 79679000.0,
        "Operating Revenue": 80247000.0
    },
    "2024-03-31": {
        "Tax Effect Of Unusual Items": 0.0,
        "Tax Rate For Calcs": 0.002071,
        "Normalized EBITDA": 66633000.0,
        "Total Unusual Items": NaN,
        "Total Unusual Items Excluding Goodwill": NaN,
        "Net Income From Continuing Operation Net Minority Interest": 55220000.0,
        "Reconciled Depreciation": NaN,
        "Reconciled Cost Of Revenue": NaN,
        "EBITDA": 66633000.0,
        "EBIT": 66633000.0,
        "Net Interest Income": NaN,
        "Interest Expense": 0.0,
        "Interest Income": 10026000.0,
        "Normalized Income": 55220000.0,
        "Net Income From Continuing And Discontinued Operation": 55220000.0,
        "Total Expenses": NaN,
        "Total Operating Income As Reported": NaN,
        "Diluted Average Shares": 104566897.0,
        "Basic Average Shares": 104566897.0,
        "Diluted EPS": 0.528083,
        "Basic EPS": 0.528083,
        "Diluted NI Availto Com Stockholders": 55220000.0,
        "Net Income Common Stockholders": 55220000.0,
        "Net Income": 55220000.0,
        "Minority Interests": NaN,
        "Net Income Including Noncontrolling Interests": 66495000.0,
        "Net Income Discontinuous Operations": 0.0,
        "Net Income Continuous Operations": 66495000.0,
        "Earnings From Equity Interest Net Of Tax": NaN,
        "Tax Provision": 138000.0,
        "Pretax Income": 66633000.0,
        "Other Income Expense": NaN,
        "Special Income Charges": NaN,
        "Impairment Of Capital Assets": NaN,
        "Earnings From Equity Interest": -214000.0,
        "Gain On Sale Of Security": NaN,
        "Net Non Operating Interest Income Expense": NaN,
        "Total Other Finance Cost": NaN,
        "Interest Expense Non Operating": 0.0,
        "Interest Income Non Operating": 10026000.0,
        "Operating Income": NaN,
        "Operating Expense": NaN,
        "Other Operating Expenses": NaN,
        "Selling General And Administration": NaN,
        "General And Administrative Expense": NaN,
        "Other Gand A": NaN,
        "Gross Profit": NaN,
        "Cost Of Revenue": NaN,
        "Total Revenue": 64959000.0,
        "Operating Revenue": 64959000.0
    },
    "2024-06-30": {
        "Tax Effect Of Unusual Items": 0.0,
        "Tax Rate For Calcs": 0.003713,
        "Normalized EBITDA": 37709000.0,
        "Total Unusual Items": NaN,
        "Total Unusual Items Excluding Goodwill": NaN,
        "Net Income From Continuing Operation Net Minority Interest": 25907000.0,
        "Reconciled Depreciation": NaN,
        "Reconciled Cost Of Revenue": NaN,
        "EBITDA": 37709000.0,
        "EBIT": 37709000.0,
        "Net Interest Income": NaN,
        "Interest Expense": 0.0,
        "Interest Income": 13938000.0,
        "Normalized Income": 25907000.0,
        "Net Income From Continuing And Discontinued Operation": 25907000.0,
        "Total Expenses": NaN,
        "Total Operating Income As Reported": NaN,
        "Diluted Average Shares": NaN,
        "Basic Average Shares": NaN,
        "Diluted EPS": NaN,
        "Basic EPS": NaN,
        "Diluted NI Availto Com Stockholders": 25907000.0,
        "Net Income Common Stockholders": 25907000.0,
        "Net Income": 25907000.0,
        "Minority Interests": NaN,
        "Net Income Including Noncontrolling Interests": 35230000.0,
        "Net Income Discontinuous Operations": 0.0,
        "Net Income Continuous Operations": 35230000.0,
        "Earnings From Equity Interest Net Of Tax": NaN,
        "Tax Provision": 140000.0,
        "Pretax Income": 37709000.0,
        "Other Income Expense": NaN,
        "Special Income Charges": NaN,
        "Impairment Of Capital Assets": NaN,
        "Earnings From Equity Interest": NaN,
        "Gain On Sale Of Security": NaN,
        "Net Non Operating Interest Income Expense": NaN,
        "Total Other Finance Cost": NaN,
        "Interest Expense Non Operating": 0.0,
        "Interest Income Non Operating": 13938000.0,
        "Operating Income": NaN,
        "Operating Expense": NaN,
        "Other Operating Expenses": NaN,
        "Selling General And Administration": NaN,
        "General And Administrative Expense": NaN,
        "Other Gand A": NaN,
        "Gross Profit": NaN,
        "Cost Of Revenue": NaN,
        "Total Revenue": 64689000.0,
        "Operating Revenue": 65046000.0
    },
    "2024-09-30": {
        "Tax Effect Of Unusual Items": -11040960.0,
        "Tax Rate For Calcs": 0.21,
        "Normalized EBITDA": 31391000.0,
        "Total Unusual Items": -52576000.0,
        "Total Unusual Items Excluding Goodwill": -52576000.0,
        "Net Income From Continuing Operation Net Minority Interest": -34782000.0,
        "Reconciled Depreciation": 13628000.0,
        "Reconciled Cost Of Revenue": 46239000.0,
        "EBITDA": -21185000.0,
        "EBIT": -34813000.0,
        "Net Interest Income": 9411000.0,
        "Interest Expense": 0.0,
        "Interest Income": 10089000.0,
        "Normalized Income": 6753040.0,
        "Net Income From Continuing And Discontinued Operation": -34782000.0,
        "Total Expenses": 56455000.0,
        "Total Operating Income As Reported": -28290000.0,
        "Diluted Average Shares": NaN,
        "Basic Average Shares": NaN,
        "Diluted EPS": NaN,
        "Basic EPS": NaN,
        "Diluted NI Availto Com Stockholders": -34782000.0,
        "Net Income Common Stockholders": -34782000.0,
        "Net Income": -34782000.0,
        "Minority Interests": 1187000.0,
        "Net Income Including Noncontrolling Interests": -35969000.0,
        "Net Income Discontinuous Operations": 0.0,
        "Net Income Continuous Operations": -35969000.0,
        "Earnings From Equity Interest Net Of Tax": -948000.0,
        "Tax Provision": 208000.0,
        "Pretax Income": -34813000.0,
        "Other Income Expense": -52576000.0,
        "Special Income Charges": 0.0,
        "Impairment Of Capital Assets": 0.0,
        "Earnings From Equity Interest": NaN,
        "Gain On Sale Of Security": -52576000.0,
        "Net Non Operating Interest Income Expense": 9411000.0,
        "Total Other Finance Cost": 678000.0,
        "Interest Expense Non Operating": 0.0,
        "Interest Income Non Operating": 10089000.0,
        "Operating Income": 8352000.0,
        "Operating Expense": 10216000.0,
        "Other Operating Expenses": 3143000.0,
        "Selling General And Administration": 7073000.0,
        "General And Administrative Expense": 7073000.0,
        "Other Gand A": 7073000.0,
        "Gross Profit": 18568000.0,
        "Cost Of Revenue": 46239000.0,
        "Total Revenue": 64807000.0,
        "Operating Revenue": 64450000.0
    }
}