{
    "2023-03-31": {
        "Tax Effect Of Unusual Items": NaN,
        "Tax Rate For Calcs": NaN,
        "Normalized EBITDA": NaN,
        "Total Unusual Items": NaN,
        "Total Unusual Items Excluding Goodwill": NaN,
        "Net Income From Continuing Operation Net Minority Interest": NaN,
        "Reconciled Cost Of Revenue": NaN,
        "EBITDA": NaN,
        "EBIT": NaN,
        "Net Interest Income": NaN,
        "Interest Expense": NaN,
        "Interest Income": NaN,
        "Normalized Income": NaN,
        "Net Income From Continuing And Discontinued Operation": NaN,
        "Total Expenses": NaN,
        "Total Operating Income As Reported": NaN,
        "Diluted Average Shares": NaN,
        "Basic Average Shares": NaN,
        "Diluted EPS": NaN,
        "Basic EPS": NaN,
        "Diluted NI Availto Com Stockholders": NaN,
        "Net Income Common Stockholders": NaN,
        "Net Income": NaN,
        "Minority Interests": 34000.0,
        "Net Income Including Noncontrolling Interests": NaN,
        "Net Income Continuous Operations": NaN,
        "Tax Provision": NaN,
        "Pretax Income": NaN,
        "Other Income Expense": NaN,
        "Other Non Operating Income Expenses": NaN,
        "Special Income Charges": NaN,
        "Write Off": NaN,
        "Earnings From Equity Interest": NaN,
        "Net Non Operating Interest Income Expense": NaN,
        "Total Other Finance Cost": NaN,
        "Interest Expense Non Operating": NaN,
        "Interest Income Non Operating": NaN,
        "Operating Income": NaN,
        "Operating Expense": NaN,
        "Other Operating Expenses": NaN,
        "Selling General And Administration": NaN,
        "Gross Profit": NaN,
        "Cost Of Revenue": NaN,
        "Total Revenue": NaN,
        "Operating Revenue": NaN
    },
    "2022-12-31": {
        "Tax Effect Of Unusual Items": -4301970.015677,
        "Tax Rate For Calcs": 0.217788,
        "Normalized EBITDA": 72771000.0,
        "Total Unusual Items": -19753000.0,
        "Total Unusual Items Excluding Goodwill": -19753000.0,
        "Net Income From Continuing Operation Net Minority Interest": 38830000.0,
        "Reconciled Cost Of Revenue": 307204000.0,
        "EBITDA": 53018000.0,
        "EBIT": 53018000.0,
        "Net Interest Income": 11244000.0,
        "Interest Expense": 2625000.0,
        "Interest Income": 1366000.0,
        "Normalized Income": 54281029.984323,
        "Net Income From Continuing And Discontinued Operation": 38830000.0,
        "Total Expenses": 431004000.0,
        "Total Operating Income As Reported": 55179000.0,
        "Diluted Average Shares": 43079000.0,
        "Basic Average Shares": 42153000.0,
        "Diluted EPS": 0.91,
        "Basic EPS": 0.93,
        "Diluted NI Availto Com Stockholders": 38830000.0,
        "Net Income Common Stockholders": 38830000.0,
        "Net Income": 38830000.0,
        "Minority Interests": NaN,
        "Net Income Including Noncontrolling Interests": 39418000.0,
        "Net Income Continuous Operations": 39418000.0,
        "Tax Provision": 10975000.0,
        "Pretax Income": 50393000.0,
        "Other Income Expense": -20571000.0,
        "Other Non Operating Income Expenses": -912000.0,
        "Special Income Charges": -6223000.0,
        "Write Off": 5558000.0,
        "Earnings From Equity Interest": 94000.0,
        "Net Non Operating Interest Income Expense": 11244000.0,
        "Total Other Finance Cost": -12503000.0,
        "Interest Expense Non Operating": 2625000.0,
        "Interest Income Non Operating": 1366000.0,
        "Operating Income": 59720000.0,
        "Operating Expense": 123800000.0,
        "Other Operating Expenses": NaN,
        "Selling General And Administration": 21570000.0,
        "Gross Profit": 183520000.0,
        "Cost Of Revenue": 307204000.0,
        "Total Revenue": 490724000.0,
        "Operating Revenue": 490724000.0
    },
    "2022-09-30": {
        "Tax Effect Of Unusual Items": -236814.966163,
        "Tax Rate For Calcs": 0.219476,
        "Normalized EBITDA": 51388000.0,
        "Total Unusual Items": -1079000.0,
        "Total Unusual Items Excluding Goodwill": -1079000.0,
        "Net Income From Continuing Operation Net Minority Interest": 36100000.0,
        "Reconciled Cost Of Revenue": 286707000.0,
        "EBITDA": 50309000.0,
        "EBIT": 50309000.0,
        "Net Interest Income": -5609000.0,
        "Interest Expense": 4058000.0,
        "Interest Income": 842000.0,
        "Normalized Income": 36942185.033837,
        "Net Income From Continuing And Discontinued Operation": 36100000.0,
        "Total Expenses": 405915000.0,
        "Total Operating Income As Reported": 51890000.0,
        "Diluted Average Shares": 42891000.0,
        "Basic Average Shares": 41982000.0,
        "Diluted EPS": 0.84,
        "Basic EPS": 0.86,
        "Diluted NI Availto Com Stockholders": 36100000.0,
        "Net Income Common Stockholders": 36100000.0,
        "Net Income": 36100000.0,
        "Minority Interests": NaN,
        "Net Income Including Noncontrolling Interests": 36100000.0,
        "Net Income Continuous Operations": 36100000.0,
        "Tax Provision": 10151000.0,
        "Pretax Income": 46251000.0,
        "Other Income Expense": -1109000.0,
        "Other Non Operating Income Expenses": -55000.0,
        "Special Income Charges": -1079000.0,
        "Write Off": 1079000.0,
        "Earnings From Equity Interest": 25000.0,
        "Net Non Operating Interest Income Expense": -5609000.0,
        "Total Other Finance Cost": 2393000.0,
        "Interest Expense Non Operating": 4058000.0,
        "Interest Income Non Operating": 842000.0,
        "Operating Income": 52969000.0,
        "Operating Expense": 119208000.0,
        "Other Operating Expenses": NaN,
        "Selling General And Administration": 119208000.0,
        "Gross Profit": 172177000.0,
        "Cost Of Revenue": 286707000.0,
        "Total Revenue": 458884000.0,
        "Operating Revenue": 458884000.0
    },
    "2022-06-30": {
        "Tax Effect Of Unusual Items": -158964.740982,
        "Tax Rate For Calcs": 0.224844,
        "Normalized EBITDA": 51961000.0,
        "Total Unusual Items": -707000.0,
        "Total Unusual Items Excluding Goodwill": -707000.0,
        "Net Income From Continuing Operation Net Minority Interest": 37092000.0,
        "Reconciled Cost Of Revenue": 267970000.0,
        "EBITDA": 51254000.0,
        "EBIT": 51254000.0,
        "Net Interest Income": -2171000.0,
        "Interest Expense": 3323000.0,
        "Interest Income": 334000.0,
        "Normalized Income": 37640035.259018,
        "Net Income From Continuing And Discontinued Operation": 37092000.0,
        "Total Expenses": 379648000.0,
        "Total Operating Income As Reported": 48902000.0,
        "Diluted Average Shares": 42778000.0,
        "Basic Average Shares": 41829000.0,
        "Diluted EPS": 0.87,
        "Basic EPS": 0.89,
        "Diluted NI Availto Com Stockholders": 37092000.0,
        "Net Income Common Stockholders": 37092000.0,
        "Net Income": 37092000.0,
        "Minority Interests": -62000.0,
        "Net Income Including Noncontrolling Interests": 37154000.0,
        "Net Income Continuous Operations": 37154000.0,
        "Tax Provision": 10777000.0,
        "Pretax Income": 47931000.0,
        "Other Income Expense": 493000.0,
        "Other Non Operating Income Expenses": 1200000.0,
        "Special Income Charges": -707000.0,
        "Write Off": 707000.0,
        "Earnings From Equity Interest": 0.0,
        "Net Non Operating Interest Income Expense": -2171000.0,
        "Total Other Finance Cost": -818000.0,
        "Interest Expense Non Operating": 3323000.0,
        "Interest Income Non Operating": 334000.0,
        "Operating Income": 49609000.0,
        "Operating Expense": 111678000.0,
        "Other Operating Expenses": NaN,
        "Selling General And Administration": 111678000.0,
        "Gross Profit": 161287000.0,
        "Cost Of Revenue": 267970000.0,
        "Total Revenue": 429257000.0,
        "Operating Revenue": 429257000.0
    },
    "2022-03-31": {
        "Diluted EPS": 0.86,
        "Total Revenue": 401,
        "Gross Profit": 152,
        "Operating Income": 51,
        "EBIT": 51,
        "Net Income": 37
    },
    "2021-12-31": {
        "Diluted EPS": 0.67,
        "Total Revenue": 380,
        "Gross Profit": 144,
        "Operating Income": 44,
        "EBIT": 44,
        "Net Income": 29
    },
    "2021-09-30": {
        "Diluted EPS": 0.6,
        "Total Revenue": 342,
        "Gross Profit": 131,
        "Operating Income": 40,
        "EBIT": 40,
        "Net Income": 25
    },
    "2021-06-30": {
        "Diluted EPS": 0.48,
        "Total Revenue": 305,
        "Gross Profit": 116,
        "Operating Income": 31,
        "EBIT": 31,
        "Net Income": 20
    },
    "2021-03-31": {
        "Diluted EPS": 0.53,
        "Total Revenue": 270,
        "Gross Profit": 103,
        "Operating Income": 30,
        "EBIT": 47,
        "Net Income": 22
    },
    "2020-12-31": {
        "Diluted EPS": 0.16,
        "Total Revenue": 98,
        "Gross Profit": 34,
        "Operating Income": 11,
        "EBIT": 11,
        "Net Income": 6
    },
    "2020-09-30": {
        "Diluted EPS": 0.6,
        "Total Revenue": 342,
        "Gross Profit": 131,
        "Operating Income": 40,
        "EBIT": 40,
        "Net Income": 25
    },
    "2020-06-30": {
        "Diluted EPS": 0.26,
        "Total Revenue": 183,
        "Gross Profit": 66,
        "Operating Income": 15,
        "EBIT": 15,
        "Net Income": 10
    },
    "2020-03-31": {
        "Diluted EPS": 0.35,
        "Total Revenue": 192,
        "Gross Profit": 72,
        "Operating Income": 19,
        "EBIT": 30,
        "Net Income": 13
    },
    "2019-09-30": {
        "Diluted EPS": 2.0,
        "Total Revenue": 171,
        "Gross Profit": 66,
        "Operating Income": 23,
        "EBIT": 23,
        "Net Income": 15
    },
    "2019-03-31": {
        "Diluted EPS": 1.6,
        "Total Revenue": 146,
        "Gross Profit": 57,
        "Operating Income": 18,
        "EBIT": 28,
        "Net Income": 12
    },
    "2018-12-31": {
        "Diluted EPS": 0.32,
        "Total Revenue": 140,
        "Gross Profit": 56,
        "Operating Income": 18,
        "EBIT": 18,
        "Net Income": 12
    },
    "2018-09-30": {
        "Diluted EPS": 0.42,
        "Total Revenue": 135,
        "Gross Profit": 53,
        "Operating Income": 19,
        "EBIT": 19,
        "Net Income": 16
    },
    "2018-06-30": {
        "Diluted EPS": 0.39,
        "Total Revenue": 128,
        "Gross Profit": 49,
        "Operating Income": 16,
        "EBIT": 21,
        "Net Income": 14
    },
    "2018-03-31": {
        "Diluted EPS": 0.28,
        "Total Revenue": 120,
        "Gross Profit": 45,
        "Operating Income": 14,
        "EBIT": 18,
        "Net Income": 10
    },
    "2017-12-31": {
        "Diluted EPS": 0.31,
        "Total Revenue": 115,
        "Gross Profit": 43,
        "Operating Income": 9,
        "EBIT": 9,
        "Net Income": 12
    },
    "2017-09-30": {
        "Diluted EPS": 0.22,
        "Total Revenue": 110,
        "Gross Profit": 40,
        "Operating Income": 11,
        "EBIT": 11,
        "Net Income": 8
    },
    "2017-06-30": {
        "Diluted EPS": 0.06,
        "Total Revenue": 100,
        "Gross Profit": 34,
        "Operating Income": 4,
        "EBIT": 8,
        "Net Income": 2
    },
    "2017-03-31": {
        "Diluted EPS": 0.25,
        "Total Revenue": 89,
        "Gross Profit": 33,
        "Operating Income": 9,
        "EBIT": 13,
        "Net Income": 9
    },
    "2016-12-31": {
        "Diluted EPS": 0.26,
        "Total Revenue": 87,
        "Gross Profit": 34,
        "Operating Income": 11,
        "EBIT": 11,
        "Net Income": 9
    },
    "2016-09-30": {
        "Diluted EPS": 0.27,
        "Total Revenue": 82,
        "Gross Profit": 33,
        "Operating Income": 12,
        "EBIT": 12,
        "Net Income": 10
    },
    "2016-06-30": {
        "Diluted EPS": 0.25,
        "Total Revenue": 80,
        "Gross Profit": 33,
        "Operating Income": 12,
        "EBIT": 12,
        "Net Income": 9
    },
    "2016-03-31": {
        "Diluted EPS": 0.23,
        "Total Revenue": 73,
        "Gross Profit": 32,
        "Operating Income": 14,
        "EBIT": 14,
        "Net Income": 8
    },
    "2015-12-31": {
        "Diluted EPS": 0.24,
        "Total Revenue": 72,
        "Gross Profit": 27,
        "Operating Income": 7,
        "EBIT": 17,
        "Net Income": 8
    },
    "2015-09-30": {
        "Diluted EPS": 0.23,
        "Total Revenue": 67,
        "Gross Profit": 25,
        "Operating Income": 6,
        "EBIT": 6,
        "Net Income": 8
    },
    "2015-06-30": {
        "Diluted EPS": 0.22,
        "Total Revenue": 61,
        "Gross Profit": 22,
        "Operating Income": 4,
        "EBIT": 4,
        "Net Income": 8
    },
    "2015-03-31": {
        "Diluted EPS": 0.22,
        "Total Revenue": 55,
        "Gross Profit": 20,
        "Operating Income": 6,
        "EBIT": 6,
        "Net Income": 8
    },
    "2014-12-31": {
        "Diluted EPS": 0.24,
        "Total Revenue": 55,
        "Gross Profit": -6,
        "Operating Income": -33,
        "EBIT": -33,
        "Net Income": 8
    },
    "2014-09-30": {
        "Diluted EPS": 0.23,
        "Total Revenue": 52,
        "Gross Profit": 20,
        "Operating Income": 5,
        "EBIT": 5,
        "Net Income": 8
    },
    "2014-06-30": {
        "Diluted EPS": 0.2,
        "Total Revenue": 49,
        "Gross Profit": 20,
        "Operating Income": 7,
        "EBIT": 7,
        "Net Income": 6
    },
    "2014-03-31": {
        "Diluted EPS": 0.11,
        "Total Revenue": 43,
        "Gross Profit": 43,
        "Operating Income": 43,
        "EBIT": 43,
        "Net Income": 3
    },
    "2013-12-31": {
        "Diluted EPS": -0.13,
        "Total Revenue": 46,
        "Gross Profit": 46,
        "Operating Income": 46,
        "EBIT": 46,
        "Net Income": -4
    },
    "2013-09-30": {
        "Diluted EPS": 0.33,
        "Total Revenue": 40,
        "Gross Profit": 40,
        "Operating Income": 40,
        "EBIT": 40,
        "Net Income": 10
    },
    "2013-06-30": {
        "Diluted EPS": 0.19,
        "Total Revenue": 37,
        "Gross Profit": 37,
        "Operating Income": 37,
        "EBIT": 37,
        "Net Income": 6
    },
    "2013-03-31": {
        "Diluted EPS": 0.08,
        "Total Revenue": 34,
        "Gross Profit": 34,
        "Operating Income": 34,
        "EBIT": 34,
        "Net Income": 2
    },
    "2012-12-31": {
        "Diluted EPS": 0.0,
        "Total Revenue": NaN,
        "Gross Profit": NaN,
        "Operating Income": NaN,
        "EBIT": NaN,
        "Net Income": NaN
    },
    "2023-06-30": {
        "Tax Effect Of Unusual Items": NaN,
        "Tax Rate For Calcs": NaN,
        "Normalized EBITDA": NaN,
        "Total Unusual Items": NaN,
        "Total Unusual Items Excluding Goodwill": NaN,
        "Net Income From Continuing Operation Net Minority Interest": NaN,
        "Reconciled Cost Of Revenue": NaN,
        "EBITDA": NaN,
        "EBIT": NaN,
        "Net Interest Income": NaN,
        "Interest Expense": NaN,
        "Interest Income": NaN,
        "Normalized Income": NaN,
        "Net Income From Continuing And Discontinued Operation": NaN,
        "Total Expenses": NaN,
        "Total Operating Income As Reported": NaN,
        "Diluted Average Shares": NaN,
        "Basic Average Shares": NaN,
        "Diluted EPS": NaN,
        "Basic EPS": NaN,
        "Diluted NI Availto Com Stockholders": NaN,
        "Net Income Common Stockholders": NaN,
        "Net Income": NaN,
        "Minority Interests": 87000.0,
        "Net Income Including Noncontrolling Interests": NaN,
        "Net Income Continuous Operations": NaN,
        "Tax Provision": NaN,
        "Pretax Income": NaN,
        "Other Income Expense": NaN,
        "Other Non Operating Income Expenses": NaN,
        "Special Income Charges": NaN,
        "Write Off": NaN,
        "Earnings From Equity Interest": NaN,
        "Net Non Operating Interest Income Expense": NaN,
        "Total Other Finance Cost": NaN,
        "Interest Expense Non Operating": NaN,
        "Interest Income Non Operating": NaN,
        "Operating Income": NaN,
        "Operating Expense": NaN,
        "Other Operating Expenses": -614000.0,
        "Selling General And Administration": NaN,
        "Gross Profit": NaN,
        "Cost Of Revenue": NaN,
        "Total Revenue": NaN,
        "Operating Revenue": NaN
    },
    "2023-09-30": {
        "Tax Effect Of Unusual Items": -525051.33118,
        "Tax Rate For Calcs": 0.200325,
        "Normalized EBITDA": 63083000.0,
        "Total Unusual Items": -2621000.0,
        "Total Unusual Items Excluding Goodwill": -2621000.0,
        "Net Income From Continuing Operation Net Minority Interest": 43823000.0,
        "Reconciled Cost Of Revenue": 346980000.0,
        "EBITDA": 60462000.0,
        "EBIT": 60462000.0,
        "Net Interest Income": -1293000.0,
        "Interest Expense": 5661000.0,
        "Interest Income": 1324000.0,
        "Normalized Income": 45918948.66882,
        "Net Income From Continuing And Discontinued Operation": 43823000.0,
        "Total Expenses": 489511000.0,
        "Total Operating Income As Reported": 53150000.0,
        "Diluted Average Shares": 43664000.0,
        "Basic Average Shares": 42696000.0,
        "Diluted EPS": 0.98,
        "Basic EPS": 1.01,
        "Diluted NI Availto Com Stockholders": 43823000.0,
        "Net Income Common Stockholders": 43823000.0,
        "Net Income": 43823000.0,
        "Minority Interests": NaN,
        "Net Income Including Noncontrolling Interests": 43823000.0,
        "Net Income Continuous Operations": 43823000.0,
        "Tax Provision": 10978000.0,
        "Pretax Income": 54801000.0,
        "Other Income Expense": 323000.0,
        "Other Non Operating Income Expenses": 2774000.0,
        "Special Income Charges": -2621000.0,
        "Write Off": 2621000.0,
        "Earnings From Equity Interest": 170000.0,
        "Net Non Operating Interest Income Expense": -1293000.0,
        "Total Other Finance Cost": -3044000.0,
        "Interest Expense Non Operating": 5661000.0,
        "Interest Income Non Operating": 1324000.0,
        "Operating Income": 55771000.0,
        "Operating Expense": 142531000.0,
        "Other Operating Expenses": NaN,
        "Selling General And Administration": 142531000.0,
        "Gross Profit": 198302000.0,
        "Cost Of Revenue": 346980000.0,
        "Total Revenue": 545282000.0,
        "Operating Revenue": 545282000.0
    },
    "2023-12-31": {
        "Tax Effect Of Unusual Items": 631122.837995,
        "Tax Rate For Calcs": 0.169429,
        "Normalized EBITDA": 51122000.0,
        "Total Unusual Items": 3725000.0,
        "Total Unusual Items Excluding Goodwill": 3725000.0,
        "Net Income From Continuing Operation Net Minority Interest": 41424000.0,
        "Reconciled Cost Of Revenue": 372384000.0,
        "EBITDA": 54847000.0,
        "EBIT": 54847000.0,
        "Net Interest Income": -9729000.0,
        "Interest Expense": 5009000.0,
        "Interest Income": 1277000.0,
        "Normalized Income": 38330122.837995,
        "Net Income From Continuing And Discontinued Operation": 41424000.0,
        "Total Expenses": 520925000.0,
        "Total Operating Income As Reported": 54951000.0,
        "Diluted Average Shares": 43970000.0,
        "Basic Average Shares": 42976000.0,
        "Diluted EPS": 0.96,
        "Basic EPS": 0.98,
        "Diluted NI Availto Com Stockholders": 41424000.0,
        "Net Income Common Stockholders": 41424000.0,
        "Net Income": 41424000.0,
        "Minority Interests": NaN,
        "Net Income Including Noncontrolling Interests": 41394000.0,
        "Net Income Continuous Operations": 41394000.0,
        "Tax Provision": 8444000.0,
        "Pretax Income": 49838000.0,
        "Other Income Expense": -213000.0,
        "Other Non Operating Income Expenses": -3842000.0,
        "Special Income Charges": 1325000.0,
        "Write Off": 4007000.0,
        "Earnings From Equity Interest": -96000.0,
        "Net Non Operating Interest Income Expense": -9729000.0,
        "Total Other Finance Cost": 5997000.0,
        "Interest Expense Non Operating": 5009000.0,
        "Interest Income Non Operating": 1277000.0,
        "Operating Income": 59780000.0,
        "Operating Expense": 148541000.0,
        "Other Operating Expenses": 1530000.0,
        "Selling General And Administration": 15724000.0,
        "Gross Profit": 208321000.0,
        "Cost Of Revenue": 372384000.0,
        "Total Revenue": 580705000.0,
        "Operating Revenue": 580705000.0
    },
    "2024-03-31": {
        "Tax Effect Of Unusual Items": -492625.15606,
        "Tax Rate For Calcs": 0.22754,
        "Normalized EBITDA": 66303000.0,
        "Total Unusual Items": -2165000.0,
        "Total Unusual Items Excluding Goodwill": -2165000.0,
        "Net Income From Continuing Operation Net Minority Interest": 45060000.0,
        "Reconciled Cost Of Revenue": 368857000.0,
        "EBITDA": 64138000.0,
        "EBIT": 64138000.0,
        "Net Interest Income": -1070000.0,
        "Interest Expense": 7269000.0,
        "Interest Income": 1125000.0,
        "Normalized Income": 46732374.84394,
        "Net Income From Continuing And Discontinued Operation": 45060000.0,
        "Total Expenses": 520971000.0,
        "Total Operating Income As Reported": 47942000.0,
        "Diluted Average Shares": 44071000.0,
        "Basic Average Shares": 43103000.0,
        "Diluted EPS": 1.02,
        "Basic EPS": 1.05,
        "Diluted NI Availto Com Stockholders": 45060000.0,
        "Net Income Common Stockholders": 45060000.0,
        "Net Income": 45060000.0,
        "Minority Interests": 1131000.0,
        "Net Income Including Noncontrolling Interests": 43929000.0,
        "Net Income Continuous Operations": 43929000.0,
        "Tax Provision": 12940000.0,
        "Pretax Income": 56869000.0,
        "Other Income Expense": 7832000.0,
        "Other Non Operating Income Expenses": 10011000.0,
        "Special Income Charges": -2165000.0,
        "Write Off": 2165000.0,
        "Earnings From Equity Interest": -14000.0,
        "Net Non Operating Interest Income Expense": -1070000.0,
        "Total Other Finance Cost": -5074000.0,
        "Interest Expense Non Operating": 7269000.0,
        "Interest Income Non Operating": 1125000.0,
        "Operating Income": 50107000.0,
        "Operating Expense": 152114000.0,
        "Other Operating Expenses": NaN,
        "Selling General And Administration": 152114000.0,
        "Gross Profit": 202221000.0,
        "Cost Of Revenue": 368857000.0,
        "Total Revenue": 571078000.0,
        "Operating Revenue": 571078000.0
    },
    "2024-06-30": {
        "Tax Effect Of Unusual Items": -637332.641784,
        "Tax Rate For Calcs": 0.20156,
        "Normalized EBITDA": 59524000.0,
        "Total Unusual Items": -3162000.0,
        "Total Unusual Items Excluding Goodwill": -3162000.0,
        "Net Income From Continuing Operation Net Minority Interest": 38658000.0,
        "Reconciled Cost Of Revenue": 377912000.0,
        "EBITDA": 56362000.0,
        "EBIT": 56362000.0,
        "Net Interest Income": -4299000.0,
        "Interest Expense": 6233000.0,
        "Interest Income": 1402000.0,
        "Normalized Income": 41182667.358216,
        "Net Income From Continuing And Discontinued Operation": 38658000.0,
        "Total Expenses": 530536000.0,
        "Total Operating Income As Reported": 53763000.0,
        "Diluted Average Shares": 44292000.0,
        "Basic Average Shares": 43244000.0,
        "Diluted EPS": 0.87,
        "Basic EPS": 0.89,
        "Diluted NI Availto Com Stockholders": 38658000.0,
        "Net Income Common Stockholders": 38658000.0,
        "Net Income": 38658000.0,
        "Minority Interests": -1367000.0,
        "Net Income Including Noncontrolling Interests": 40025000.0,
        "Net Income Continuous Operations": 40025000.0,
        "Tax Provision": 10104000.0,
        "Pretax Income": 50129000.0,
        "Other Income Expense": -2497000.0,
        "Other Non Operating Income Expenses": 595000.0,
        "Special Income Charges": -3162000.0,
        "Write Off": 3162000.0,
        "Earnings From Equity Interest": 70000.0,
        "Net Non Operating Interest Income Expense": -4299000.0,
        "Total Other Finance Cost": -532000.0,
        "Interest Expense Non Operating": 6233000.0,
        "Interest Income Non Operating": 1402000.0,
        "Operating Income": 56925000.0,
        "Operating Expense": 152624000.0,
        "Other Operating Expenses": -1961000.0,
        "Selling General And Administration": 154585000.0,
        "Gross Profit": 209549000.0,
        "Cost Of Revenue": 377912000.0,
        "Total Revenue": 587461000.0,
        "Operating Revenue": 587461000.0
    },
    "2024-09-30": {
        "Tax Effect Of Unusual Items": -731943.460227,
        "Tax Rate For Calcs": 0.199603,
        "Normalized EBITDA": 67599000.0,
        "Total Unusual Items": -3667000.0,
        "Total Unusual Items Excluding Goodwill": -3667000.0,
        "Net Income From Continuing Operation Net Minority Interest": 45541000.0,
        "Reconciled Cost Of Revenue": 392392000.0,
        "EBITDA": 63932000.0,
        "EBIT": 63932000.0,
        "Net Interest Income": -3950000.0,
        "Interest Expense": 7034000.0,
        "Interest Income": 1349000.0,
        "Normalized Income": 48476056.539773,
        "Net Income From Continuing And Discontinued Operation": 45541000.0,
        "Total Expenses": 545793000.0,
        "Total Operating Income As Reported": 65207000.0,
        "Diluted Average Shares": 44442000.0,
        "Basic Average Shares": 43419000.0,
        "Diluted EPS": 0.98,
        "Basic EPS": 1.0,
        "Diluted NI Availto Com Stockholders": 45541000.0,
        "Net Income Common Stockholders": 45541000.0,
        "Net Income": 45541000.0,
        "Minority Interests": NaN,
        "Net Income Including Noncontrolling Interests": 45541000.0,
        "Net Income Continuous Operations": 45541000.0,
        "Tax Provision": 11357000.0,
        "Pretax Income": 56898000.0,
        "Other Income Expense": -8026000.0,
        "Other Non Operating Income Expenses": -4464000.0,
        "Special Income Charges": -3667000.0,
        "Write Off": 3667000.0,
        "Earnings From Equity Interest": 105000.0,
        "Net Non Operating Interest Income Expense": -3950000.0,
        "Total Other Finance Cost": -1735000.0,
        "Interest Expense Non Operating": 7034000.0,
        "Interest Income Non Operating": 1349000.0,
        "Operating Income": 68874000.0,
        "Operating Expense": 153401000.0,
        "Other Operating Expenses": -777000.0,
        "Selling General And Administration": 154178000.0,
        "Gross Profit": 222275000.0,
        "Cost Of Revenue": 392392000.0,
        "Total Revenue": 614667000.0,
        "Operating Revenue": 614667000.0
    }
}