{
    "2023-03-31": {
        "Tax Effect Of Unusual Items": NaN,
        "Tax Rate For Calcs": NaN,
        "Normalized EBITDA": NaN,
        "Total Unusual Items": NaN,
        "Total Unusual Items Excluding Goodwill": NaN,
        "Net Income From Continuing Operation Net Minority Interest": NaN,
        "Reconciled Depreciation": NaN,
        "Reconciled Cost Of Revenue": 0.0,
        "EBITDA": NaN,
        "EBIT": NaN,
        "Net Interest Income": NaN,
        "Interest Expense": NaN,
        "Interest Income": NaN,
        "Normalized Income": NaN,
        "Net Income From Continuing And Discontinued Operation": NaN,
        "Total Expenses": NaN,
        "Total Operating Income As Reported": NaN,
        "Diluted Average Shares": 66305714.0,
        "Basic Average Shares": 66305714.0,
        "Diluted EPS": 0.35,
        "Basic EPS": 0.35,
        "Diluted NI Availto Com Stockholders": NaN,
        "Net Income Common Stockholders": NaN,
        "Net Income": NaN,
        "Net Income Including Noncontrolling Interests": NaN,
        "Net Income Discontinuous Operations": 34402000.0,
        "Net Income Continuous Operations": NaN,
        "Tax Provision": NaN,
        "Pretax Income": NaN,
        "Other Income Expense": NaN,
        "Gain On Sale Of Security": NaN,
        "Net Non Operating Interest Income Expense": NaN,
        "Total Other Finance Cost": NaN,
        "Interest Expense Non Operating": NaN,
        "Interest Income Non Operating": NaN,
        "Operating Income": NaN,
        "Operating Expense": NaN,
        "Other Operating Expenses": NaN,
        "Depreciation Amortization Depletion Income Statement": NaN,
        "Depreciation And Amortization In Income Statement": NaN,
        "Depreciation Income Statement": NaN,
        "Research And Development": NaN,
        "Selling General And Administration": NaN,
        "Selling And Marketing Expense": NaN,
        "General And Administrative Expense": NaN,
        "Other Gand A": NaN,
        "Salaries And Wages": NaN,
        "Gross Profit": 58574000.0,
        "Cost Of Revenue": 0.0,
        "Total Revenue": NaN,
        "Operating Revenue": NaN
    },
    "2022-12-31": {
        "Tax Effect Of Unusual Items": NaN,
        "Tax Rate For Calcs": NaN,
        "Normalized EBITDA": NaN,
        "Total Unusual Items": NaN,
        "Total Unusual Items Excluding Goodwill": NaN,
        "Net Income From Continuing Operation Net Minority Interest": NaN,
        "Reconciled Depreciation": 21712000.0,
        "Reconciled Cost Of Revenue": NaN,
        "EBITDA": NaN,
        "EBIT": NaN,
        "Net Interest Income": NaN,
        "Interest Expense": NaN,
        "Interest Income": NaN,
        "Normalized Income": NaN,
        "Net Income From Continuing And Discontinued Operation": NaN,
        "Total Expenses": NaN,
        "Total Operating Income As Reported": NaN,
        "Diluted Average Shares": NaN,
        "Basic Average Shares": NaN,
        "Diluted EPS": NaN,
        "Basic EPS": NaN,
        "Diluted NI Availto Com Stockholders": NaN,
        "Net Income Common Stockholders": NaN,
        "Net Income": NaN,
        "Net Income Including Noncontrolling Interests": NaN,
        "Net Income Discontinuous Operations": 0.0,
        "Net Income Continuous Operations": NaN,
        "Tax Provision": NaN,
        "Pretax Income": NaN,
        "Other Income Expense": NaN,
        "Gain On Sale Of Security": NaN,
        "Net Non Operating Interest Income Expense": NaN,
        "Total Other Finance Cost": 9947000.0,
        "Interest Expense Non Operating": NaN,
        "Interest Income Non Operating": NaN,
        "Operating Income": NaN,
        "Operating Expense": NaN,
        "Other Operating Expenses": NaN,
        "Depreciation Amortization Depletion Income Statement": 2896000.0,
        "Depreciation And Amortization In Income Statement": 2896000.0,
        "Depreciation Income Statement": 2896000.0,
        "Research And Development": NaN,
        "Selling General And Administration": NaN,
        "Selling And Marketing Expense": NaN,
        "General And Administrative Expense": NaN,
        "Other Gand A": NaN,
        "Salaries And Wages": 48959000.0,
        "Gross Profit": NaN,
        "Cost Of Revenue": NaN,
        "Total Revenue": NaN,
        "Operating Revenue": NaN
    },
    "2022-09-30": {
        "Tax Effect Of Unusual Items": NaN,
        "Tax Rate For Calcs": NaN,
        "Normalized EBITDA": NaN,
        "Total Unusual Items": NaN,
        "Total Unusual Items Excluding Goodwill": NaN,
        "Net Income From Continuing Operation Net Minority Interest": NaN,
        "Reconciled Depreciation": 2789000.0,
        "Reconciled Cost Of Revenue": NaN,
        "EBITDA": NaN,
        "EBIT": NaN,
        "Net Interest Income": NaN,
        "Interest Expense": NaN,
        "Interest Income": NaN,
        "Normalized Income": NaN,
        "Net Income From Continuing And Discontinued Operation": NaN,
        "Total Expenses": NaN,
        "Total Operating Income As Reported": NaN,
        "Diluted Average Shares": 65835511.0,
        "Basic Average Shares": 65835511.0,
        "Diluted EPS": 0.33,
        "Basic EPS": 0.33,
        "Diluted NI Availto Com Stockholders": NaN,
        "Net Income Common Stockholders": NaN,
        "Net Income": NaN,
        "Net Income Including Noncontrolling Interests": NaN,
        "Net Income Discontinuous Operations": 0.0,
        "Net Income Continuous Operations": NaN,
        "Tax Provision": NaN,
        "Pretax Income": NaN,
        "Other Income Expense": NaN,
        "Gain On Sale Of Security": NaN,
        "Net Non Operating Interest Income Expense": NaN,
        "Total Other Finance Cost": 383000.0,
        "Interest Expense Non Operating": NaN,
        "Interest Income Non Operating": NaN,
        "Operating Income": NaN,
        "Operating Expense": NaN,
        "Other Operating Expenses": NaN,
        "Depreciation Amortization Depletion Income Statement": 2789000.0,
        "Depreciation And Amortization In Income Statement": 2789000.0,
        "Depreciation Income Statement": 2789000.0,
        "Research And Development": NaN,
        "Selling General And Administration": NaN,
        "Selling And Marketing Expense": NaN,
        "General And Administrative Expense": NaN,
        "Other Gand A": NaN,
        "Salaries And Wages": 36601000.0,
        "Gross Profit": NaN,
        "Cost Of Revenue": NaN,
        "Total Revenue": NaN,
        "Operating Revenue": NaN
    },
    "2022-06-30": {
        "Tax Effect Of Unusual Items": 23543200.0,
        "Tax Rate For Calcs": 0.4,
        "Normalized EBITDA": -42475000.0,
        "Total Unusual Items": 58858000.0,
        "Total Unusual Items Excluding Goodwill": 58858000.0,
        "Net Income From Continuing Operation Net Minority Interest": -19028000.0,
        "Reconciled Depreciation": 32458000.0,
        "Reconciled Cost Of Revenue": 2633000.0,
        "EBITDA": 16383000.0,
        "EBIT": -16075000.0,
        "Net Interest Income": -742000.0,
        "Interest Expense": 2142000.0,
        "Interest Income": 2956000.0,
        "Normalized Income": -54342800.0,
        "Net Income From Continuing And Discontinued Operation": -19028000.0,
        "Total Expenses": 213944000.0,
        "Total Operating Income As Reported": -76332000.0,
        "Diluted Average Shares": 65728511.0,
        "Basic Average Shares": 65728511.0,
        "Diluted EPS": -0.29,
        "Basic EPS": -0.29,
        "Diluted NI Availto Com Stockholders": -19028000.0,
        "Net Income Common Stockholders": -19028000.0,
        "Net Income": -19028000.0,
        "Net Income Including Noncontrolling Interests": -19028000.0,
        "Net Income Discontinuous Operations": 0.0,
        "Net Income Continuous Operations": -19028000.0,
        "Tax Provision": 811000.0,
        "Pretax Income": -18217000.0,
        "Other Income Expense": 58858000.0,
        "Gain On Sale Of Security": 58858000.0,
        "Net Non Operating Interest Income Expense": -742000.0,
        "Total Other Finance Cost": 1556000.0,
        "Interest Expense Non Operating": 2142000.0,
        "Interest Income Non Operating": 2956000.0,
        "Operating Income": -76335000.0,
        "Operating Expense": 211311000.0,
        "Other Operating Expenses": -4213000.0,
        "Depreciation Amortization Depletion Income Statement": 2383000.0,
        "Depreciation And Amortization In Income Statement": 2383000.0,
        "Depreciation Income Statement": 2383000.0,
        "Research And Development": 149597000.0,
        "Selling General And Administration": 63544000.0,
        "Selling And Marketing Expense": 42024000.0,
        "General And Administrative Expense": 21520000.0,
        "Other Gand A": 6309000.0,
        "Salaries And Wages": 15211000.0,
        "Gross Profit": 134976000.0,
        "Cost Of Revenue": 2633000.0,
        "Total Revenue": 137609000.0,
        "Operating Revenue": 137609000.0
    },
    "2022-03-31": {
        "Diluted EPS": -0.22,
        "Total Revenue": 153,
        "Gross Profit": 150,
        "Operating Income": -24,
        "EBIT": -18,
        "Net Income": -15
    },
    "2021-12-31": {
        "Diluted EPS": 0.31,
        "Total Revenue": 164,
        "Gross Profit": 163,
        "Operating Income": 14,
        "EBIT": 14,
        "Net Income": 20
    },
    "2021-09-30": {
        "Diluted EPS": -1.17,
        "Total Revenue": 76,
        "Gross Profit": 75,
        "Operating Income": -92,
        "EBIT": -92,
        "Net Income": -76
    },
    "2021-06-30": {
        "Diluted EPS": -1.18,
        "Total Revenue": 184,
        "Gross Profit": 184,
        "Operating Income": -56,
        "EBIT": -37,
        "Net Income": -78
    },
    "2021-03-31": {
        "Diluted EPS": 0.17,
        "Total Revenue": 150,
        "Gross Profit": 150,
        "Operating Income": -61,
        "EBIT": -55,
        "Net Income": 11
    },
    "2020-12-31": {
        "Diluted EPS": -1.09,
        "Total Revenue": 190,
        "Gross Profit": 190,
        "Operating Income": -22,
        "EBIT": -22,
        "Net Income": -71
    },
    "2020-09-30": {
        "Diluted EPS": -1.46,
        "Total Revenue": 168,
        "Gross Profit": 168,
        "Operating Income": -38,
        "EBIT": -38,
        "Net Income": -96
    },
    "2020-06-30": {
        "Diluted EPS": -1.95,
        "Total Revenue": 130,
        "Gross Profit": 130,
        "Operating Income": -95,
        "EBIT": -95,
        "Net Income": -127
    },
    "2020-03-31": {
        "Diluted EPS": -0.86,
        "Total Revenue": 118,
        "Gross Profit": 118,
        "Operating Income": -49,
        "EBIT": -49,
        "Net Income": -56
    },
    "2019-12-31": {
        "Diluted EPS": -1.94,
        "Total Revenue": 165,
        "Gross Profit": 165,
        "Operating Income": -21,
        "EBIT": -16,
        "Net Income": -126
    },
    "2019-09-30": {
        "Diluted EPS": 6.71,
        "Total Revenue": 716,
        "Gross Profit": 716,
        "Operating Income": 546,
        "EBIT": 546,
        "Net Income": 402
    },
    "2019-06-30": {
        "Diluted EPS": -0.97,
        "Total Revenue": 76,
        "Gross Profit": 76,
        "Operating Income": -50,
        "EBIT": -50,
        "Net Income": -53
    },
    "2019-03-31": {
        "Diluted EPS": -1.01,
        "Total Revenue": 46,
        "Gross Profit": 46,
        "Operating Income": -60,
        "EBIT": -57,
        "Net Income": -55
    },
    "2018-12-31": {
        "Diluted EPS": 0.41,
        "Total Revenue": 132,
        "Gross Profit": 132,
        "Operating Income": 12,
        "EBIT": 13,
        "Net Income": 20
    },
    "2018-09-30": {
        "Diluted EPS": 0.33,
        "Total Revenue": 120,
        "Gross Profit": 120,
        "Operating Income": 14,
        "EBIT": 15,
        "Net Income": 17
    },
    "2018-06-30": {
        "Diluted EPS": -0.5,
        "Total Revenue": 68,
        "Gross Profit": 68,
        "Operating Income": -40,
        "EBIT": -37,
        "Net Income": -26
    },
    "2018-03-31": {
        "Diluted EPS": -0.9,
        "Total Revenue": 55,
        "Gross Profit": 55,
        "Operating Income": -39,
        "EBIT": -38,
        "Net Income": -46
    },
    "2017-03-31": {
        "Diluted EPS": -0.32,
        "Total Revenue": 44,
        "Gross Profit": 44,
        "Operating Income": -12,
        "EBIT": -11,
        "Net Income": -15
    },
    "2016-03-31": {
        "Diluted EPS": 0.87,
        "Total Revenue": 16,
        "Gross Profit": 16,
        "Operating Income": -19,
        "EBIT": -18,
        "Net Income": 40
    },
    "2015-12-31": {
        "Diluted EPS": -1.71,
        "Total Revenue": 15,
        "Gross Profit": 15,
        "Operating Income": 15,
        "EBIT": 16,
        "Net Income": -63
    },
    "2015-09-30": {
        "Diluted EPS": -0.8,
        "Total Revenue": 11,
        "Gross Profit": 11,
        "Operating Income": 11,
        "EBIT": 12,
        "Net Income": -30
    },
    "2015-06-30": {
        "Diluted EPS": -0.65,
        "Total Revenue": 19,
        "Gross Profit": 19,
        "Operating Income": 19,
        "EBIT": 19,
        "Net Income": -22
    },
    "2015-03-31": {
        "Diluted EPS": -0.53,
        "Total Revenue": 23,
        "Gross Profit": 23,
        "Operating Income": 23,
        "EBIT": 23,
        "Net Income": -16
    },
    "2014-12-31": {
        "Diluted EPS": 0.0,
        "Total Revenue": NaN,
        "Gross Profit": NaN,
        "Operating Income": NaN,
        "EBIT": NaN,
        "Net Income": NaN
    },
    "2014-06-30": {
        "Diluted EPS": 0.0,
        "Total Revenue": NaN,
        "Gross Profit": NaN,
        "Operating Income": NaN,
        "EBIT": NaN,
        "Net Income": NaN
    },
    "2013-12-31": {
        "Diluted EPS": 0.0,
        "Total Revenue": NaN,
        "Gross Profit": NaN,
        "Operating Income": NaN,
        "EBIT": NaN,
        "Net Income": NaN
    },
    "2012-12-31": {
        "Diluted EPS": 0.0,
        "Total Revenue": NaN,
        "Gross Profit": NaN,
        "Operating Income": NaN,
        "EBIT": NaN,
        "Net Income": NaN
    },
    "2023-06-30": {
        "Tax Effect Of Unusual Items": 2470500.0,
        "Tax Rate For Calcs": 0.25,
        "Normalized EBITDA": 7080000.0,
        "Total Unusual Items": 9882000.0,
        "Total Unusual Items Excluding Goodwill": 9882000.0,
        "Net Income From Continuing Operation Net Minority Interest": 5101000.0,
        "Reconciled Depreciation": NaN,
        "Reconciled Cost Of Revenue": 4268000.0,
        "EBITDA": 16962000.0,
        "EBIT": 16962000.0,
        "Net Interest Income": 19266000.0,
        "Interest Expense": -1495000.0,
        "Interest Income": 20048000.0,
        "Normalized Income": -2310500.0,
        "Net Income From Continuing And Discontinued Operation": 5101000.0,
        "Total Expenses": 160643000.0,
        "Total Operating Income As Reported": -10690000.0,
        "Diluted Average Shares": NaN,
        "Basic Average Shares": NaN,
        "Diluted EPS": NaN,
        "Basic EPS": NaN,
        "Diluted NI Availto Com Stockholders": 5101000.0,
        "Net Income Common Stockholders": 5101000.0,
        "Net Income": 5101000.0,
        "Net Income Including Noncontrolling Interests": 5101000.0,
        "Net Income Discontinuous Operations": NaN,
        "Net Income Continuous Operations": 5101000.0,
        "Tax Provision": 13356000.0,
        "Pretax Income": 18457000.0,
        "Other Income Expense": 9882000.0,
        "Gain On Sale Of Security": 9882000.0,
        "Net Non Operating Interest Income Expense": 19266000.0,
        "Total Other Finance Cost": NaN,
        "Interest Expense Non Operating": -1495000.0,
        "Interest Income Non Operating": 20048000.0,
        "Operating Income": -10690000.0,
        "Operating Expense": 156375000.0,
        "Other Operating Expenses": 3119000.0,
        "Depreciation Amortization Depletion Income Statement": NaN,
        "Depreciation And Amortization In Income Statement": NaN,
        "Depreciation Income Statement": NaN,
        "Research And Development": 108353000.0,
        "Selling General And Administration": 39409000.0,
        "Selling And Marketing Expense": -8812000.0,
        "General And Administrative Expense": 48221000.0,
        "Other Gand A": -18773000.0,
        "Salaries And Wages": NaN,
        "Gross Profit": 145685000.0,
        "Cost Of Revenue": 4268000.0,
        "Total Revenue": 149953000.0,
        "Operating Revenue": 149953000.0
    },
    "2023-09-30": {
        "Tax Effect Of Unusual Items": 9016000.0,
        "Tax Rate For Calcs": 0.25,
        "Normalized EBITDA": -6241000.0,
        "Total Unusual Items": 36064000.0,
        "Total Unusual Items Excluding Goodwill": 36064000.0,
        "Net Income From Continuing Operation Net Minority Interest": 25830000.0,
        "Reconciled Depreciation": NaN,
        "Reconciled Cost Of Revenue": 5700000.0,
        "EBITDA": 29823000.0,
        "EBIT": 29823000.0,
        "Net Interest Income": 19899000.0,
        "Interest Expense": 4093000.0,
        "Interest Income": 21715000.0,
        "Normalized Income": -1218000.0,
        "Net Income From Continuing And Discontinued Operation": 25830000.0,
        "Total Expenses": 150261000.0,
        "Total Operating Income As Reported": -30233000.0,
        "Diluted Average Shares": NaN,
        "Basic Average Shares": NaN,
        "Diluted EPS": NaN,
        "Basic EPS": NaN,
        "Diluted NI Availto Com Stockholders": 25830000.0,
        "Net Income Common Stockholders": 25830000.0,
        "Net Income": 25830000.0,
        "Net Income Including Noncontrolling Interests": 25830000.0,
        "Net Income Discontinuous Operations": NaN,
        "Net Income Continuous Operations": 25830000.0,
        "Tax Provision": -100000.0,
        "Pretax Income": 25730000.0,
        "Other Income Expense": 36064000.0,
        "Gain On Sale Of Security": 36064000.0,
        "Net Non Operating Interest Income Expense": 19899000.0,
        "Total Other Finance Cost": NaN,
        "Interest Expense Non Operating": 4093000.0,
        "Interest Income Non Operating": 21715000.0,
        "Operating Income": -30234000.0,
        "Operating Expense": 144561000.0,
        "Other Operating Expenses": -34906000.0,
        "Depreciation Amortization Depletion Income Statement": NaN,
        "Depreciation And Amortization In Income Statement": NaN,
        "Depreciation Income Statement": NaN,
        "Research And Development": 100305000.0,
        "Selling General And Administration": 84656000.0,
        "Selling And Marketing Expense": 68131000.0,
        "General And Administrative Expense": 16525000.0,
        "Other Gand A": 83519000.0,
        "Salaries And Wages": NaN,
        "Gross Profit": 114327000.0,
        "Cost Of Revenue": 5700000.0,
        "Total Revenue": 120027000.0,
        "Operating Revenue": 120027000.0
    },
    "2023-12-31": {
        "Tax Effect Of Unusual Items": -1256316.447124,
        "Tax Rate For Calcs": 0.062832,
        "Normalized EBITDA": -45025000.0,
        "Total Unusual Items": -19995000.0,
        "Total Unusual Items Excluding Goodwill": -19995000.0,
        "Net Income From Continuing Operation Net Minority Interest": -58126000.0,
        "Reconciled Depreciation": NaN,
        "Reconciled Cost Of Revenue": NaN,
        "EBITDA": -65020000.0,
        "EBIT": -65020000.0,
        "Net Interest Income": 27281000.0,
        "Interest Expense": -2997000.0,
        "Interest Income": 24486000.0,
        "Normalized Income": -39387316.447124,
        "Net Income From Continuing And Discontinued Operation": 157559000.0,
        "Total Expenses": -139816000.0,
        "Total Operating Income As Reported": -69309000.0,
        "Diluted Average Shares": NaN,
        "Basic Average Shares": NaN,
        "Diluted EPS": NaN,
        "Basic EPS": NaN,
        "Diluted NI Availto Com Stockholders": 157559000.0,
        "Net Income Common Stockholders": 157559000.0,
        "Net Income": 157559000.0,
        "Net Income Including Noncontrolling Interests": 157559000.0,
        "Net Income Discontinuous Operations": NaN,
        "Net Income Continuous Operations": -58126000.0,
        "Tax Provision": -3897000.0,
        "Pretax Income": -62023000.0,
        "Other Income Expense": -19995000.0,
        "Gain On Sale Of Security": -19995000.0,
        "Net Non Operating Interest Income Expense": 27281000.0,
        "Total Other Finance Cost": NaN,
        "Interest Expense Non Operating": -2997000.0,
        "Interest Income Non Operating": 24486000.0,
        "Operating Income": -69308000.0,
        "Operating Expense": -126276000.0,
        "Other Operating Expenses": 16436000.0,
        "Depreciation Amortization Depletion Income Statement": NaN,
        "Depreciation And Amortization In Income Statement": NaN,
        "Depreciation Income Statement": NaN,
        "Research And Development": -70886000.0,
        "Selling General And Administration": -87917000.0,
        "Selling And Marketing Expense": -86371000.0,
        "General And Administrative Expense": -1546000.0,
        "Other Gand A": -70641000.0,
        "Salaries And Wages": NaN,
        "Gross Profit": NaN,
        "Cost Of Revenue": NaN,
        "Total Revenue": -209124000.0,
        "Operating Revenue": -209124000.0
    },
    "2024-03-31": {
        "Tax Effect Of Unusual Items": 12245200.0,
        "Tax Rate For Calcs": 0.4,
        "Normalized EBITDA": -7424000.0,
        "Total Unusual Items": 30613000.0,
        "Total Unusual Items Excluding Goodwill": 30613000.0,
        "Net Income From Continuing Operation Net Minority Interest": 23503000.0,
        "Reconciled Depreciation": NaN,
        "Reconciled Cost Of Revenue": 2548000.0,
        "EBITDA": 23189000.0,
        "EBIT": 23189000.0,
        "Net Interest Income": 25453000.0,
        "Interest Expense": 254000.0,
        "Interest Income": 25707000.0,
        "Normalized Income": 5135200.0,
        "Net Income From Continuing And Discontinued Operation": 90220000.0,
        "Total Expenses": 95563000.0,
        "Total Operating Income As Reported": -33131000.0,
        "Diluted Average Shares": 65854015.0,
        "Basic Average Shares": 65854015.0,
        "Diluted EPS": 1.37,
        "Basic EPS": 1.37,
        "Diluted NI Availto Com Stockholders": 90220000.0,
        "Net Income Common Stockholders": 90220000.0,
        "Net Income": 90220000.0,
        "Net Income Including Noncontrolling Interests": 90220000.0,
        "Net Income Discontinuous Operations": 66717000.0,
        "Net Income Continuous Operations": 23503000.0,
        "Tax Provision": -568000.0,
        "Pretax Income": 22935000.0,
        "Other Income Expense": 30613000.0,
        "Gain On Sale Of Security": 30613000.0,
        "Net Non Operating Interest Income Expense": 25453000.0,
        "Total Other Finance Cost": NaN,
        "Interest Expense Non Operating": 254000.0,
        "Interest Income Non Operating": 25707000.0,
        "Operating Income": -33131000.0,
        "Operating Expense": 93015000.0,
        "Other Operating Expenses": -9387000.0,
        "Depreciation Amortization Depletion Income Statement": NaN,
        "Depreciation And Amortization In Income Statement": NaN,
        "Depreciation Income Statement": NaN,
        "Research And Development": 71614000.0,
        "Selling General And Administration": 30788000.0,
        "Selling And Marketing Expense": 2907000.0,
        "General And Administrative Expense": 27881000.0,
        "Other Gand A": 27881000.0,
        "Salaries And Wages": NaN,
        "Gross Profit": 59884000.0,
        "Cost Of Revenue": 2548000.0,
        "Total Revenue": 62432000.0,
        "Operating Revenue": 62432000.0
    },
    "2024-06-30": {
        "Tax Effect Of Unusual Items": 4710500.0,
        "Tax Rate For Calcs": 0.25,
        "Normalized EBITDA": -14887000.0,
        "Total Unusual Items": 18842000.0,
        "Total Unusual Items Excluding Goodwill": 18842000.0,
        "Net Income From Continuing Operation Net Minority Interest": 4661000.0,
        "Reconciled Depreciation": NaN,
        "Reconciled Cost Of Revenue": 16557000.0,
        "EBITDA": 3955000.0,
        "EBIT": 3955000.0,
        "Net Interest Income": 23429000.0,
        "Interest Expense": -135000.0,
        "Interest Income": 23714000.0,
        "Normalized Income": -9470500.0,
        "Net Income From Continuing And Discontinued Operation": 8985000.0,
        "Total Expenses": 116054000.0,
        "Total Operating Income As Reported": -38181000.0,
        "Diluted Average Shares": NaN,
        "Basic Average Shares": NaN,
        "Diluted EPS": NaN,
        "Basic EPS": NaN,
        "Diluted NI Availto Com Stockholders": 8985000.0,
        "Net Income Common Stockholders": 8985000.0,
        "Net Income": 8985000.0,
        "Net Income Including Noncontrolling Interests": 8985000.0,
        "Net Income Discontinuous Operations": 4324000.0,
        "Net Income Continuous Operations": 4661000.0,
        "Tax Provision": -571000.0,
        "Pretax Income": 4090000.0,
        "Other Income Expense": 18842000.0,
        "Gain On Sale Of Security": 18842000.0,
        "Net Non Operating Interest Income Expense": 23429000.0,
        "Total Other Finance Cost": NaN,
        "Interest Expense Non Operating": -135000.0,
        "Interest Income Non Operating": 23714000.0,
        "Operating Income": -38181000.0,
        "Operating Expense": 99497000.0,
        "Other Operating Expenses": 5751000.0,
        "Depreciation Amortization Depletion Income Statement": NaN,
        "Depreciation And Amortization In Income Statement": NaN,
        "Depreciation Income Statement": NaN,
        "Research And Development": 73611000.0,
        "Selling General And Administration": 15827000.0,
        "Selling And Marketing Expense": -1777000.0,
        "General And Administrative Expense": 17604000.0,
        "Other Gand A": -11824000.0,
        "Salaries And Wages": NaN,
        "Gross Profit": 61316000.0,
        "Cost Of Revenue": 16557000.0,
        "Total Revenue": 77873000.0,
        "Operating Revenue": 77873000.0
    }
}