{
    "2023-03-31": {
        "Tax Effect Of Unusual Items": NaN,
        "Tax Rate For Calcs": NaN,
        "Normalized EBITDA": NaN,
        "Net Income From Continuing Operation Net Minority Interest": NaN,
        "Reconciled Depreciation": NaN,
        "EBITDA": NaN,
        "EBIT": NaN,
        "Net Interest Income": NaN,
        "Interest Income": NaN,
        "Normalized Income": NaN,
        "Net Income From Continuing And Discontinued Operation": NaN,
        "Total Expenses": NaN,
        "Total Operating Income As Reported": NaN,
        "Diluted Average Shares": 12848165.0,
        "Basic Average Shares": 12848165.0,
        "Diluted EPS": -0.17,
        "Basic EPS": -0.17,
        "Diluted NI Availto Com Stockholders": NaN,
        "Net Income Common Stockholders": NaN,
        "Net Income": NaN,
        "Net Income Including Noncontrolling Interests": NaN,
        "Net Income Continuous Operations": NaN,
        "Pretax Income": NaN,
        "Net Non Operating Interest Income Expense": NaN,
        "Interest Income Non Operating": NaN,
        "Operating Income": NaN,
        "Operating Expense": NaN,
        "Research And Development": NaN,
        "Selling General And Administration": NaN,
        "General And Administrative Expense": NaN,
        "Other Gand A": NaN,
        "Total Revenue": NaN,
        "Operating Revenue": NaN
    },
    "2022-12-31": {
        "Tax Effect Of Unusual Items": 0.0,
        "Tax Rate For Calcs": 0.0,
        "Normalized EBITDA": -2893780.0,
        "Net Income From Continuing Operation Net Minority Interest": -2790512.0,
        "Reconciled Depreciation": 903.0,
        "EBITDA": -2893780.0,
        "EBIT": -2894683.0,
        "Net Interest Income": 104171.0,
        "Interest Income": 104171.0,
        "Normalized Income": -2790512.0,
        "Net Income From Continuing And Discontinued Operation": -2790512.0,
        "Total Expenses": 2894683.0,
        "Total Operating Income As Reported": -2894683.0,
        "Diluted Average Shares": NaN,
        "Basic Average Shares": NaN,
        "Diluted EPS": NaN,
        "Basic EPS": NaN,
        "Diluted NI Availto Com Stockholders": -2790512.0,
        "Net Income Common Stockholders": -2790512.0,
        "Net Income": -2790512.0,
        "Net Income Including Noncontrolling Interests": -2790512.0,
        "Net Income Continuous Operations": -2790512.0,
        "Pretax Income": -2790512.0,
        "Net Non Operating Interest Income Expense": 104171.0,
        "Interest Income Non Operating": 104171.0,
        "Operating Income": -2894683.0,
        "Operating Expense": 2894683.0,
        "Research And Development": 2458104.0,
        "Selling General And Administration": 436579.0,
        "General And Administrative Expense": 436579.0,
        "Other Gand A": 436579.0,
        "Total Revenue": 0.0,
        "Operating Revenue": 0.0
    },
    "2022-09-30": {
        "Tax Effect Of Unusual Items": NaN,
        "Tax Rate For Calcs": NaN,
        "Normalized EBITDA": NaN,
        "Net Income From Continuing Operation Net Minority Interest": NaN,
        "Reconciled Depreciation": NaN,
        "EBITDA": NaN,
        "EBIT": NaN,
        "Net Interest Income": NaN,
        "Interest Income": NaN,
        "Normalized Income": NaN,
        "Net Income From Continuing And Discontinued Operation": NaN,
        "Total Expenses": NaN,
        "Total Operating Income As Reported": NaN,
        "Diluted Average Shares": 12823447.0,
        "Basic Average Shares": 12823447.0,
        "Diluted EPS": -0.18,
        "Basic EPS": -0.18,
        "Diluted NI Availto Com Stockholders": NaN,
        "Net Income Common Stockholders": NaN,
        "Net Income": NaN,
        "Net Income Including Noncontrolling Interests": NaN,
        "Net Income Continuous Operations": NaN,
        "Pretax Income": NaN,
        "Net Non Operating Interest Income Expense": NaN,
        "Interest Income Non Operating": NaN,
        "Operating Income": NaN,
        "Operating Expense": NaN,
        "Research And Development": NaN,
        "Selling General And Administration": NaN,
        "General And Administrative Expense": NaN,
        "Other Gand A": NaN,
        "Total Revenue": NaN,
        "Operating Revenue": NaN
    },
    "2022-06-30": {
        "Tax Effect Of Unusual Items": 0.0,
        "Tax Rate For Calcs": 0.0,
        "Normalized EBITDA": -772404.0,
        "Net Income From Continuing Operation Net Minority Interest": -746073.0,
        "Reconciled Depreciation": 903.0,
        "EBITDA": -772404.0,
        "EBIT": -773307.0,
        "Net Interest Income": 27234.0,
        "Interest Income": 27234.0,
        "Normalized Income": -746073.0,
        "Net Income From Continuing And Discontinued Operation": -746073.0,
        "Total Expenses": 773307.0,
        "Total Operating Income As Reported": -773307.0,
        "Diluted Average Shares": 12923434.0,
        "Basic Average Shares": 12923434.0,
        "Diluted EPS": -0.06,
        "Basic EPS": -0.06,
        "Diluted NI Availto Com Stockholders": -746073.0,
        "Net Income Common Stockholders": -746073.0,
        "Net Income": -746073.0,
        "Net Income Including Noncontrolling Interests": -746073.0,
        "Net Income Continuous Operations": -746073.0,
        "Pretax Income": -746073.0,
        "Net Non Operating Interest Income Expense": 27234.0,
        "Interest Income Non Operating": 27234.0,
        "Operating Income": -773307.0,
        "Operating Expense": 773307.0,
        "Research And Development": 633250.0,
        "Selling General And Administration": 140057.0,
        "General And Administrative Expense": 140057.0,
        "Other Gand A": 140057.0,
        "Total Revenue": 0.0,
        "Operating Revenue": 0.0
    },
    "2022-03-31": {
        "Diluted EPS": -0.15,
        "Total Revenue": NaN,
        "Gross Profit": NaN,
        "Operating Income": -2,
        "EBIT": -2,
        "Net Income": -2
    },
    "2021-12-31": {
        "Diluted EPS": -0.17,
        "Total Revenue": NaN,
        "Gross Profit": NaN,
        "Operating Income": -2,
        "EBIT": -2,
        "Net Income": -2
    },
    "2021-09-30": {
        "Diluted EPS": -0.07,
        "Total Revenue": NaN,
        "Gross Profit": NaN,
        "Operating Income": -1,
        "EBIT": -1,
        "Net Income": -1
    },
    "2021-06-30": {
        "Diluted EPS": -0.06,
        "Total Revenue": NaN,
        "Gross Profit": NaN,
        "Operating Income": -1,
        "EBIT": -1,
        "Net Income": -1
    },
    "2021-03-31": {
        "Diluted EPS": -0.05,
        "Total Revenue": NaN,
        "Gross Profit": NaN,
        "Operating Income": -1,
        "EBIT": -1,
        "Net Income": -1
    },
    "2020-12-31": {
        "Diluted EPS": -0.12,
        "Total Revenue": NaN,
        "Gross Profit": NaN,
        "Operating Income": -1,
        "EBIT": -1,
        "Net Income": -1
    },
    "2020-09-30": {
        "Diluted EPS": -0.03,
        "Total Revenue": NaN,
        "Gross Profit": NaN,
        "Operating Income": 0,
        "EBIT": 0,
        "Net Income": 0
    },
    "2020-06-30": {
        "Diluted EPS": -0.02,
        "Total Revenue": NaN,
        "Gross Profit": NaN,
        "Operating Income": 0,
        "EBIT": 0,
        "Net Income": 0
    },
    "2020-03-31": {
        "Diluted EPS": -0.03,
        "Total Revenue": NaN,
        "Gross Profit": NaN,
        "Operating Income": 0,
        "EBIT": 0,
        "Net Income": 0
    },
    "2019-12-31": {
        "Diluted EPS": 0.0,
        "Total Revenue": NaN,
        "Gross Profit": NaN,
        "Operating Income": NaN,
        "EBIT": NaN,
        "Net Income": NaN
    },
    "2019-09-30": {
        "Diluted EPS": -1.15,
        "Total Revenue": NaN,
        "Gross Profit": NaN,
        "Operating Income": 0,
        "EBIT": 0,
        "Net Income": 0
    },
    "2023-06-30": {
        "Tax Effect Of Unusual Items": NaN,
        "Tax Rate For Calcs": NaN,
        "Normalized EBITDA": NaN,
        "Net Income From Continuing Operation Net Minority Interest": NaN,
        "Reconciled Depreciation": NaN,
        "EBITDA": NaN,
        "EBIT": NaN,
        "Net Interest Income": NaN,
        "Interest Income": NaN,
        "Normalized Income": NaN,
        "Net Income From Continuing And Discontinued Operation": NaN,
        "Total Expenses": NaN,
        "Total Operating Income As Reported": NaN,
        "Diluted Average Shares": 12848165.0,
        "Basic Average Shares": 12848165.0,
        "Diluted EPS": -0.13,
        "Basic EPS": -0.13,
        "Diluted NI Availto Com Stockholders": NaN,
        "Net Income Common Stockholders": NaN,
        "Net Income": NaN,
        "Net Income Including Noncontrolling Interests": NaN,
        "Net Income Continuous Operations": NaN,
        "Pretax Income": NaN,
        "Net Non Operating Interest Income Expense": NaN,
        "Interest Income Non Operating": NaN,
        "Operating Income": NaN,
        "Operating Expense": NaN,
        "Research And Development": NaN,
        "Selling General And Administration": NaN,
        "General And Administrative Expense": NaN,
        "Other Gand A": NaN,
        "Total Revenue": NaN,
        "Operating Revenue": NaN
    },
    "2023-09-30": {
        "Tax Effect Of Unusual Items": 0.0,
        "Tax Rate For Calcs": 0.0,
        "Normalized EBITDA": -2502022.0,
        "Net Income From Continuing Operation Net Minority Interest": -2391789.0,
        "Reconciled Depreciation": 903.0,
        "EBITDA": -2502022.0,
        "EBIT": -2502925.0,
        "Net Interest Income": 111136.0,
        "Interest Income": 111136.0,
        "Normalized Income": -2391789.0,
        "Net Income From Continuing And Discontinued Operation": -2391789.0,
        "Total Expenses": 2502925.0,
        "Total Operating Income As Reported": -2502925.0,
        "Diluted Average Shares": 12848165.0,
        "Basic Average Shares": 12848165.0,
        "Diluted EPS": -0.19,
        "Basic EPS": -0.19,
        "Diluted NI Availto Com Stockholders": -2391789.0,
        "Net Income Common Stockholders": -2391789.0,
        "Net Income": -2391789.0,
        "Net Income Including Noncontrolling Interests": -2391789.0,
        "Net Income Continuous Operations": -2391789.0,
        "Pretax Income": -2391789.0,
        "Net Non Operating Interest Income Expense": 111136.0,
        "Interest Income Non Operating": 111136.0,
        "Operating Income": -2502925.0,
        "Operating Expense": 2502925.0,
        "Research And Development": 2158167.0,
        "Selling General And Administration": 344758.0,
        "General And Administrative Expense": 344758.0,
        "Other Gand A": 344758.0,
        "Total Revenue": 0.0,
        "Operating Revenue": 0.0
    },
    "2023-12-31": {
        "Tax Effect Of Unusual Items": 0.0,
        "Tax Rate For Calcs": 0.0,
        "Normalized EBITDA": -2835130.0,
        "Net Income From Continuing Operation Net Minority Interest": -2746739.0,
        "Reconciled Depreciation": 903.0,
        "EBITDA": -2835130.0,
        "EBIT": -2836033.0,
        "Net Interest Income": 89294.0,
        "Interest Income": 89294.0,
        "Normalized Income": -2746739.0,
        "Net Income From Continuing And Discontinued Operation": -2746739.0,
        "Total Expenses": 2836033.0,
        "Total Operating Income As Reported": -2836033.0,
        "Diluted Average Shares": NaN,
        "Basic Average Shares": NaN,
        "Diluted EPS": NaN,
        "Basic EPS": NaN,
        "Diluted NI Availto Com Stockholders": -2746739.0,
        "Net Income Common Stockholders": -2746739.0,
        "Net Income": -2746739.0,
        "Net Income Including Noncontrolling Interests": -2746739.0,
        "Net Income Continuous Operations": -2746739.0,
        "Pretax Income": -2746739.0,
        "Net Non Operating Interest Income Expense": 89294.0,
        "Interest Income Non Operating": 89294.0,
        "Operating Income": -2836033.0,
        "Operating Expense": 2836033.0,
        "Research And Development": 2332981.0,
        "Selling General And Administration": 503052.0,
        "General And Administrative Expense": 503052.0,
        "Other Gand A": 503052.0,
        "Total Revenue": 0.0,
        "Operating Revenue": 0.0
    },
    "2024-03-31": {
        "Tax Effect Of Unusual Items": 0.0,
        "Tax Rate For Calcs": 0.0,
        "Normalized EBITDA": -2536298.0,
        "Net Income From Continuing Operation Net Minority Interest": -2473195.0,
        "Reconciled Depreciation": 903.0,
        "EBITDA": -2536298.0,
        "EBIT": -2537201.0,
        "Net Interest Income": 64006.0,
        "Interest Income": 64006.0,
        "Normalized Income": -2473195.0,
        "Net Income From Continuing And Discontinued Operation": -2473195.0,
        "Total Expenses": 2537201.0,
        "Total Operating Income As Reported": -2537201.0,
        "Diluted Average Shares": 12859685.0,
        "Basic Average Shares": 12859685.0,
        "Diluted EPS": -0.19,
        "Basic EPS": -0.19,
        "Diluted NI Availto Com Stockholders": -2473195.0,
        "Net Income Common Stockholders": -2473195.0,
        "Net Income": -2473195.0,
        "Net Income Including Noncontrolling Interests": -2473195.0,
        "Net Income Continuous Operations": -2473195.0,
        "Pretax Income": -2473195.0,
        "Net Non Operating Interest Income Expense": 64006.0,
        "Interest Income Non Operating": 64006.0,
        "Operating Income": -2537201.0,
        "Operating Expense": 2537201.0,
        "Research And Development": 2194513.0,
        "Selling General And Administration": 342688.0,
        "General And Administrative Expense": 342688.0,
        "Other Gand A": 342688.0,
        "Total Revenue": 0.0,
        "Operating Revenue": 0.0
    },
    "2024-06-30": {
        "Tax Effect Of Unusual Items": 0.0,
        "Tax Rate For Calcs": 0.0,
        "Normalized EBITDA": -2660501.0,
        "Net Income From Continuing Operation Net Minority Interest": -2606682.0,
        "Reconciled Depreciation": 903.0,
        "EBITDA": -2660501.0,
        "EBIT": -2661404.0,
        "Net Interest Income": 54722.0,
        "Interest Income": 54722.0,
        "Normalized Income": -2606682.0,
        "Net Income From Continuing And Discontinued Operation": -2606682.0,
        "Total Expenses": 2661404.0,
        "Total Operating Income As Reported": -2661404.0,
        "Diluted Average Shares": 12906867.0,
        "Basic Average Shares": 12906867.0,
        "Diluted EPS": -0.2,
        "Basic EPS": -0.2,
        "Diluted NI Availto Com Stockholders": -2606682.0,
        "Net Income Common Stockholders": -2606682.0,
        "Net Income": -2606682.0,
        "Net Income Including Noncontrolling Interests": -2606682.0,
        "Net Income Continuous Operations": -2606682.0,
        "Pretax Income": -2606682.0,
        "Net Non Operating Interest Income Expense": 54722.0,
        "Interest Income Non Operating": 54722.0,
        "Operating Income": -2661404.0,
        "Operating Expense": 2661404.0,
        "Research And Development": 2307873.0,
        "Selling General And Administration": 353531.0,
        "General And Administrative Expense": 353531.0,
        "Other Gand A": 353531.0,
        "Total Revenue": 0.0,
        "Operating Revenue": 0.0
    },
    "2024-09-30": {
        "Tax Effect Of Unusual Items": 0.0,
        "Tax Rate For Calcs": 0.0,
        "Normalized EBITDA": -2728148.0,
        "Net Income From Continuing Operation Net Minority Interest": -2668713.0,
        "Reconciled Depreciation": 903.0,
        "EBITDA": -2728148.0,
        "EBIT": -2729051.0,
        "Net Interest Income": 60338.0,
        "Interest Income": 60338.0,
        "Normalized Income": -2668713.0,
        "Net Income From Continuing And Discontinued Operation": -2668713.0,
        "Total Expenses": 2729051.0,
        "Total Operating Income As Reported": -2729051.0,
        "Diluted Average Shares": 13142457.0,
        "Basic Average Shares": 13142457.0,
        "Diluted EPS": -0.2,
        "Basic EPS": -0.2,
        "Diluted NI Availto Com Stockholders": -2668713.0,
        "Net Income Common Stockholders": -2668713.0,
        "Net Income": -2668713.0,
        "Net Income Including Noncontrolling Interests": -2668713.0,
        "Net Income Continuous Operations": -2668713.0,
        "Pretax Income": -2668713.0,
        "Net Non Operating Interest Income Expense": 60338.0,
        "Interest Income Non Operating": 60338.0,
        "Operating Income": -2729051.0,
        "Operating Expense": 2729051.0,
        "Research And Development": 2292040.0,
        "Selling General And Administration": 437011.0,
        "General And Administrative Expense": 437011.0,
        "Other Gand A": 437011.0,
        "Total Revenue": 0.0,
        "Operating Revenue": 0.0
    }
}