{
    "2023-03-31": {
        "Tax Effect Of Unusual Items": 257600.0,
        "Tax Rate For Calcs": 0.4,
        "Normalized EBITDA": 18193000.0,
        "Total Unusual Items": 644000.0,
        "Total Unusual Items Excluding Goodwill": 644000.0,
        "Net Income From Continuing Operation Net Minority Interest": -13182000.0,
        "Reconciled Depreciation": 15731000.0,
        "Reconciled Cost Of Revenue": 341994000.0,
        "EBIT": 3106000.0,
        "Net Interest Income": -12323000.0,
        "Interest Expense": 12594000.0,
        "Interest Income": 271000.0,
        "Normalized Income": -13568400.0,
        "Net Income From Continuing And Discontinued Operation": -13584000.0,
        "Total Expenses": 372739000.0,
        "Total Operating Income As Reported": 6113000.0,
        "Diluted Average Shares": 44957000.0,
        "Basic Average Shares": 44957000.0,
        "Diluted EPS": -0.3,
        "Basic EPS": -0.3,
        "Diluted NI Availto Com Stockholders": -13584000.0,
        "Net Income Common Stockholders": -13584000.0,
        "Net Income": -13584000.0,
        "Net Income Including Noncontrolling Interests": -13584000.0,
        "Net Income Discontinuous Operations": -402000.0,
        "Net Income Continuous Operations": -13182000.0,
        "Tax Provision": 3694000.0,
        "Pretax Income": -9488000.0,
        "Other Income Expense": -2634000.0,
        "Other Non Operating Income Expenses": -3278000.0,
        "Special Income Charges": 644000.0,
        "Gain On Sale Of Ppe": 644000.0,
        "Impairment Of Capital Assets": 0.0,
        "Net Non Operating Interest Income Expense": -12323000.0,
        "Interest Expense Non Operating": 12594000.0,
        "Interest Income Non Operating": 271000.0,
        "Operating Income": 5469000.0,
        "Operating Expense": 30745000.0,
        "Selling General And Administration": 30745000.0,
        "Gross Profit": 36214000.0,
        "Cost Of Revenue": 341994000.0,
        "Total Revenue": 378208000.0,
        "Operating Revenue": 378208000.0
    },
    "2022-12-31": {
        "Tax Effect Of Unusual Items": -1463619.308188,
        "Tax Rate For Calcs": 0.047628,
        "Normalized EBITDA": 4445000.0,
        "Total Unusual Items": -30730000.0,
        "Total Unusual Items Excluding Goodwill": -30730000.0,
        "Net Income From Continuing Operation Net Minority Interest": -34113000.0,
        "Reconciled Depreciation": 16242000.0,
        "Reconciled Cost Of Revenue": 331547000.0,
        "EBIT": -26285000.0,
        "Net Interest Income": -9273000.0,
        "Interest Expense": 9534000.0,
        "Interest Income": 261000.0,
        "Normalized Income": -4846619.308188,
        "Net Income From Continuing And Discontinued Operation": -34333000.0,
        "Total Expenses": 366092000.0,
        "Total Operating Income As Reported": -22919000.0,
        "Diluted Average Shares": 44885000.0,
        "Basic Average Shares": 44885000.0,
        "Diluted EPS": -0.76,
        "Basic EPS": -0.76,
        "Diluted NI Availto Com Stockholders": -34333000.0,
        "Net Income Common Stockholders": -34333000.0,
        "Net Income": -34333000.0,
        "Net Income Including Noncontrolling Interests": -34333000.0,
        "Net Income Discontinuous Operations": -220000.0,
        "Net Income Continuous Operations": -34113000.0,
        "Tax Provision": -1706000.0,
        "Pretax Income": -35819000.0,
        "Other Income Expense": -34357000.0,
        "Other Non Operating Income Expenses": -3627000.0,
        "Special Income Charges": -30730000.0,
        "Gain On Sale Of Ppe": -64000.0,
        "Impairment Of Capital Assets": 30666000.0,
        "Net Non Operating Interest Income Expense": -9273000.0,
        "Interest Expense Non Operating": 9534000.0,
        "Interest Income Non Operating": 261000.0,
        "Operating Income": 7811000.0,
        "Operating Expense": 34545000.0,
        "Selling General And Administration": 34545000.0,
        "Gross Profit": 42356000.0,
        "Cost Of Revenue": 331547000.0,
        "Total Revenue": 373903000.0,
        "Operating Revenue": 373903000.0
    },
    "2022-09-30": {
        "Tax Effect Of Unusual Items": -17024400.0,
        "Tax Rate For Calcs": 0.4,
        "Normalized EBITDA": 21912000.0,
        "Total Unusual Items": -42561000.0,
        "Total Unusual Items Excluding Goodwill": -42561000.0,
        "Net Income From Continuing Operation Net Minority Interest": -49254000.0,
        "Reconciled Depreciation": 15546000.0,
        "Reconciled Cost Of Revenue": 334396000.0,
        "EBIT": -36195000.0,
        "Net Interest Income": -8047000.0,
        "Interest Expense": 8139000.0,
        "Interest Income": 92000.0,
        "Normalized Income": -23717400.0,
        "Net Income From Continuing And Discontinued Operation": -49496000.0,
        "Total Expenses": 363286000.0,
        "Total Operating Income As Reported": -34067000.0,
        "Diluted Average Shares": 44877000.0,
        "Basic Average Shares": 44877000.0,
        "Diluted EPS": -1.11,
        "Basic EPS": -1.11,
        "Diluted NI Availto Com Stockholders": -49496000.0,
        "Net Income Common Stockholders": -49496000.0,
        "Net Income": -49496000.0,
        "Net Income Including Noncontrolling Interests": -49496000.0,
        "Net Income Discontinuous Operations": -242000.0,
        "Net Income Continuous Operations": -49254000.0,
        "Tax Provision": 4920000.0,
        "Pretax Income": -44334000.0,
        "Other Income Expense": -44781000.0,
        "Other Non Operating Income Expenses": -2220000.0,
        "Special Income Charges": -42561000.0,
        "Gain On Sale Of Ppe": -20000.0,
        "Impairment Of Capital Assets": 42541000.0,
        "Net Non Operating Interest Income Expense": -8047000.0,
        "Interest Expense Non Operating": 8139000.0,
        "Interest Income Non Operating": 92000.0,
        "Operating Income": 8494000.0,
        "Operating Expense": 28890000.0,
        "Selling General And Administration": 28890000.0,
        "Gross Profit": 37384000.0,
        "Cost Of Revenue": 334396000.0,
        "Total Revenue": 371780000.0,
        "Operating Revenue": 371780000.0
    },
    "2022-06-30": {
        "Tax Effect Of Unusual Items": -29200.0,
        "Tax Rate For Calcs": 0.4,
        "Normalized EBITDA": 25032000.0,
        "Total Unusual Items": -73000.0,
        "Total Unusual Items Excluding Goodwill": -73000.0,
        "Net Income From Continuing Operation Net Minority Interest": -2460000.0,
        "Reconciled Depreciation": 16452000.0,
        "Reconciled Cost Of Revenue": 326566000.0,
        "EBIT": 8507000.0,
        "Net Interest Income": -7634000.0,
        "Interest Expense": 7672000.0,
        "Interest Income": 38000.0,
        "Normalized Income": -2416200.0,
        "Net Income From Continuing And Discontinued Operation": -2052000.0,
        "Total Expenses": 354966000.0,
        "Total Operating Income As Reported": 8924000.0,
        "Diluted Average Shares": 44841000.0,
        "Basic Average Shares": 44841000.0,
        "Diluted EPS": -0.04,
        "Basic EPS": -0.04,
        "Diluted NI Availto Com Stockholders": -2052000.0,
        "Net Income Common Stockholders": -2052000.0,
        "Net Income": -2052000.0,
        "Net Income Including Noncontrolling Interests": -2052000.0,
        "Net Income Discontinuous Operations": 408000.0,
        "Net Income Continuous Operations": -2460000.0,
        "Tax Provision": 3295000.0,
        "Pretax Income": 835000.0,
        "Other Income Expense": -528000.0,
        "Other Non Operating Income Expenses": -455000.0,
        "Special Income Charges": -73000.0,
        "Gain On Sale Of Ppe": -73000.0,
        "Impairment Of Capital Assets": 0.0,
        "Net Non Operating Interest Income Expense": -7634000.0,
        "Interest Expense Non Operating": 7672000.0,
        "Interest Income Non Operating": 38000.0,
        "Operating Income": 8997000.0,
        "Operating Expense": 28400000.0,
        "Selling General And Administration": 28400000.0,
        "Gross Profit": 37397000.0,
        "Cost Of Revenue": 326566000.0,
        "Total Revenue": 363963000.0,
        "Operating Revenue": 363963000.0
    },
    "2023-06-30": {
        "Tax Effect Of Unusual Items": 8400.0,
        "Tax Rate For Calcs": 0.4,
        "Normalized EBITDA": 2978000.0,
        "Total Unusual Items": 21000.0,
        "Total Unusual Items Excluding Goodwill": 21000.0,
        "Net Income From Continuing Operation Net Minority Interest": -36631000.0,
        "Reconciled Depreciation": 15970000.0,
        "Reconciled Cost Of Revenue": 338872000.0,
        "EBIT": -12971000.0,
        "Net Interest Income": -16702000.0,
        "Interest Expense": 17261000.0,
        "Interest Income": 559000.0,
        "Normalized Income": -36643600.0,
        "Net Income From Continuing And Discontinued Operation": -36940000.0,
        "Total Expenses": 367511000.0,
        "Total Operating Income As Reported": -10485000.0,
        "Diluted Average Shares": 45041000.0,
        "Basic Average Shares": 45041000.0,
        "Diluted EPS": -0.83,
        "Basic EPS": -0.83,
        "Diluted NI Availto Com Stockholders": -36940000.0,
        "Net Income Common Stockholders": -36940000.0,
        "Net Income": -36940000.0,
        "Net Income Including Noncontrolling Interests": -36940000.0,
        "Net Income Discontinuous Operations": -309000.0,
        "Net Income Continuous Operations": -36631000.0,
        "Tax Provision": 6399000.0,
        "Pretax Income": -30232000.0,
        "Other Income Expense": -3024000.0,
        "Other Non Operating Income Expenses": -3045000.0,
        "Special Income Charges": 21000.0,
        "Gain On Sale Of Ppe": 21000.0,
        "Impairment Of Capital Assets": 0.0,
        "Net Non Operating Interest Income Expense": -16702000.0,
        "Interest Expense Non Operating": 17261000.0,
        "Interest Income Non Operating": 559000.0,
        "Operating Income": -10506000.0,
        "Operating Expense": 28639000.0,
        "Selling General And Administration": 28639000.0,
        "Gross Profit": 18133000.0,
        "Cost Of Revenue": 338872000.0,
        "Total Revenue": 357005000.0,
        "Operating Revenue": 357005000.0
    },
    "2022-03-31": {
        "Diluted EPS": -2.42,
        "Total Revenue": 382,
        "Gross Profit": 32,
        "Operating Income": -116,
        "EBIT": 20,
        "Net Income": -108
    },
    "2021-12-31": {
        "Diluted EPS": -0.24,
        "Total Revenue": 334,
        "Gross Profit": 32,
        "Operating Income": -11,
        "EBIT": 6,
        "Net Income": -10
    },
    "2021-09-30": {
        "Diluted EPS": 0.17,
        "Total Revenue": 280,
        "Gross Profit": 38,
        "Operating Income": 15,
        "EBIT": 30,
        "Net Income": 8
    },
    "2021-06-30": {
        "Diluted EPS": 0.03,
        "Total Revenue": 245,
        "Gross Profit": 36,
        "Operating Income": 8,
        "EBIT": 23,
        "Net Income": 1
    },
    "2021-03-31": {
        "Diluted EPS": 0.19,
        "Total Revenue": 226,
        "Gross Profit": 39,
        "Operating Income": 17,
        "EBIT": 31,
        "Net Income": 8
    },
    "2020-12-31": {
        "Diluted EPS": 0.21,
        "Total Revenue": 235,
        "Gross Profit": 41,
        "Operating Income": 14,
        "EBIT": 28,
        "Net Income": 10
    },
    "2020-09-30": {
        "Diluted EPS": 0.15,
        "Total Revenue": 233,
        "Gross Profit": 38,
        "Operating Income": 14,
        "EBIT": 28,
        "Net Income": 7
    },
    "2020-06-30": {
        "Diluted EPS": -0.05,
        "Total Revenue": 216,
        "Gross Profit": 32,
        "Operating Income": 9,
        "EBIT": 23,
        "Net Income": -2
    },
    "2020-03-31": {
        "Diluted EPS": 0.17,
        "Total Revenue": 232,
        "Gross Profit": 37,
        "Operating Income": 12,
        "EBIT": 28,
        "Net Income": 7
    },
    "2019-12-31": {
        "Diluted EPS": -1.02,
        "Total Revenue": 231,
        "Gross Profit": 36,
        "Operating Income": 13,
        "EBIT": 26,
        "Net Income": -45
    },
    "2019-09-30": {
        "Diluted EPS": 0.28,
        "Total Revenue": 233,
        "Gross Profit": 38,
        "Operating Income": 15,
        "EBIT": 27,
        "Net Income": 12
    },
    "2019-06-30": {
        "Diluted EPS": 0.13,
        "Total Revenue": 235,
        "Gross Profit": 38,
        "Operating Income": 15,
        "EBIT": 28,
        "Net Income": 6
    },
    "2019-03-31": {
        "Diluted EPS": 0.12,
        "Total Revenue": 229,
        "Gross Profit": 36,
        "Operating Income": 12,
        "EBIT": 26,
        "Net Income": 5
    },
    "2018-12-31": {
        "Diluted EPS": -1.83,
        "Total Revenue": 229,
        "Gross Profit": 31,
        "Operating Income": 2,
        "EBIT": 15,
        "Net Income": -80
    },
    "2018-09-30": {
        "Diluted EPS": -2.19,
        "Total Revenue": 210,
        "Gross Profit": 30,
        "Operating Income": 4,
        "EBIT": 16,
        "Net Income": -96
    },
    "2018-06-30": {
        "Diluted EPS": -0.17,
        "Total Revenue": 216,
        "Gross Profit": 33,
        "Operating Income": 8,
        "EBIT": 20,
        "Net Income": -7
    },
    "2018-03-31": {
        "Diluted EPS": 0.13,
        "Total Revenue": 211,
        "Gross Profit": 37,
        "Operating Income": 8,
        "EBIT": 19,
        "Net Income": 6
    },
    "2017-12-31": {
        "Diluted EPS": -0.22,
        "Total Revenue": -190,
        "Gross Profit": 21,
        "Operating Income": 4,
        "EBIT": 16,
        "Net Income": -10
    },
    "2017-09-30": {
        "Diluted EPS": 0.27,
        "Total Revenue": 210,
        "Gross Profit": 37,
        "Operating Income": 10,
        "EBIT": 6,
        "Net Income": 12
    },
    "2017-06-30": {
        "Diluted EPS": -0.13,
        "Total Revenue": 388,
        "Gross Profit": 30,
        "Operating Income": -2,
        "EBIT": 16,
        "Net Income": -6
    },
    "2017-03-31": {
        "Diluted EPS": 0.26,
        "Total Revenue": 392,
        "Gross Profit": 56,
        "Operating Income": 21,
        "EBIT": 38,
        "Net Income": 12
    },
    "2016-12-31": {
        "Diluted EPS": -0.36,
        "Total Revenue": -457,
        "Gross Profit": -30,
        "Operating Income": -78,
        "EBIT": -89,
        "Net Income": -16
    },
    "2016-09-30": {
        "Diluted EPS": 0.44,
        "Total Revenue": 407,
        "Gross Profit": 61,
        "Operating Income": 25,
        "EBIT": 42,
        "Net Income": 20
    },
    "2016-06-30": {
        "Diluted EPS": 0.04,
        "Total Revenue": 408,
        "Gross Profit": 43,
        "Operating Income": 6,
        "EBIT": 23,
        "Net Income": 2
    },
    "2016-03-31": {
        "Diluted EPS": 0.37,
        "Total Revenue": 403,
        "Gross Profit": 58,
        "Operating Income": 26,
        "EBIT": 43,
        "Net Income": 16
    },
    "2015-12-31": {
        "Diluted EPS": 0.78,
        "Total Revenue": 415,
        "Gross Profit": 58,
        "Operating Income": 49,
        "EBIT": 65,
        "Net Income": 34
    },
    "2015-09-30": {
        "Diluted EPS": 0.31,
        "Total Revenue": 421,
        "Gross Profit": 60,
        "Operating Income": 20,
        "EBIT": 36,
        "Net Income": 14
    },
    "2015-06-30": {
        "Diluted EPS": 0.06,
        "Total Revenue": 412,
        "Gross Profit": 33,
        "Operating Income": 4,
        "EBIT": 20,
        "Net Income": 3
    },
    "2015-03-31": {
        "Diluted EPS": 0.32,
        "Total Revenue": 420,
        "Gross Profit": 52,
        "Operating Income": 23,
        "EBIT": 40,
        "Net Income": 14
    },
    "2014-12-31": {
        "Diluted EPS": 0.44,
        "Total Revenue": 437,
        "Gross Profit": 58,
        "Operating Income": 30,
        "EBIT": 47,
        "Net Income": 20
    },
    "2014-09-30": {
        "Diluted EPS": 0.69,
        "Total Revenue": 466,
        "Gross Profit": 81,
        "Operating Income": 44,
        "EBIT": 61,
        "Net Income": 30
    },
    "2014-06-30": {
        "Diluted EPS": 0.11,
        "Total Revenue": 446,
        "Gross Profit": 41,
        "Operating Income": 11,
        "EBIT": 29,
        "Net Income": 5
    },
    "2014-03-31": {
        "Diluted EPS": 0.33,
        "Total Revenue": 461,
        "Gross Profit": 55,
        "Operating Income": 22,
        "EBIT": 41,
        "Net Income": 15
    },
    "2013-12-31": {
        "Diluted EPS": 0.37,
        "Total Revenue": 435,
        "Gross Profit": 54,
        "Operating Income": 24,
        "EBIT": 43,
        "Net Income": 16
    },
    "2013-09-30": {
        "Diluted EPS": 0.77,
        "Total Revenue": 458,
        "Gross Profit": 66,
        "Operating Income": 32,
        "EBIT": 50,
        "Net Income": 34
    },
    "2013-06-30": {
        "Diluted EPS": 0.02,
        "Total Revenue": 426,
        "Gross Profit": 41,
        "Operating Income": 6,
        "EBIT": 23,
        "Net Income": 1
    },
    "2013-03-31": {
        "Diluted EPS": 0.36,
        "Total Revenue": 406,
        "Gross Profit": 57,
        "Operating Income": 24,
        "EBIT": 40,
        "Net Income": 16
    },
    "2012-12-31": {
        "Diluted EPS": 0.16,
        "Total Revenue": 393,
        "Gross Profit": 53,
        "Operating Income": 22,
        "EBIT": 42,
        "Net Income": 7
    },
    "2012-09-30": {
        "Diluted EPS": 0.46,
        "Total Revenue": 406,
        "Gross Profit": 59,
        "Operating Income": 31,
        "EBIT": 49,
        "Net Income": 20
    },
    "2012-06-30": {
        "Diluted EPS": 0.31,
        "Total Revenue": 386,
        "Gross Profit": 41,
        "Operating Income": 18,
        "EBIT": 35,
        "Net Income": 13
    },
    "2012-03-31": {
        "Diluted EPS": 0.43,
        "Total Revenue": 399,
        "Gross Profit": 61,
        "Operating Income": 31,
        "EBIT": 48,
        "Net Income": 19
    },
    "2011-12-31": {
        "Diluted EPS": 0.22,
        "Total Revenue": 393,
        "Gross Profit": 54,
        "Operating Income": 23,
        "EBIT": 48,
        "Net Income": 10
    },
    "2011-09-30": {
        "Diluted EPS": 0.28,
        "Total Revenue": 419,
        "Gross Profit": 55,
        "Operating Income": 24,
        "EBIT": 42,
        "Net Income": 13
    },
    "2011-06-30": {
        "Diluted EPS": 0.05,
        "Total Revenue": 400,
        "Gross Profit": 38,
        "Operating Income": 6,
        "EBIT": 24,
        "Net Income": 3
    },
    "2011-03-31": {
        "Diluted EPS": 0.38,
        "Total Revenue": 400,
        "Gross Profit": 60,
        "Operating Income": 32,
        "EBIT": 49,
        "Net Income": 17
    },
    "2010-12-31": {
        "Diluted EPS": 0.33,
        "Total Revenue": 378,
        "Gross Profit": 51,
        "Operating Income": 20,
        "EBIT": 38,
        "Net Income": 15
    },
    "2010-09-30": {
        "Diluted EPS": 0.85,
        "Total Revenue": 382,
        "Gross Profit": 56,
        "Operating Income": 28,
        "EBIT": 45,
        "Net Income": 39
    },
    "2010-06-30": {
        "Diluted EPS": 0.0,
        "Total Revenue": 365,
        "Gross Profit": 35,
        "Operating Income": 7,
        "EBIT": 24,
        "Net Income": 0
    },
    "2010-03-31": {
        "Diluted EPS": -0.01,
        "Total Revenue": 341,
        "Gross Profit": 44,
        "Operating Income": 10,
        "EBIT": 26,
        "Net Income": 0
    },
    "2009-12-31": {
        "Diluted EPS": 1.02,
        "Total Revenue": 308,
        "Gross Profit": 85,
        "Operating Income": 55,
        "EBIT": 72,
        "Net Income": 46
    },
    "2009-09-30": {
        "Diluted EPS": 1.0,
        "Total Revenue": 314,
        "Gross Profit": 82,
        "Operating Income": 53,
        "EBIT": 70,
        "Net Income": 46
    },
    "2009-06-30": {
        "Diluted EPS": 0.43,
        "Total Revenue": 281,
        "Gross Profit": 59,
        "Operating Income": 32,
        "EBIT": 47,
        "Net Income": 20
    },
    "2009-03-31": {
        "Diluted EPS": 0.25,
        "Total Revenue": 293,
        "Gross Profit": 43,
        "Operating Income": 20,
        "EBIT": 34,
        "Net Income": 12
    }
}