{
    "2023-03-31": {
        "Tax Effect Of Unusual Items": NaN,
        "Tax Rate For Calcs": NaN,
        "Normalized EBITDA": NaN,
        "Total Unusual Items": NaN,
        "Total Unusual Items Excluding Goodwill": NaN,
        "Net Income From Continuing Operation Net Minority Interest": NaN,
        "Reconciled Cost Of Revenue": NaN,
        "EBITDA": NaN,
        "EBIT": NaN,
        "Net Interest Income": NaN,
        "Interest Expense": NaN,
        "Interest Income": NaN,
        "Normalized Income": NaN,
        "Net Income From Continuing And Discontinued Operation": NaN,
        "Total Expenses": NaN,
        "Total Operating Income As Reported": NaN,
        "Diluted Average Shares": 658307210.0,
        "Basic Average Shares": 654205607.0,
        "Diluted EPS": 0.319,
        "Basic EPS": 0.321,
        "Diluted NI Availto Com Stockholders": NaN,
        "Net Income Common Stockholders": NaN,
        "Net Income": NaN,
        "Net Income Including Noncontrolling Interests": NaN,
        "Net Income Continuous Operations": NaN,
        "Tax Provision": NaN,
        "Pretax Income": NaN,
        "Other Income Expense": NaN,
        "Special Income Charges": NaN,
        "Restructuring And Mergern Acquisition": NaN,
        "Gain On Sale Of Security": NaN,
        "Net Non Operating Interest Income Expense": NaN,
        "Interest Expense Non Operating": NaN,
        "Interest Income Non Operating": NaN,
        "Operating Income": NaN,
        "Operating Expense": NaN,
        "Research And Development": NaN,
        "Selling General And Administration": NaN,
        "Gross Profit": NaN,
        "Cost Of Revenue": NaN,
        "Total Revenue": NaN,
        "Operating Revenue": NaN
    },
    "2022-12-31": {
        "Tax Effect Of Unusual Items": -251909365.558912,
        "Tax Rate For Calcs": 0.117825,
        "Normalized EBITDA": 2805000000.0,
        "Total Unusual Items": -2138000000.0,
        "Total Unusual Items Excluding Goodwill": -2138000000.0,
        "Net Income From Continuing Operation Net Minority Interest": 584000000.0,
        "Reconciled Cost Of Revenue": NaN,
        "EBITDA": 667000000.0,
        "EBIT": 667000000.0,
        "Net Interest Income": 135000000.0,
        "Interest Expense": 5000000.0,
        "Interest Income": 140000000.0,
        "Normalized Income": 2470090634.441088,
        "Net Income From Continuing And Discontinued Operation": 584000000.0,
        "Total Expenses": 2562000000.0,
        "Total Operating Income As Reported": 2665000000.0,
        "Diluted Average Shares": NaN,
        "Basic Average Shares": NaN,
        "Diluted EPS": NaN,
        "Basic EPS": NaN,
        "Diluted NI Availto Com Stockholders": 584000000.0,
        "Net Income Common Stockholders": 584000000.0,
        "Net Income": 584000000.0,
        "Net Income Including Noncontrolling Interests": 584000000.0,
        "Net Income Continuous Operations": 584000000.0,
        "Tax Provision": 78000000.0,
        "Pretax Income": 662000000.0,
        "Other Income Expense": -2138000000.0,
        "Gain On Sale Of Security": -2138000000.0,
        "Net Non Operating Interest Income Expense": 135000000.0,
        "Interest Expense Non Operating": 5000000.0,
        "Interest Income Non Operating": 140000000.0,
        "Operating Income": 2665000000.0,
        "Operating Expense": 2562000000.0,
        "Research And Development": 1641000000.0,
        "Selling General And Administration": 921000000.0,
        "Gross Profit": NaN,
        "Cost Of Revenue": NaN,
        "Total Revenue": 5227000000.0,
        "Operating Revenue": 5003000000.0
    },
    "2022-09-30": {
        "Tax Effect Of Unusual Items": NaN,
        "Tax Rate For Calcs": NaN,
        "Normalized EBITDA": NaN,
        "Total Unusual Items": NaN,
        "Total Unusual Items Excluding Goodwill": NaN,
        "Net Income From Continuing Operation Net Minority Interest": NaN,
        "Reconciled Cost Of Revenue": 0.0,
        "EBITDA": NaN,
        "EBIT": NaN,
        "Net Interest Income": NaN,
        "Interest Expense": NaN,
        "Interest Income": NaN,
        "Normalized Income": NaN,
        "Net Income From Continuing And Discontinued Operation": NaN,
        "Total Expenses": NaN,
        "Total Operating Income As Reported": NaN,
        "Diluted Average Shares": 659177942.0,
        "Basic Average Shares": 652844501.0,
        "Diluted EPS": 3.917,
        "Basic EPS": 3.955,
        "Diluted NI Availto Com Stockholders": NaN,
        "Net Income Common Stockholders": NaN,
        "Net Income": NaN,
        "Net Income Including Noncontrolling Interests": NaN,
        "Net Income Continuous Operations": NaN,
        "Tax Provision": NaN,
        "Pretax Income": NaN,
        "Other Income Expense": NaN,
        "Gain On Sale Of Security": NaN,
        "Net Non Operating Interest Income Expense": NaN,
        "Interest Expense Non Operating": NaN,
        "Interest Income Non Operating": NaN,
        "Operating Income": NaN,
        "Operating Expense": NaN,
        "Research And Development": NaN,
        "Selling General And Administration": NaN,
        "Gross Profit": 4087000000.0,
        "Cost Of Revenue": 0.0,
        "Total Revenue": NaN,
        "Operating Revenue": NaN
    },
    "2022-06-30": {
        "Tax Effect Of Unusual Items": 0.0,
        "Tax Rate For Calcs": 0.240257,
        "Normalized EBITDA": 2689000000.0,
        "Total Unusual Items": NaN,
        "Total Unusual Items Excluding Goodwill": NaN,
        "Net Income From Continuing Operation Net Minority Interest": 1891000000.0,
        "EBITDA": 2689000000.0,
        "EBIT": 2689000000.0,
        "Net Interest Income": 1242000000.0,
        "Interest Expense": 200000000.0,
        "Interest Income": 1442000000.0,
        "Normalized Income": 1891000000.0,
        "Net Income From Continuing And Discontinued Operation": 1891000000.0,
        "Total Expenses": 1915000000.0,
        "Total Operating Income As Reported": 1247000000.0,
        "Diluted Average Shares": 659804606.0,
        "Basic Average Shares": 655005196.0,
        "Diluted EPS": 2.866,
        "Basic EPS": 2.887,
        "Diluted NI Availto Com Stockholders": 1891000000.0,
        "Net Income Common Stockholders": 1891000000.0,
        "Net Income": 1891000000.0,
        "Net Income Including Noncontrolling Interests": 1891000000.0,
        "Net Income Continuous Operations": 1891000000.0,
        "Tax Provision": 598000000.0,
        "Pretax Income": 2489000000.0,
        "Other Income Expense": NaN,
        "Gain On Sale Of Security": NaN,
        "Net Non Operating Interest Income Expense": 1242000000.0,
        "Interest Expense Non Operating": 200000000.0,
        "Interest Income Non Operating": 1442000000.0,
        "Operating Income": 1247000000.0,
        "Operating Expense": 1915000000.0,
        "Research And Development": 1282000000.0,
        "Selling General And Administration": 633000000.0,
        "Total Revenue": 3162000000.0,
        "Operating Revenue": 3162000000.0
    },
    "2023-06-30": {
        "Tax Effect Of Unusual Items": 5098084.735926,
        "Tax Rate For Calcs": 0.21242,
        "Normalized EBITDA": 1706000000.0,
        "Total Unusual Items": 24000000.0,
        "Total Unusual Items Excluding Goodwill": 24000000.0,
        "Net Income From Continuing Operation Net Minority Interest": 1357000000.0,
        "Reconciled Cost Of Revenue": 21000000.0,
        "EBITDA": 1730000000.0,
        "EBIT": 1730000000.0,
        "Net Interest Income": 202000000.0,
        "Interest Expense": 7000000.0,
        "Interest Income": 209000000.0,
        "Normalized Income": 1338098084.735926,
        "Net Income From Continuing And Discontinued Operation": 1357000000.0,
        "Total Expenses": 2701000000.0,
        "Total Operating Income As Reported": 1497000000.0,
        "Diluted Average Shares": 658284024.0,
        "Basic Average Shares": 652492669.0,
        "Diluted EPS": 2.028,
        "Basic EPS": 2.046,
        "Diluted NI Availto Com Stockholders": 1357000000.0,
        "Net Income Common Stockholders": 1357000000.0,
        "Net Income": 1357000000.0,
        "Net Income Including Noncontrolling Interests": 1357000000.0,
        "Net Income Continuous Operations": 1357000000.0,
        "Tax Provision": 366000000.0,
        "Pretax Income": 1723000000.0,
        "Other Income Expense": 24000000.0,
        "Special Income Charges": 0.0,
        "Restructuring And Mergern Acquisition": 0.0,
        "Gain On Sale Of Security": 24000000.0,
        "Net Non Operating Interest Income Expense": 202000000.0,
        "Interest Expense Non Operating": 7000000.0,
        "Interest Income Non Operating": 209000000.0,
        "Operating Income": 1497000000.0,
        "Operating Expense": 2701000000.0,
        "Research And Development": 1853000000.0,
        "Selling General And Administration": 848000000.0,
        "Gross Profit": 4148000000.0,
        "Cost Of Revenue": 21000000.0,
        "Total Revenue": 4198000000.0,
        "Operating Revenue": 4198000000.0
    },
    "2022-03-31": {
        "Diluted EPS": 0.11,
        "Total Revenue": 320,
        "Gross Profit": 320,
        "Operating Income": 78,
        "EBIT": 78,
        "Net Income": 70
    },
    "2021-12-31": {
        "Diluted EPS": 0.17,
        "Total Revenue": 407,
        "Gross Profit": 407,
        "Operating Income": 125,
        "EBIT": 125,
        "Net Income": 110
    },
    "2021-09-30": {
        "Diluted EPS": 0.21,
        "Total Revenue": 366,
        "Gross Profit": 366,
        "Operating Income": 141,
        "EBIT": 141,
        "Net Income": 141
    },
    "2021-06-30": {
        "Diluted EPS": 0.08,
        "Total Revenue": 320,
        "Gross Profit": 320,
        "Operating Income": 128,
        "EBIT": 128,
        "Net Income": 50
    },
    "2021-03-31": {
        "Diluted EPS": 0.27,
        "Total Revenue": 256,
        "Gross Profit": 256,
        "Operating Income": 86,
        "EBIT": 86,
        "Net Income": 178
    },
    "2020-12-31": {
        "Diluted EPS": 0.16,
        "Total Revenue": 341,
        "Gross Profit": 341,
        "Operating Income": 158,
        "EBIT": 158,
        "Net Income": 107
    },
    "2020-09-30": {
        "Diluted EPS": 0.13,
        "Total Revenue": 271,
        "Gross Profit": 271,
        "Operating Income": 135,
        "EBIT": 135,
        "Net Income": 83
    },
    "2020-06-30": {
        "Diluted EPS": 0.76,
        "Total Revenue": 805,
        "Gross Profit": 805,
        "Operating Income": 664,
        "EBIT": 664,
        "Net Income": 499
    },
    "2020-03-31": {
        "Diluted EPS": 0.06,
        "Total Revenue": 132,
        "Gross Profit": 132,
        "Operating Income": 10,
        "EBIT": 10,
        "Net Income": 40
    },
    "2019-12-31": {
        "Diluted EPS": 0.19,
        "Total Revenue": 443,
        "Gross Profit": 443,
        "Operating Income": 443,
        "EBIT": 443,
        "Net Income": 221
    },
    "2019-09-30": {
        "Diluted EPS": 0.12,
        "Total Revenue": 155,
        "Gross Profit": 155,
        "Operating Income": 52,
        "EBIT": 52,
        "Net Income": 80
    },
    "2019-06-30": {
        "Diluted EPS": 0.02,
        "Total Revenue": 117,
        "Gross Profit": 117,
        "Operating Income": 21,
        "EBIT": 21,
        "Net Income": 13
    },
    "2019-03-31": {
        "Diluted EPS": 0.18,
        "Total Revenue": 90,
        "Gross Profit": 90,
        "Operating Income": 90,
        "EBIT": 90,
        "Net Income": 11
    },
    "2018-12-31": {
        "Diluted EPS": 2.13,
        "Total Revenue": 196,
        "Gross Profit": 196,
        "Operating Income": 196,
        "EBIT": 196,
        "Net Income": 132
    },
    "2023-09-30": {
        "Tax Effect Of Unusual Items": 159048852.701702,
        "Tax Rate For Calcs": 0.212065,
        "Normalized EBITDA": 1960000000.0,
        "Total Unusual Items": 750000000.0,
        "Total Unusual Items Excluding Goodwill": 750000000.0,
        "Net Income From Continuing Operation Net Minority Interest": 2129000000.0,
        "Reconciled Cost Of Revenue": 100000000.0,
        "EBITDA": 2710000000.0,
        "EBIT": 2710000000.0,
        "Net Interest Income": 235000000.0,
        "Interest Expense": 8000000.0,
        "Interest Income": 243000000.0,
        "Normalized Income": 1538048852.701702,
        "Net Income From Continuing And Discontinued Operation": 2129000000.0,
        "Total Expenses": 3027000000.0,
        "Total Operating Income As Reported": 1717000000.0,
        "Diluted Average Shares": 658725248.0,
        "Basic Average Shares": 653067485.0,
        "Diluted EPS": 3.232,
        "Basic EPS": 3.26,
        "Diluted NI Availto Com Stockholders": 2129000000.0,
        "Net Income Common Stockholders": 2129000000.0,
        "Net Income": 2129000000.0,
        "Net Income Including Noncontrolling Interests": 2129000000.0,
        "Net Income Continuous Operations": 2129000000.0,
        "Tax Provision": 573000000.0,
        "Pretax Income": 2702000000.0,
        "Other Income Expense": 750000000.0,
        "Special Income Charges": NaN,
        "Restructuring And Mergern Acquisition": NaN,
        "Gain On Sale Of Security": 750000000.0,
        "Net Non Operating Interest Income Expense": 235000000.0,
        "Interest Expense Non Operating": 8000000.0,
        "Interest Income Non Operating": 243000000.0,
        "Operating Income": 1717000000.0,
        "Operating Expense": 2927000000.0,
        "Research And Development": 2088000000.0,
        "Selling General And Administration": 839000000.0,
        "Gross Profit": 4644000000.0,
        "Cost Of Revenue": 100000000.0,
        "Total Revenue": 4744000000.0,
        "Operating Revenue": 4438000000.0
    },
    "2023-12-31": {
        "Tax Effect Of Unusual Items": -319047516.198704,
        "Tax Rate For Calcs": 0.308855,
        "Normalized EBITDA": 1965000000.0,
        "Total Unusual Items": -1033000000.0,
        "Total Unusual Items Excluding Goodwill": -1033000000.0,
        "Net Income From Continuing Operation Net Minority Interest": 640000000.0,
        "Reconciled Cost Of Revenue": 126000000.0,
        "EBITDA": 932000000.0,
        "EBIT": 932000000.0,
        "Net Interest Income": 289000000.0,
        "Interest Expense": 6000000.0,
        "Interest Income": 295000000.0,
        "Normalized Income": 1353952483.801296,
        "Net Income From Continuing And Discontinued Operation": 640000000.0,
        "Total Expenses": 3008000000.0,
        "Total Operating Income As Reported": 1670000000.0,
        "Diluted Average Shares": NaN,
        "Basic Average Shares": NaN,
        "Diluted EPS": NaN,
        "Basic EPS": NaN,
        "Diluted NI Availto Com Stockholders": 640000000.0,
        "Net Income Common Stockholders": 640000000.0,
        "Net Income": 640000000.0,
        "Net Income Including Noncontrolling Interests": 640000000.0,
        "Net Income Continuous Operations": 640000000.0,
        "Tax Provision": 286000000.0,
        "Pretax Income": 926000000.0,
        "Other Income Expense": -1033000000.0,
        "Special Income Charges": NaN,
        "Restructuring And Mergern Acquisition": NaN,
        "Gain On Sale Of Security": -1033000000.0,
        "Net Non Operating Interest Income Expense": 289000000.0,
        "Interest Expense Non Operating": 6000000.0,
        "Interest Income Non Operating": 295000000.0,
        "Operating Income": 1670000000.0,
        "Operating Expense": 2882000000.0,
        "Research And Development": 1948000000.0,
        "Selling General And Administration": 934000000.0,
        "Gross Profit": 4552000000.0,
        "Cost Of Revenue": 126000000.0,
        "Total Revenue": 4678000000.0,
        "Operating Revenue": 4603000000.0
    },
    "2024-03-31": {
        "Tax Effect Of Unusual Items": 142865384.615385,
        "Tax Rate For Calcs": 0.227855,
        "Normalized EBITDA": 1096000000.0,
        "Total Unusual Items": 627000000.0,
        "Total Unusual Items Excluding Goodwill": 627000000.0,
        "Net Income From Continuing Operation Net Minority Interest": 1325000000.0,
        "Reconciled Cost Of Revenue": 185000000.0,
        "EBITDA": 1723000000.0,
        "EBIT": 1723000000.0,
        "Net Interest Income": 288000000.0,
        "Interest Expense": 7000000.0,
        "Interest Income": 295000000.0,
        "Normalized Income": 840865384.615385,
        "Net Income From Continuing And Discontinued Operation": 1325000000.0,
        "Total Expenses": 3342000000.0,
        "Total Operating Income As Reported": 801000000.0,
        "Diluted Average Shares": 656590684.0,
        "Basic Average Shares": 653031050.0,
        "Diluted EPS": 2.018,
        "Basic EPS": 2.029,
        "Diluted NI Availto Com Stockholders": 1325000000.0,
        "Net Income Common Stockholders": 1325000000.0,
        "Net Income": 1325000000.0,
        "Net Income Including Noncontrolling Interests": 1325000000.0,
        "Net Income Continuous Operations": 1325000000.0,
        "Tax Provision": 391000000.0,
        "Pretax Income": 1716000000.0,
        "Other Income Expense": 627000000.0,
        "Special Income Charges": NaN,
        "Restructuring And Mergern Acquisition": NaN,
        "Gain On Sale Of Security": 627000000.0,
        "Net Non Operating Interest Income Expense": 288000000.0,
        "Interest Expense Non Operating": 7000000.0,
        "Interest Income Non Operating": 295000000.0,
        "Operating Income": 801000000.0,
        "Operating Expense": 3157000000.0,
        "Research And Development": 2300000000.0,
        "Selling General And Administration": 857000000.0,
        "Gross Profit": 3958000000.0,
        "Cost Of Revenue": 185000000.0,
        "Total Revenue": 4143000000.0,
        "Operating Revenue": 3863000000.0
    },
    "2024-06-30": {
        "Tax Effect Of Unusual Items": 12845322.049835,
        "Tax Rate For Calcs": 0.338035,
        "Normalized EBITDA": 2108000000.0,
        "Total Unusual Items": 38000000.0,
        "Total Unusual Items Excluding Goodwill": 38000000.0,
        "Net Income From Continuing Operation Net Minority Interest": 1408000000.0,
        "Reconciled Cost Of Revenue": 190000000.0,
        "EBITDA": 2146000000.0,
        "EBIT": 2146000000.0,
        "Net Interest Income": 273000000.0,
        "Interest Expense": 19000000.0,
        "Interest Income": 292000000.0,
        "Normalized Income": 1382845322.049835,
        "Net Income From Continuing And Discontinued Operation": 1408000000.0,
        "Total Expenses": 3586000000.0,
        "Total Operating Income As Reported": 1640000000.0,
        "Diluted Average Shares": 648847926.0,
        "Basic Average Shares": 644393593.0,
        "Diluted EPS": 2.17,
        "Basic EPS": 2.185,
        "Diluted NI Availto Com Stockholders": 1408000000.0,
        "Net Income Common Stockholders": 1408000000.0,
        "Net Income": 1408000000.0,
        "Net Income Including Noncontrolling Interests": 1408000000.0,
        "Net Income Continuous Operations": 1408000000.0,
        "Tax Provision": 719000000.0,
        "Pretax Income": 2127000000.0,
        "Other Income Expense": 38000000.0,
        "Special Income Charges": -176000000.0,
        "Restructuring And Mergern Acquisition": 176000000.0,
        "Gain On Sale Of Security": 214000000.0,
        "Net Non Operating Interest Income Expense": 273000000.0,
        "Interest Expense Non Operating": 19000000.0,
        "Interest Income Non Operating": 292000000.0,
        "Operating Income": 1816000000.0,
        "Operating Expense": 3396000000.0,
        "Research And Development": 2502000000.0,
        "Selling General And Administration": 894000000.0,
        "Gross Profit": 5212000000.0,
        "Cost Of Revenue": 190000000.0,
        "Total Revenue": 5402000000.0,
        "Operating Revenue": 5402000000.0
    }
}