{
    "2023-04-30": {
        "Tax Effect Of Unusual Items": NaN,
        "Tax Rate For Calcs": NaN,
        "Normalized EBITDA": NaN,
        "Total Unusual Items": NaN,
        "Total Unusual Items Excluding Goodwill": NaN,
        "Net Income From Continuing Operation Net Minority Interest": NaN,
        "Reconciled Depreciation": NaN,
        "Reconciled Cost Of Revenue": NaN,
        "EBITDA": NaN,
        "EBIT": NaN,
        "Net Interest Income": NaN,
        "Interest Expense": NaN,
        "Normalized Income": NaN,
        "Net Income From Continuing And Discontinued Operation": NaN,
        "Total Expenses": NaN,
        "Total Operating Income As Reported": NaN,
        "Diluted Average Shares": 41913000.0,
        "Basic Average Shares": 41239000.0,
        "Diluted EPS": 1.8,
        "Basic EPS": 1.83,
        "Diluted NI Availto Com Stockholders": NaN,
        "Net Income Common Stockholders": NaN,
        "Net Income": NaN,
        "Net Income Including Noncontrolling Interests": NaN,
        "Net Income Continuous Operations": NaN,
        "Tax Provision": NaN,
        "Pretax Income": NaN,
        "Other Income Expense": NaN,
        "Other Non Operating Income Expenses": NaN,
        "Special Income Charges": NaN,
        "Write Off": NaN,
        "Net Non Operating Interest Income Expense": NaN,
        "Interest Expense Non Operating": NaN,
        "Operating Income": NaN,
        "Operating Expense": NaN,
        "Depreciation Amortization Depletion Income Statement": NaN,
        "Depreciation And Amortization In Income Statement": NaN,
        "Amortization": NaN,
        "Amortization Of Intangibles Income Statement": NaN,
        "Depreciation Income Statement": NaN,
        "Selling General And Administration": NaN,
        "Gross Profit": NaN,
        "Cost Of Revenue": NaN,
        "Total Revenue": NaN,
        "Operating Revenue": NaN
    },
    "2023-01-31": {
        "Tax Effect Of Unusual Items": NaN,
        "Tax Rate For Calcs": NaN,
        "Normalized EBITDA": NaN,
        "Total Unusual Items": 0.0,
        "Total Unusual Items Excluding Goodwill": 0.0,
        "Net Income From Continuing Operation Net Minority Interest": NaN,
        "Reconciled Depreciation": NaN,
        "Reconciled Cost Of Revenue": NaN,
        "EBITDA": NaN,
        "EBIT": NaN,
        "Net Interest Income": NaN,
        "Interest Expense": NaN,
        "Normalized Income": NaN,
        "Net Income From Continuing And Discontinued Operation": NaN,
        "Total Expenses": NaN,
        "Total Operating Income As Reported": NaN,
        "Diluted Average Shares": 42232000.0,
        "Basic Average Shares": 41578000.0,
        "Diluted EPS": 1.53,
        "Basic EPS": 1.56,
        "Diluted NI Availto Com Stockholders": NaN,
        "Net Income Common Stockholders": NaN,
        "Net Income": NaN,
        "Net Income Including Noncontrolling Interests": NaN,
        "Net Income Continuous Operations": NaN,
        "Tax Provision": NaN,
        "Pretax Income": NaN,
        "Other Income Expense": NaN,
        "Other Non Operating Income Expenses": NaN,
        "Special Income Charges": 0.0,
        "Write Off": 0.0,
        "Net Non Operating Interest Income Expense": NaN,
        "Interest Expense Non Operating": NaN,
        "Operating Income": NaN,
        "Operating Expense": NaN,
        "Depreciation Amortization Depletion Income Statement": NaN,
        "Depreciation And Amortization In Income Statement": NaN,
        "Amortization": 16257000.0,
        "Amortization Of Intangibles Income Statement": 16257000.0,
        "Depreciation Income Statement": 15162000.0,
        "Selling General And Administration": NaN,
        "Gross Profit": NaN,
        "Cost Of Revenue": NaN,
        "Total Revenue": NaN,
        "Operating Revenue": NaN
    },
    "2022-10-31": {
        "Tax Effect Of Unusual Items": NaN,
        "Tax Rate For Calcs": NaN,
        "Normalized EBITDA": NaN,
        "Total Unusual Items": 0.0,
        "Total Unusual Items Excluding Goodwill": 0.0,
        "Net Income From Continuing Operation Net Minority Interest": NaN,
        "Reconciled Depreciation": NaN,
        "Reconciled Cost Of Revenue": NaN,
        "EBITDA": NaN,
        "EBIT": NaN,
        "Net Interest Income": NaN,
        "Interest Expense": NaN,
        "Normalized Income": NaN,
        "Net Income From Continuing And Discontinued Operation": NaN,
        "Total Expenses": NaN,
        "Total Operating Income As Reported": NaN,
        "Diluted Average Shares": NaN,
        "Basic Average Shares": NaN,
        "Diluted EPS": NaN,
        "Basic EPS": NaN,
        "Diluted NI Availto Com Stockholders": NaN,
        "Net Income Common Stockholders": NaN,
        "Net Income": NaN,
        "Net Income Including Noncontrolling Interests": NaN,
        "Net Income Continuous Operations": NaN,
        "Tax Provision": NaN,
        "Pretax Income": NaN,
        "Other Income Expense": NaN,
        "Other Non Operating Income Expenses": NaN,
        "Special Income Charges": 0.0,
        "Write Off": 0.0,
        "Net Non Operating Interest Income Expense": NaN,
        "Interest Expense Non Operating": NaN,
        "Operating Income": NaN,
        "Operating Expense": NaN,
        "Depreciation Amortization Depletion Income Statement": NaN,
        "Depreciation And Amortization In Income Statement": NaN,
        "Amortization": 17168000.0,
        "Amortization Of Intangibles Income Statement": 17168000.0,
        "Depreciation Income Statement": 15058000.0,
        "Selling General And Administration": NaN,
        "Gross Profit": NaN,
        "Cost Of Revenue": NaN,
        "Total Revenue": NaN,
        "Operating Revenue": NaN
    },
    "2022-07-31": {
        "Tax Effect Of Unusual Items": 0.0,
        "Tax Rate For Calcs": 0.264,
        "Normalized EBITDA": 168601000.0,
        "Total Unusual Items": NaN,
        "Total Unusual Items Excluding Goodwill": NaN,
        "Net Income From Continuing Operation Net Minority Interest": 89470000.0,
        "Reconciled Depreciation": 32440000.0,
        "Reconciled Cost Of Revenue": 924832000.0,
        "EBITDA": 168601000.0,
        "EBIT": 136161000.0,
        "Net Interest Income": -14661000.0,
        "Interest Expense": 14661000.0,
        "Normalized Income": 89470000.0,
        "Net Income From Continuing And Discontinued Operation": 89470000.0,
        "Total Expenses": 1224961000.0,
        "Total Operating Income As Reported": 134592000.0,
        "Diluted Average Shares": 43317000.0,
        "Basic Average Shares": 42549000.0,
        "Diluted EPS": 2.07,
        "Basic EPS": 2.1,
        "Diluted NI Availto Com Stockholders": 89470000.0,
        "Net Income Common Stockholders": 89470000.0,
        "Net Income": 89470000.0,
        "Net Income Including Noncontrolling Interests": 89470000.0,
        "Net Income Continuous Operations": 89470000.0,
        "Tax Provision": 32030000.0,
        "Pretax Income": 121500000.0,
        "Other Income Expense": 1569000.0,
        "Other Non Operating Income Expenses": 1569000.0,
        "Special Income Charges": NaN,
        "Write Off": NaN,
        "Net Non Operating Interest Income Expense": -14661000.0,
        "Interest Expense Non Operating": 14661000.0,
        "Operating Income": 134592000.0,
        "Operating Expense": 300129000.0,
        "Depreciation Amortization Depletion Income Statement": 32440000.0,
        "Depreciation And Amortization In Income Statement": 32440000.0,
        "Amortization": 17447000.0,
        "Amortization Of Intangibles Income Statement": 17447000.0,
        "Depreciation Income Statement": 14993000.0,
        "Selling General And Administration": 267689000.0,
        "Gross Profit": 434721000.0,
        "Cost Of Revenue": 924832000.0,
        "Total Revenue": 1359553000.0,
        "Operating Revenue": 1359553000.0
    },
    "2022-04-30": {
        "Diluted EPS": 1.75,
        "Total Revenue": NaN,
        "Gross Profit": 413,
        "Operating Income": 116,
        "EBIT": 149,
        "Net Income": 76
    },
    "2022-01-31": {
        "Diluted EPS": 1.4,
        "Total Revenue": NaN,
        "Gross Profit": 368,
        "Operating Income": 97,
        "EBIT": 127,
        "Net Income": 61
    },
    "2021-10-31": {
        "Diluted EPS": 1.69,
        "Total Revenue": NaN,
        "Gross Profit": 372,
        "Operating Income": 112,
        "EBIT": 142,
        "Net Income": 74
    },
    "2021-07-31": {
        "Diluted EPS": 1.39,
        "Total Revenue": NaN,
        "Gross Profit": 336,
        "Operating Income": 94,
        "EBIT": 122,
        "Net Income": 61
    },
    "2021-04-30": {
        "Diluted EPS": 0.78,
        "Total Revenue": 932,
        "Gross Profit": 294,
        "Operating Income": 58,
        "EBIT": 92,
        "Net Income": 34
    },
    "2021-01-31": {
        "Diluted EPS": 0.37,
        "Total Revenue": 751,
        "Gross Profit": 243,
        "Operating Income": 33,
        "EBIT": 59,
        "Net Income": 16
    },
    "2020-10-31": {
        "Diluted EPS": 0.66,
        "Total Revenue": 813,
        "Gross Profit": 265,
        "Operating Income": 49,
        "EBIT": 77,
        "Net Income": 28
    },
    "2020-07-31": {
        "Diluted EPS": 0.63,
        "Total Revenue": 803,
        "Gross Profit": 260,
        "Operating Income": 50,
        "EBIT": 78,
        "Net Income": 27
    },
    "2020-04-30": {
        "Diluted EPS": -0.97,
        "Total Revenue": 771,
        "Gross Profit": 252,
        "Operating Income": -35,
        "EBIT": -6,
        "Net Income": -41
    },
    "2020-01-31": {
        "Diluted EPS": 0.25,
        "Total Revenue": 761,
        "Gross Profit": 253,
        "Operating Income": 31,
        "EBIT": 61,
        "Net Income": 11
    },
    "2019-10-31": {
        "Diluted EPS": 0.68,
        "Total Revenue": 862,
        "Gross Profit": 284,
        "Operating Income": 55,
        "EBIT": 86,
        "Net Income": 29
    },
    "2019-07-31": {
        "Diluted EPS": 0.59,
        "Total Revenue": 847,
        "Gross Profit": 274,
        "Operating Income": 50,
        "EBIT": 80,
        "Net Income": 25
    },
    "2019-04-30": {
        "Diluted EPS": 0.39,
        "Total Revenue": 780,
        "Gross Profit": 257,
        "Operating Income": 36,
        "EBIT": 67,
        "Net Income": 16
    },
    "2019-01-31": {
        "Diluted EPS": 0.14,
        "Total Revenue": 724,
        "Gross Profit": 234,
        "Operating Income": 26,
        "EBIT": 57,
        "Net Income": 6
    },
    "2018-10-31": {
        "Diluted EPS": 0.58,
        "Total Revenue": 834,
        "Gross Profit": 268,
        "Operating Income": 52,
        "EBIT": 84,
        "Net Income": 24
    },
    "2018-07-31": {
        "Diluted EPS": 0.2,
        "Total Revenue": 778,
        "Gross Profit": 245,
        "Operating Income": 33,
        "EBIT": 60,
        "Net Income": 8
    },
    "2018-04-30": {
        "Diluted EPS": 0.23,
        "Total Revenue": 636,
        "Gross Profit": 206,
        "Operating Income": 28,
        "EBIT": 45,
        "Net Income": 10
    },
    "2018-01-31": {
        "Diluted EPS": 0.47,
        "Total Revenue": 586,
        "Gross Profit": 195,
        "Operating Income": 23,
        "EBIT": 40,
        "Net Income": 20
    },
    "2017-10-31": {
        "Diluted EPS": 0.43,
        "Total Revenue": 648,
        "Gross Profit": 212,
        "Operating Income": 36,
        "EBIT": 53,
        "Net Income": 18
    },
    "2017-07-31": {
        "Diluted EPS": 0.36,
        "Total Revenue": 642,
        "Gross Profit": 205,
        "Operating Income": 33,
        "EBIT": 50,
        "Net Income": 15
    },
    "2017-04-30": {
        "Diluted EPS": 0.33,
        "Total Revenue": 615,
        "Gross Profit": 201,
        "Operating Income": 30,
        "EBIT": 49,
        "Net Income": 14
    },
    "2017-01-31": {
        "Diluted EPS": 0.2,
        "Total Revenue": 563,
        "Gross Profit": 186,
        "Operating Income": 20,
        "EBIT": 39,
        "Net Income": 8
    },
    "2016-10-31": {
        "Diluted EPS": 0.42,
        "Total Revenue": 592,
        "Gross Profit": 193,
        "Operating Income": 26,
        "EBIT": 46,
        "Net Income": 17
    },
    "2016-07-31": {
        "Diluted EPS": 0.24,
        "Total Revenue": 550,
        "Gross Profit": 179,
        "Operating Income": 28,
        "EBIT": 50,
        "Net Income": 9
    },
    "2016-04-30": {
        "Diluted EPS": 0.27,
        "Total Revenue": 527,
        "Gross Profit": 174,
        "Operating Income": 24,
        "EBIT": 42,
        "Net Income": 9
    },
    "2016-01-31": {
        "Diluted EPS": -0.07,
        "Total Revenue": 420,
        "Gross Profit": 134,
        "Operating Income": 6,
        "EBIT": 23,
        "Net Income": -2
    },
    "2015-10-31": {
        "Diluted EPS": 0.09,
        "Total Revenue": 458,
        "Gross Profit": 144,
        "Operating Income": 14,
        "EBIT": 30,
        "Net Income": 3
    },
    "2015-07-31": {
        "Diluted EPS": 0.09,
        "Total Revenue": 452,
        "Gross Profit": 141,
        "Operating Income": 15,
        "EBIT": 32,
        "Net Income": 3
    },
    "2015-04-30": {
        "Diluted EPS": 0.0,
        "Total Revenue": NaN,
        "Gross Profit": NaN,
        "Operating Income": NaN,
        "EBIT": NaN,
        "Net Income": NaN
    },
    "2014-04-30": {
        "Diluted EPS": 0.0,
        "Total Revenue": NaN,
        "Gross Profit": NaN,
        "Operating Income": NaN,
        "EBIT": NaN,
        "Net Income": NaN
    },
    "2013-04-30": {
        "Diluted EPS": 0.0,
        "Total Revenue": NaN,
        "Gross Profit": NaN,
        "Operating Income": NaN,
        "EBIT": NaN,
        "Net Income": NaN
    },
    "2023-07-31": {
        "Tax Effect Of Unusual Items": NaN,
        "Tax Rate For Calcs": NaN,
        "Normalized EBITDA": NaN,
        "Total Unusual Items": NaN,
        "Total Unusual Items Excluding Goodwill": NaN,
        "Net Income From Continuing Operation Net Minority Interest": NaN,
        "Reconciled Depreciation": NaN,
        "Reconciled Cost Of Revenue": NaN,
        "EBITDA": NaN,
        "EBIT": NaN,
        "Net Interest Income": NaN,
        "Interest Expense": NaN,
        "Normalized Income": NaN,
        "Net Income From Continuing And Discontinued Operation": NaN,
        "Total Expenses": NaN,
        "Total Operating Income As Reported": NaN,
        "Diluted Average Shares": 41477000.0,
        "Basic Average Shares": 40749000.0,
        "Diluted EPS": 2.09,
        "Basic EPS": 2.13,
        "Diluted NI Availto Com Stockholders": NaN,
        "Net Income Common Stockholders": NaN,
        "Net Income": NaN,
        "Net Income Including Noncontrolling Interests": NaN,
        "Net Income Continuous Operations": NaN,
        "Tax Provision": NaN,
        "Pretax Income": NaN,
        "Other Income Expense": NaN,
        "Other Non Operating Income Expenses": NaN,
        "Special Income Charges": NaN,
        "Write Off": NaN,
        "Net Non Operating Interest Income Expense": NaN,
        "Interest Expense Non Operating": NaN,
        "Operating Income": NaN,
        "Operating Expense": NaN,
        "Depreciation Amortization Depletion Income Statement": NaN,
        "Depreciation And Amortization In Income Statement": NaN,
        "Amortization": NaN,
        "Amortization Of Intangibles Income Statement": NaN,
        "Depreciation Income Statement": NaN,
        "Selling General And Administration": NaN,
        "Gross Profit": NaN,
        "Cost Of Revenue": NaN,
        "Total Revenue": NaN,
        "Operating Revenue": NaN
    },
    "2023-10-31": {
        "Tax Effect Of Unusual Items": 0.0,
        "Tax Rate For Calcs": 0.252,
        "Normalized EBITDA": 159841000.0,
        "Total Unusual Items": 0.0,
        "Total Unusual Items Excluding Goodwill": 0.0,
        "Net Income From Continuing Operation Net Minority Interest": 80957000.0,
        "Reconciled Depreciation": 32937000.0,
        "Reconciled Cost Of Revenue": 962301000.0,
        "EBITDA": 159841000.0,
        "EBIT": 126904000.0,
        "Net Interest Income": -18742000.0,
        "Interest Expense": 18742000.0,
        "Normalized Income": 80957000.0,
        "Net Income From Continuing And Discontinued Operation": 80957000.0,
        "Total Expenses": 1296132000.0,
        "Total Operating Income As Reported": 124798000.0,
        "Diluted Average Shares": 41088000.0,
        "Basic Average Shares": 40466000.0,
        "Diluted EPS": 1.97,
        "Basic EPS": 2.0,
        "Diluted NI Availto Com Stockholders": 80957000.0,
        "Net Income Common Stockholders": 80957000.0,
        "Net Income": 80957000.0,
        "Net Income Including Noncontrolling Interests": 80957000.0,
        "Net Income Continuous Operations": 80957000.0,
        "Tax Provision": 27205000.0,
        "Pretax Income": 108162000.0,
        "Other Income Expense": 2106000.0,
        "Other Non Operating Income Expenses": 2106000.0,
        "Special Income Charges": 0.0,
        "Write Off": 0.0,
        "Net Non Operating Interest Income Expense": -18742000.0,
        "Interest Expense Non Operating": 18742000.0,
        "Operating Income": 124798000.0,
        "Operating Expense": 333831000.0,
        "Depreciation Amortization Depletion Income Statement": 32937000.0,
        "Depreciation And Amortization In Income Statement": 32937000.0,
        "Amortization": 15974000.0,
        "Amortization Of Intangibles Income Statement": 15974000.0,
        "Depreciation Income Statement": 16963000.0,
        "Selling General And Administration": 300894000.0,
        "Gross Profit": 458629000.0,
        "Cost Of Revenue": 962301000.0,
        "Total Revenue": 1420930000.0,
        "Operating Revenue": 1420930000.0
    },
    "2024-01-31": {
        "Tax Effect Of Unusual Items": 0.0,
        "Tax Rate For Calcs": 0.252,
        "Normalized EBITDA": 120961000.0,
        "Total Unusual Items": 0.0,
        "Total Unusual Items Excluding Goodwill": 0.0,
        "Net Income From Continuing Operation Net Minority Interest": 51905000.0,
        "Reconciled Depreciation": 32804000.0,
        "Reconciled Cost Of Revenue": 843628000.0,
        "EBITDA": 120961000.0,
        "EBIT": 88157000.0,
        "Net Interest Income": -18784000.0,
        "Interest Expense": 18784000.0,
        "Normalized Income": 51905000.0,
        "Net Income From Continuing And Discontinued Operation": 51905000.0,
        "Total Expenses": 1172123000.0,
        "Total Operating Income As Reported": 86225000.0,
        "Diluted Average Shares": 40512000.0,
        "Basic Average Shares": 39864000.0,
        "Diluted EPS": 1.28,
        "Basic EPS": 1.3,
        "Diluted NI Availto Com Stockholders": 51905000.0,
        "Net Income Common Stockholders": 51905000.0,
        "Net Income": 51905000.0,
        "Net Income Including Noncontrolling Interests": 51905000.0,
        "Net Income Continuous Operations": 51905000.0,
        "Tax Provision": 17468000.0,
        "Pretax Income": 69373000.0,
        "Other Income Expense": 1932000.0,
        "Other Non Operating Income Expenses": 1932000.0,
        "Special Income Charges": 0.0,
        "Write Off": 0.0,
        "Net Non Operating Interest Income Expense": -18784000.0,
        "Interest Expense Non Operating": 18784000.0,
        "Operating Income": 86225000.0,
        "Operating Expense": 328495000.0,
        "Depreciation Amortization Depletion Income Statement": 32804000.0,
        "Depreciation And Amortization In Income Statement": 32804000.0,
        "Amortization": 15528000.0,
        "Amortization Of Intangibles Income Statement": 15528000.0,
        "Depreciation Income Statement": 17276000.0,
        "Selling General And Administration": 295691000.0,
        "Gross Profit": 414720000.0,
        "Cost Of Revenue": 843628000.0,
        "Total Revenue": 1258348000.0,
        "Operating Revenue": 1258348000.0
    },
    "2024-04-30": {
        "Tax Effect Of Unusual Items": -216479.70915,
        "Tax Rate For Calcs": 0.321187,
        "Normalized EBITDA": 138365000.0,
        "Total Unusual Items": -674000.0,
        "Total Unusual Items Excluding Goodwill": -674000.0,
        "Net Income From Continuing Operation Net Minority Interest": 56387000.0,
        "Reconciled Depreciation": 35603000.0,
        "Reconciled Cost Of Revenue": 961831000.0,
        "EBITDA": 137691000.0,
        "EBIT": 102088000.0,
        "Net Interest Income": -19021000.0,
        "Interest Expense": 19021000.0,
        "Normalized Income": 56844520.29085,
        "Net Income From Continuing And Discontinued Operation": 56387000.0,
        "Total Expenses": 1312952000.0,
        "Total Operating Income As Reported": 100077000.0,
        "Diluted Average Shares": NaN,
        "Basic Average Shares": NaN,
        "Diluted EPS": NaN,
        "Basic EPS": NaN,
        "Diluted NI Availto Com Stockholders": 56387000.0,
        "Net Income Common Stockholders": 56387000.0,
        "Net Income": 56387000.0,
        "Net Income Including Noncontrolling Interests": 56387000.0,
        "Net Income Continuous Operations": 56387000.0,
        "Tax Provision": 26680000.0,
        "Pretax Income": 83067000.0,
        "Other Income Expense": 2011000.0,
        "Other Non Operating Income Expenses": 2685000.0,
        "Special Income Charges": -674000.0,
        "Write Off": 674000.0,
        "Net Non Operating Interest Income Expense": -19021000.0,
        "Interest Expense Non Operating": 19021000.0,
        "Operating Income": 100077000.0,
        "Operating Expense": 351121000.0,
        "Depreciation Amortization Depletion Income Statement": 35603000.0,
        "Depreciation And Amortization In Income Statement": 35603000.0,
        "Amortization": 16963000.0,
        "Amortization Of Intangibles Income Statement": 16963000.0,
        "Depreciation Income Statement": 18640000.0,
        "Selling General And Administration": 315518000.0,
        "Gross Profit": 451198000.0,
        "Cost Of Revenue": 961831000.0,
        "Total Revenue": 1413029000.0,
        "Operating Revenue": 1413029000.0
    },
    "2024-07-31": {
        "Tax Effect Of Unusual Items": 0.0,
        "Tax Rate For Calcs": 0.268,
        "Normalized EBITDA": 138439000.0,
        "Total Unusual Items": 0.0,
        "Total Unusual Items Excluding Goodwill": 0.0,
        "Net Income From Continuing Operation Net Minority Interest": 57248000.0,
        "Reconciled Depreciation": 38032000.0,
        "Reconciled Cost Of Revenue": 996893000.0,
        "EBITDA": 138439000.0,
        "EBIT": 100407000.0,
        "Net Interest Income": -22213000.0,
        "Interest Expense": 22213000.0,
        "Normalized Income": 57248000.0,
        "Net Income From Continuing And Discontinued Operation": 57248000.0,
        "Total Expenses": 1350077000.0,
        "Total Operating Income As Reported": 98379000.0,
        "Diluted Average Shares": 40226000.0,
        "Basic Average Shares": 39542000.0,
        "Diluted EPS": 1.42,
        "Basic EPS": 1.45,
        "Diluted NI Availto Com Stockholders": 57248000.0,
        "Net Income Common Stockholders": 57248000.0,
        "Net Income": 57248000.0,
        "Net Income Including Noncontrolling Interests": 57248000.0,
        "Net Income Continuous Operations": 57248000.0,
        "Tax Provision": 20946000.0,
        "Pretax Income": 78194000.0,
        "Other Income Expense": 2028000.0,
        "Other Non Operating Income Expenses": 2028000.0,
        "Special Income Charges": 0.0,
        "Write Off": 0.0,
        "Net Non Operating Interest Income Expense": -22213000.0,
        "Interest Expense Non Operating": 22213000.0,
        "Operating Income": 98379000.0,
        "Operating Expense": 353184000.0,
        "Depreciation Amortization Depletion Income Statement": 38032000.0,
        "Depreciation And Amortization In Income Statement": 38032000.0,
        "Amortization": 18804000.0,
        "Amortization Of Intangibles Income Statement": 18804000.0,
        "Depreciation Income Statement": 19228000.0,
        "Selling General And Administration": 315152000.0,
        "Gross Profit": 451563000.0,
        "Cost Of Revenue": 996893000.0,
        "Total Revenue": 1448456000.0,
        "Operating Revenue": 1448456000.0
    },
    "2024-10-31": {
        "Tax Effect Of Unusual Items": 0.0,
        "Tax Rate For Calcs": 0.261,
        "Normalized EBITDA": 138201000.0,
        "Total Unusual Items": 0.0,
        "Total Unusual Items Excluding Goodwill": 0.0,
        "Net Income From Continuing Operation Net Minority Interest": 53536000.0,
        "Reconciled Depreciation": 42078000.0,
        "Reconciled Cost Of Revenue": 1009649000.0,
        "EBITDA": 138201000.0,
        "EBIT": 96123000.0,
        "Net Interest Income": -23697000.0,
        "Interest Expense": 23697000.0,
        "Normalized Income": 53536000.0,
        "Net Income From Continuing And Discontinued Operation": 53536000.0,
        "Total Expenses": 1375952000.0,
        "Total Operating Income As Reported": 94824000.0,
        "Diluted Average Shares": 39703000.0,
        "Basic Average Shares": 39126000.0,
        "Diluted EPS": 1.35,
        "Basic EPS": 1.37,
        "Diluted NI Availto Com Stockholders": 53536000.0,
        "Net Income Common Stockholders": 53536000.0,
        "Net Income": 53536000.0,
        "Net Income Including Noncontrolling Interests": 53536000.0,
        "Net Income Continuous Operations": 53536000.0,
        "Tax Provision": 18890000.0,
        "Pretax Income": 72426000.0,
        "Other Income Expense": 1299000.0,
        "Other Non Operating Income Expenses": 1299000.0,
        "Special Income Charges": 0.0,
        "Write Off": 0.0,
        "Net Non Operating Interest Income Expense": -23697000.0,
        "Interest Expense Non Operating": 23697000.0,
        "Operating Income": 94824000.0,
        "Operating Expense": 366303000.0,
        "Depreciation Amortization Depletion Income Statement": 42078000.0,
        "Depreciation And Amortization In Income Statement": 42078000.0,
        "Amortization": 21549000.0,
        "Amortization Of Intangibles Income Statement": 21549000.0,
        "Depreciation Income Statement": 20529000.0,
        "Selling General And Administration": 324225000.0,
        "Gross Profit": 461127000.0,
        "Cost Of Revenue": 1009649000.0,
        "Total Revenue": 1470776000.0,
        "Operating Revenue": 1470776000.0
    }
}