{
    "2023-03-31": {
        "Tax Effect Of Unusual Items": NaN,
        "Tax Rate For Calcs": NaN,
        "Normalized EBITDA": NaN,
        "Total Unusual Items": NaN,
        "Total Unusual Items Excluding Goodwill": NaN,
        "Net Income From Continuing Operation Net Minority Interest": NaN,
        "Reconciled Depreciation": NaN,
        "Reconciled Cost Of Revenue": NaN,
        "EBITDA": NaN,
        "EBIT": NaN,
        "Net Interest Income": NaN,
        "Interest Expense": NaN,
        "Interest Income": NaN,
        "Normalized Income": NaN,
        "Net Income From Continuing And Discontinued Operation": NaN,
        "Total Expenses": NaN,
        "Total Operating Income As Reported": NaN,
        "Diluted Average Shares": 26620000.0,
        "Basic Average Shares": 25326000.0,
        "Diluted EPS": 0.54,
        "Basic EPS": 0.56,
        "Diluted NI Availto Com Stockholders": NaN,
        "Net Income Common Stockholders": NaN,
        "Preferred Stock Dividends": 157000.0,
        "Net Income": NaN,
        "Minority Interests": NaN,
        "Net Income Including Noncontrolling Interests": NaN,
        "Net Income Discontinuous Operations": NaN,
        "Net Income Continuous Operations": NaN,
        "Tax Provision": NaN,
        "Pretax Income": NaN,
        "Other Income Expense": NaN,
        "Other Non Operating Income Expenses": NaN,
        "Special Income Charges": NaN,
        "Gain On Sale Of Business": NaN,
        "Impairment Of Capital Assets": NaN,
        "Gain On Sale Of Security": NaN,
        "Net Non Operating Interest Income Expense": NaN,
        "Interest Expense Non Operating": NaN,
        "Interest Income Non Operating": NaN,
        "Operating Income": NaN,
        "Operating Expense": NaN,
        "Other Operating Expenses": NaN,
        "Selling General And Administration": NaN,
        "Gross Profit": NaN,
        "Cost Of Revenue": NaN,
        "Total Revenue": NaN,
        "Operating Revenue": NaN
    },
    "2022-12-31": {
        "Tax Effect Of Unusual Items": NaN,
        "Tax Rate For Calcs": NaN,
        "Normalized EBITDA": NaN,
        "Total Unusual Items": NaN,
        "Total Unusual Items Excluding Goodwill": NaN,
        "Net Income From Continuing Operation Net Minority Interest": NaN,
        "Reconciled Depreciation": NaN,
        "Reconciled Cost Of Revenue": NaN,
        "EBITDA": NaN,
        "EBIT": NaN,
        "Net Interest Income": NaN,
        "Interest Expense": NaN,
        "Interest Income": NaN,
        "Normalized Income": NaN,
        "Net Income From Continuing And Discontinued Operation": NaN,
        "Total Expenses": NaN,
        "Total Operating Income As Reported": NaN,
        "Diluted Average Shares": NaN,
        "Basic Average Shares": NaN,
        "Diluted EPS": NaN,
        "Basic EPS": NaN,
        "Diluted NI Availto Com Stockholders": NaN,
        "Net Income Common Stockholders": NaN,
        "Preferred Stock Dividends": 491000.0,
        "Net Income": NaN,
        "Minority Interests": NaN,
        "Net Income Including Noncontrolling Interests": NaN,
        "Net Income Discontinuous Operations": NaN,
        "Net Income Continuous Operations": NaN,
        "Tax Provision": NaN,
        "Pretax Income": NaN,
        "Other Income Expense": NaN,
        "Other Non Operating Income Expenses": NaN,
        "Special Income Charges": -2066000.0,
        "Gain On Sale Of Business": 0.0,
        "Impairment Of Capital Assets": NaN,
        "Gain On Sale Of Security": NaN,
        "Net Non Operating Interest Income Expense": NaN,
        "Interest Expense Non Operating": NaN,
        "Interest Income Non Operating": NaN,
        "Operating Income": NaN,
        "Operating Expense": NaN,
        "Other Operating Expenses": NaN,
        "Selling General And Administration": NaN,
        "Gross Profit": NaN,
        "Cost Of Revenue": NaN,
        "Total Revenue": NaN,
        "Operating Revenue": NaN
    },
    "2022-09-30": {
        "Tax Effect Of Unusual Items": NaN,
        "Tax Rate For Calcs": NaN,
        "Normalized EBITDA": NaN,
        "Total Unusual Items": NaN,
        "Total Unusual Items Excluding Goodwill": NaN,
        "Net Income From Continuing Operation Net Minority Interest": NaN,
        "Reconciled Depreciation": NaN,
        "Reconciled Cost Of Revenue": NaN,
        "EBITDA": NaN,
        "EBIT": NaN,
        "Net Interest Income": NaN,
        "Interest Expense": NaN,
        "Interest Income": NaN,
        "Normalized Income": NaN,
        "Net Income From Continuing And Discontinued Operation": NaN,
        "Total Expenses": NaN,
        "Total Operating Income As Reported": NaN,
        "Diluted Average Shares": 26205000.0,
        "Basic Average Shares": 25233000.0,
        "Diluted EPS": 0.7,
        "Basic EPS": 0.73,
        "Diluted NI Availto Com Stockholders": NaN,
        "Net Income Common Stockholders": NaN,
        "Preferred Stock Dividends": 454000.0,
        "Net Income": NaN,
        "Minority Interests": NaN,
        "Net Income Including Noncontrolling Interests": NaN,
        "Net Income Discontinuous Operations": NaN,
        "Net Income Continuous Operations": NaN,
        "Tax Provision": NaN,
        "Pretax Income": NaN,
        "Other Income Expense": NaN,
        "Other Non Operating Income Expenses": NaN,
        "Special Income Charges": 0.0,
        "Gain On Sale Of Business": 0.0,
        "Gain On Sale Of Security": NaN,
        "Net Non Operating Interest Income Expense": NaN,
        "Interest Expense Non Operating": NaN,
        "Interest Income Non Operating": NaN,
        "Operating Income": NaN,
        "Operating Expense": NaN,
        "Other Operating Expenses": NaN,
        "Selling General And Administration": NaN,
        "Gross Profit": NaN,
        "Cost Of Revenue": NaN,
        "Total Revenue": NaN,
        "Operating Revenue": NaN
    },
    "2022-06-30": {
        "Tax Effect Of Unusual Items": -32266.0,
        "Tax Rate For Calcs": 0.221,
        "Normalized EBITDA": 48400000.0,
        "Total Unusual Items": -146000.0,
        "Total Unusual Items Excluding Goodwill": -146000.0,
        "Net Income From Continuing Operation Net Minority Interest": 34479000.0,
        "Reconciled Depreciation": 248000.0,
        "Reconciled Cost Of Revenue": 7552000.0,
        "EBITDA": 48254000.0,
        "EBIT": 48006000.0,
        "Net Interest Income": -4000.0,
        "Interest Expense": 52000.0,
        "Interest Income": 48000.0,
        "Normalized Income": 34592734.0,
        "Net Income From Continuing And Discontinued Operation": 34479000.0,
        "Total Expenses": 26550000.0,
        "Total Operating Income As Reported": 48476000.0,
        "Diluted Average Shares": 26070000.0,
        "Basic Average Shares": 25463000.0,
        "Diluted EPS": 1.3,
        "Basic EPS": 1.33,
        "Diluted NI Availto Com Stockholders": 33855000.0,
        "Net Income Common Stockholders": 33855000.0,
        "Preferred Stock Dividends": 624000.0,
        "Net Income": 34479000.0,
        "Minority Interests": -2894000.0,
        "Net Income Including Noncontrolling Interests": 37373000.0,
        "Net Income Discontinuous Operations": 0.0,
        "Net Income Continuous Operations": 37373000.0,
        "Tax Provision": 10581000.0,
        "Pretax Income": 47954000.0,
        "Other Income Expense": -518000.0,
        "Other Non Operating Income Expenses": -372000.0,
        "Special Income Charges": 0.0,
        "Gain On Sale Of Business": 0.0,
        "Gain On Sale Of Security": -146000.0,
        "Net Non Operating Interest Income Expense": -4000.0,
        "Interest Expense Non Operating": 52000.0,
        "Interest Income Non Operating": 48000.0,
        "Operating Income": 48476000.0,
        "Operating Expense": 18998000.0,
        "Selling General And Administration": 18998000.0,
        "Gross Profit": 67474000.0,
        "Cost Of Revenue": 7552000.0,
        "Total Revenue": 75026000.0,
        "Operating Revenue": 70930000.0
    },
    "2022-03-31": {
        "Diluted EPS": 0.67,
        "Total Revenue": 86,
        "Gross Profit": 47,
        "Operating Income": 27,
        "EBIT": 27,
        "Net Income": 18
    },
    "2021-12-31": {
        "Diluted EPS": 1.05,
        "Total Revenue": 52,
        "Gross Profit": 23,
        "Operating Income": 8,
        "EBIT": 8,
        "Net Income": 28
    },
    "2021-09-30": {
        "Diluted EPS": -0.1,
        "Total Revenue": 88,
        "Gross Profit": 35,
        "Operating Income": 17,
        "EBIT": 17,
        "Net Income": -3
    },
    "2021-06-30": {
        "Diluted EPS": 0.19,
        "Total Revenue": 76,
        "Gross Profit": 21,
        "Operating Income": 5,
        "EBIT": 5,
        "Net Income": 5
    },
    "2021-03-31": {
        "Diluted EPS": -0.09,
        "Total Revenue": 107,
        "Gross Profit": 13,
        "Operating Income": -5,
        "EBIT": -5,
        "Net Income": -2
    },
    "2020-12-31": {
        "Diluted EPS": -0.06,
        "Total Revenue": 80,
        "Gross Profit": 19,
        "Operating Income": 1,
        "EBIT": 2,
        "Net Income": -2
    },
    "2020-09-30": {
        "Diluted EPS": 0.24,
        "Total Revenue": 96,
        "Gross Profit": 27,
        "Operating Income": 8,
        "EBIT": 9,
        "Net Income": 6
    },
    "2020-06-30": {
        "Diluted EPS": 0.06,
        "Total Revenue": 76,
        "Gross Profit": 19,
        "Operating Income": 3,
        "EBIT": 3,
        "Net Income": 2
    },
    "2020-03-31": {
        "Diluted EPS": 0.2,
        "Total Revenue": 104,
        "Gross Profit": 29,
        "Operating Income": 9,
        "EBIT": 10,
        "Net Income": 5
    },
    "2019-12-31": {
        "Diluted EPS": 0.0,
        "Total Revenue": 82,
        "Gross Profit": 22,
        "Operating Income": 2,
        "EBIT": 3,
        "Net Income": 0
    },
    "2019-09-30": {
        "Diluted EPS": 0.18,
        "Total Revenue": 86,
        "Gross Profit": 26,
        "Operating Income": 7,
        "EBIT": 8,
        "Net Income": 5
    },
    "2019-06-30": {
        "Diluted EPS": -0.29,
        "Total Revenue": 61,
        "Gross Profit": 9,
        "Operating Income": -9,
        "EBIT": -8,
        "Net Income": -8
    },
    "2019-03-31": {
        "Diluted EPS": 0.21,
        "Total Revenue": 87,
        "Gross Profit": 26,
        "Operating Income": 10,
        "EBIT": 11,
        "Net Income": 6
    },
    "2018-12-31": {
        "Diluted EPS": 0.47,
        "Total Revenue": 63,
        "Gross Profit": 15,
        "Operating Income": 0,
        "EBIT": 0,
        "Net Income": 12
    },
    "2018-09-30": {
        "Diluted EPS": 0.21,
        "Total Revenue": 72,
        "Gross Profit": 21,
        "Operating Income": 7,
        "EBIT": 7,
        "Net Income": 6
    },
    "2018-06-30": {
        "Diluted EPS": -0.09,
        "Total Revenue": 56,
        "Gross Profit": 16,
        "Operating Income": -2,
        "EBIT": -1,
        "Net Income": -2
    },
    "2018-03-31": {
        "Diluted EPS": 0.24,
        "Total Revenue": 89,
        "Gross Profit": 24,
        "Operating Income": 7,
        "EBIT": 8,
        "Net Income": 6
    },
    "2017-12-31": {
        "Diluted EPS": -0.01,
        "Total Revenue": 73,
        "Gross Profit": 27,
        "Operating Income": 1,
        "EBIT": 2,
        "Net Income": -1
    },
    "2017-09-30": {
        "Diluted EPS": 0.02,
        "Total Revenue": 69,
        "Gross Profit": 22,
        "Operating Income": 1,
        "EBIT": 2,
        "Net Income": 0
    },
    "2017-06-30": {
        "Diluted EPS": -0.55,
        "Total Revenue": 50,
        "Gross Profit": 12,
        "Operating Income": -14,
        "EBIT": -13,
        "Net Income": -13
    },
    "2017-03-31": {
        "Diluted EPS": 0.18,
        "Total Revenue": 71,
        "Gross Profit": 25,
        "Operating Income": 5,
        "EBIT": 6,
        "Net Income": 4
    },
    "2016-12-31": {
        "Diluted EPS": -0.03,
        "Total Revenue": 52,
        "Gross Profit": 15,
        "Operating Income": -1,
        "EBIT": -1,
        "Net Income": -1
    },
    "2016-09-30": {
        "Diluted EPS": -1.43,
        "Total Revenue": 57,
        "Gross Profit": 20,
        "Operating Income": -37,
        "EBIT": -37,
        "Net Income": -33
    },
    "2016-06-30": {
        "Diluted EPS": 0.1,
        "Total Revenue": 45,
        "Gross Profit": 18,
        "Operating Income": 2,
        "EBIT": 2,
        "Net Income": 2
    },
    "2016-03-31": {
        "Diluted EPS": 0.22,
        "Total Revenue": 59,
        "Gross Profit": 24,
        "Operating Income": 6,
        "EBIT": 6,
        "Net Income": 5
    },
    "2015-12-31": {
        "Diluted EPS": -0.17,
        "Total Revenue": 46,
        "Gross Profit": 16,
        "Operating Income": -4,
        "EBIT": -4,
        "Net Income": -4
    },
    "2015-09-30": {
        "Diluted EPS": 0.1,
        "Total Revenue": 53,
        "Gross Profit": 21,
        "Operating Income": 3,
        "EBIT": 3,
        "Net Income": 2
    },
    "2015-06-30": {
        "Diluted EPS": -0.22,
        "Total Revenue": 40,
        "Gross Profit": 13,
        "Operating Income": -5,
        "EBIT": -5,
        "Net Income": -5
    },
    "2015-03-31": {
        "Diluted EPS": -0.11,
        "Total Revenue": 74,
        "Gross Profit": 16,
        "Operating Income": -2,
        "EBIT": -2,
        "Net Income": -2
    },
    "2014-12-31": {
        "Diluted EPS": -0.52,
        "Total Revenue": 56,
        "Gross Profit": 10,
        "Operating Income": -13,
        "EBIT": -13,
        "Net Income": -11
    },
    "2014-09-30": {
        "Diluted EPS": -0.22,
        "Total Revenue": 46,
        "Gross Profit": 18,
        "Operating Income": -4,
        "EBIT": -4,
        "Net Income": -5
    },
    "2014-06-30": {
        "Diluted EPS": -0.24,
        "Total Revenue": 49,
        "Gross Profit": 11,
        "Operating Income": -4,
        "EBIT": -4,
        "Net Income": -5
    },
    "2014-03-31": {
        "Diluted EPS": -0.33,
        "Total Revenue": 130,
        "Gross Profit": 10,
        "Operating Income": -6,
        "EBIT": -6,
        "Net Income": -7
    },
    "2013-12-31": {
        "Diluted EPS": -0.03,
        "Total Revenue": 67,
        "Gross Profit": 17,
        "Operating Income": 0,
        "EBIT": 0,
        "Net Income": -1
    },
    "2013-09-30": {
        "Diluted EPS": 0.08,
        "Total Revenue": 72,
        "Gross Profit": 20,
        "Operating Income": 4,
        "EBIT": 4,
        "Net Income": 2
    },
    "2013-06-30": {
        "Diluted EPS": -0.32,
        "Total Revenue": 55,
        "Gross Profit": 10,
        "Operating Income": -6,
        "EBIT": -6,
        "Net Income": -6
    },
    "2013-03-31": {
        "Diluted EPS": -0.09,
        "Total Revenue": 85,
        "Gross Profit": 19,
        "Operating Income": 3,
        "EBIT": 3,
        "Net Income": -2
    },
    "2012-12-31": {
        "Diluted EPS": 0.08,
        "Total Revenue": 65,
        "Gross Profit": 18,
        "Operating Income": 2,
        "EBIT": 2,
        "Net Income": 2
    },
    "2012-09-30": {
        "Diluted EPS": -0.13,
        "Total Revenue": 64,
        "Gross Profit": 21,
        "Operating Income": 3,
        "EBIT": 4,
        "Net Income": -3
    },
    "2012-06-30": {
        "Diluted EPS": -0.15,
        "Total Revenue": 43,
        "Gross Profit": 12,
        "Operating Income": -5,
        "EBIT": -5,
        "Net Income": -3
    },
    "2012-03-31": {
        "Diluted EPS": 0.03,
        "Total Revenue": 58,
        "Gross Profit": 18,
        "Operating Income": 3,
        "EBIT": 3,
        "Net Income": 1
    },
    "2011-12-31": {
        "Diluted EPS": 0.0,
        "Total Revenue": NaN,
        "Gross Profit": NaN,
        "Operating Income": NaN,
        "EBIT": NaN,
        "Net Income": NaN
    },
    "2011-10-31": {
        "Diluted EPS": 0.09,
        "Total Revenue": 46,
        "Gross Profit": 17,
        "Operating Income": 4,
        "EBIT": 4,
        "Net Income": 2
    },
    "2011-09-30": {
        "Diluted EPS": 0.07,
        "Total Revenue": 52,
        "Gross Profit": 19,
        "Operating Income": 2,
        "EBIT": 2,
        "Net Income": 1
    },
    "2011-07-31": {
        "Diluted EPS": 0.0,
        "Total Revenue": NaN,
        "Gross Profit": NaN,
        "Operating Income": NaN,
        "EBIT": NaN,
        "Net Income": NaN
    },
    "2011-06-30": {
        "Diluted EPS": -0.11,
        "Total Revenue": 39,
        "Gross Profit": 10,
        "Operating Income": -3,
        "EBIT": -3,
        "Net Income": -2
    },
    "2011-03-31": {
        "Diluted EPS": 0.12,
        "Total Revenue": 63,
        "Gross Profit": 17,
        "Operating Income": 6,
        "EBIT": 6,
        "Net Income": 3
    },
    "2010-12-31": {
        "Diluted EPS": 0.0,
        "Total Revenue": NaN,
        "Gross Profit": NaN,
        "Operating Income": NaN,
        "EBIT": NaN,
        "Net Income": NaN
    },
    "2010-10-31": {
        "Diluted EPS": 0.12,
        "Total Revenue": 43,
        "Gross Profit": 15,
        "Operating Income": 6,
        "EBIT": 6,
        "Net Income": 3
    },
    "2010-09-30": {
        "Diluted EPS": 0.12,
        "Total Revenue": 43,
        "Gross Profit": 15,
        "Operating Income": 6,
        "EBIT": 6,
        "Net Income": 3
    },
    "2010-06-30": {
        "Diluted EPS": 0.0,
        "Total Revenue": NaN,
        "Gross Profit": NaN,
        "Operating Income": NaN,
        "EBIT": NaN,
        "Net Income": NaN
    },
    "2009-09-30": {
        "Diluted EPS": 0.0,
        "Total Revenue": NaN,
        "Gross Profit": NaN,
        "Operating Income": NaN,
        "EBIT": NaN,
        "Net Income": NaN
    },
    "2009-06-30": {
        "Diluted EPS": 0.0,
        "Total Revenue": NaN,
        "Gross Profit": NaN,
        "Operating Income": NaN,
        "EBIT": NaN,
        "Net Income": NaN
    },
    "2023-06-30": {
        "Tax Effect Of Unusual Items": 29402.0,
        "Tax Rate For Calcs": 0.241,
        "Normalized EBITDA": 16015000.0,
        "Total Unusual Items": 122000.0,
        "Total Unusual Items Excluding Goodwill": 122000.0,
        "Net Income From Continuing Operation Net Minority Interest": 11983000.0,
        "Reconciled Depreciation": 76000.0,
        "Reconciled Cost Of Revenue": 55255000.0,
        "EBITDA": 16137000.0,
        "EBIT": 16061000.0,
        "Net Interest Income": 978000.0,
        "Interest Expense": 30000.0,
        "Interest Income": 1008000.0,
        "Normalized Income": 11890402.0,
        "Net Income From Continuing And Discontinued Operation": 15156000.0,
        "Total Expenses": 78428000.0,
        "Total Operating Income As Reported": 15035000.0,
        "Diluted Average Shares": 26321000.0,
        "Basic Average Shares": 25708000.0,
        "Diluted EPS": 0.57,
        "Basic EPS": 0.58,
        "Diluted NI Availto Com Stockholders": 14980000.0,
        "Net Income Common Stockholders": 14980000.0,
        "Preferred Stock Dividends": 176000.0,
        "Net Income": 15156000.0,
        "Minority Interests": -183000.0,
        "Net Income Including Noncontrolling Interests": 15339000.0,
        "Net Income Discontinuous Operations": 3173000.0,
        "Net Income Continuous Operations": 12166000.0,
        "Tax Provision": 3865000.0,
        "Pretax Income": 16031000.0,
        "Other Income Expense": 18000.0,
        "Other Non Operating Income Expenses": -104000.0,
        "Special Income Charges": 0.0,
        "Gain On Sale Of Business": NaN,
        "Impairment Of Capital Assets": 0.0,
        "Gain On Sale Of Security": 122000.0,
        "Net Non Operating Interest Income Expense": 978000.0,
        "Interest Expense Non Operating": 30000.0,
        "Interest Income Non Operating": 1008000.0,
        "Operating Income": 15035000.0,
        "Operating Expense": 23173000.0,
        "Other Operating Expenses": NaN,
        "Selling General And Administration": 23173000.0,
        "Gross Profit": 38208000.0,
        "Cost Of Revenue": 55255000.0,
        "Total Revenue": 93463000.0,
        "Operating Revenue": 89174000.0
    },
    "2023-09-30": {
        "Tax Effect Of Unusual Items": 85838.0,
        "Tax Rate For Calcs": 0.257,
        "Normalized EBITDA": 19308000.0,
        "Total Unusual Items": 334000.0,
        "Total Unusual Items Excluding Goodwill": 334000.0,
        "Net Income From Continuing Operation Net Minority Interest": 14763000.0,
        "Reconciled Depreciation": 95000.0,
        "Reconciled Cost Of Revenue": 83967000.0,
        "EBITDA": 19642000.0,
        "EBIT": 19547000.0,
        "Net Interest Income": 1304000.0,
        "Interest Expense": 27000.0,
        "Interest Income": 1331000.0,
        "Normalized Income": 14514838.0,
        "Net Income From Continuing And Discontinued Operation": 14459000.0,
        "Total Expenses": 107163000.0,
        "Total Operating Income As Reported": 17886000.0,
        "Diluted Average Shares": 27362000.0,
        "Basic Average Shares": 26615000.0,
        "Diluted EPS": 0.53,
        "Basic EPS": 0.54,
        "Diluted NI Availto Com Stockholders": 14459000.0,
        "Net Income Common Stockholders": 14459000.0,
        "Preferred Stock Dividends": NaN,
        "Net Income": 14459000.0,
        "Minority Interests": 261000.0,
        "Net Income Including Noncontrolling Interests": 14198000.0,
        "Net Income Discontinuous Operations": -304000.0,
        "Net Income Continuous Operations": 14502000.0,
        "Tax Provision": 5018000.0,
        "Pretax Income": 19520000.0,
        "Other Income Expense": 330000.0,
        "Other Non Operating Income Expenses": -4000.0,
        "Special Income Charges": NaN,
        "Gain On Sale Of Business": NaN,
        "Impairment Of Capital Assets": NaN,
        "Gain On Sale Of Security": 334000.0,
        "Net Non Operating Interest Income Expense": 1304000.0,
        "Interest Expense Non Operating": 27000.0,
        "Interest Income Non Operating": 1331000.0,
        "Operating Income": 17886000.0,
        "Operating Expense": 23196000.0,
        "Other Operating Expenses": NaN,
        "Selling General And Administration": 23196000.0,
        "Gross Profit": 41082000.0,
        "Cost Of Revenue": 83967000.0,
        "Total Revenue": 125049000.0,
        "Operating Revenue": 118992000.0
    },
    "2023-12-31": {
        "Tax Effect Of Unusual Items": 24665.611301,
        "Tax Rate For Calcs": 0.265222,
        "Normalized EBITDA": -32740000.0,
        "Total Unusual Items": 93000.0,
        "Total Unusual Items Excluding Goodwill": 93000.0,
        "Net Income From Continuing Operation Net Minority Interest": -24994000.0,
        "Reconciled Depreciation": 177000.0,
        "Reconciled Cost Of Revenue": 71291000.0,
        "EBITDA": -32647000.0,
        "EBIT": -32824000.0,
        "Net Interest Income": 1739000.0,
        "Interest Expense": 24000.0,
        "Interest Income": 1763000.0,
        "Normalized Income": -25062334.388699,
        "Net Income From Continuing And Discontinued Operation": -24508000.0,
        "Total Expenses": 139108000.0,
        "Total Operating Income As Reported": -34187000.0,
        "Diluted Average Shares": NaN,
        "Basic Average Shares": NaN,
        "Diluted EPS": NaN,
        "Basic EPS": NaN,
        "Diluted NI Availto Com Stockholders": -24508000.0,
        "Net Income Common Stockholders": -24508000.0,
        "Preferred Stock Dividends": 0.0,
        "Net Income": -24508000.0,
        "Minority Interests": -858000.0,
        "Net Income Including Noncontrolling Interests": -23650000.0,
        "Net Income Discontinuous Operations": 486000.0,
        "Net Income Continuous Operations": -24136000.0,
        "Tax Provision": -8712000.0,
        "Pretax Income": -32848000.0,
        "Other Income Expense": -400000.0,
        "Other Non Operating Income Expenses": -493000.0,
        "Special Income Charges": NaN,
        "Gain On Sale Of Business": NaN,
        "Impairment Of Capital Assets": NaN,
        "Gain On Sale Of Security": 93000.0,
        "Net Non Operating Interest Income Expense": 1739000.0,
        "Interest Expense Non Operating": 24000.0,
        "Interest Income Non Operating": 1763000.0,
        "Operating Income": -34187000.0,
        "Operating Expense": 67817000.0,
        "Other Operating Expenses": NaN,
        "Selling General And Administration": 22729000.0,
        "Gross Profit": 33630000.0,
        "Cost Of Revenue": 71291000.0,
        "Total Revenue": 104921000.0,
        "Operating Revenue": 97189000.0
    },
    "2024-03-31": {
        "Tax Effect Of Unusual Items": 30069.0,
        "Tax Rate For Calcs": 0.257,
        "Normalized EBITDA": 11488000.0,
        "Total Unusual Items": 117000.0,
        "Total Unusual Items Excluding Goodwill": 117000.0,
        "Net Income From Continuing Operation Net Minority Interest": 8388000.0,
        "Reconciled Depreciation": 219000.0,
        "Reconciled Cost Of Revenue": 85902000.0,
        "EBITDA": 11605000.0,
        "EBIT": 11386000.0,
        "Net Interest Income": 1308000.0,
        "Interest Expense": 32000.0,
        "Interest Income": 1340000.0,
        "Normalized Income": 8301069.0,
        "Net Income From Continuing And Discontinued Operation": 8123000.0,
        "Total Expenses": 109839000.0,
        "Total Operating Income As Reported": 9849000.0,
        "Diluted Average Shares": 27298000.0,
        "Basic Average Shares": 26790000.0,
        "Diluted EPS": 0.3,
        "Basic EPS": 0.3,
        "Diluted NI Availto Com Stockholders": 8123000.0,
        "Net Income Common Stockholders": 8123000.0,
        "Preferred Stock Dividends": NaN,
        "Net Income": 8123000.0,
        "Minority Interests": -46000.0,
        "Net Income Including Noncontrolling Interests": 8169000.0,
        "Net Income Discontinuous Operations": -265000.0,
        "Net Income Continuous Operations": 8434000.0,
        "Tax Provision": 2920000.0,
        "Pretax Income": 11354000.0,
        "Other Income Expense": 197000.0,
        "Other Non Operating Income Expenses": 80000.0,
        "Special Income Charges": NaN,
        "Gain On Sale Of Business": NaN,
        "Impairment Of Capital Assets": NaN,
        "Gain On Sale Of Security": 117000.0,
        "Net Non Operating Interest Income Expense": 1308000.0,
        "Interest Expense Non Operating": 32000.0,
        "Interest Income Non Operating": 1340000.0,
        "Operating Income": 9849000.0,
        "Operating Expense": 23937000.0,
        "Other Operating Expenses": 1036000.0,
        "Selling General And Administration": 22901000.0,
        "Gross Profit": 33786000.0,
        "Cost Of Revenue": 85902000.0,
        "Total Revenue": 119688000.0,
        "Operating Revenue": 111794000.0
    },
    "2024-06-30": {
        "Tax Effect Of Unusual Items": -2137.899121,
        "Tax Rate For Calcs": 0.267237,
        "Normalized EBITDA": 13501000.0,
        "Total Unusual Items": -8000.0,
        "Total Unusual Items Excluding Goodwill": -8000.0,
        "Net Income From Continuing Operation Net Minority Interest": 9757000.0,
        "Reconciled Depreciation": 196000.0,
        "Reconciled Cost Of Revenue": 57360000.0,
        "EBITDA": 13493000.0,
        "EBIT": 13297000.0,
        "Net Interest Income": 1031000.0,
        "Interest Expense": 331000.0,
        "Interest Income": 1362000.0,
        "Normalized Income": 9762862.100879,
        "Net Income From Continuing And Discontinued Operation": 9612000.0,
        "Total Expenses": 80015000.0,
        "Total Operating Income As Reported": 10563000.0,
        "Diluted Average Shares": 27033000.0,
        "Basic Average Shares": 26569000.0,
        "Diluted EPS": 0.36,
        "Basic EPS": 0.36,
        "Diluted NI Availto Com Stockholders": 9612000.0,
        "Net Income Common Stockholders": 9612000.0,
        "Preferred Stock Dividends": NaN,
        "Net Income": 9612000.0,
        "Minority Interests": 256000.0,
        "Net Income Including Noncontrolling Interests": 9356000.0,
        "Net Income Discontinuous Operations": -145000.0,
        "Net Income Continuous Operations": 9501000.0,
        "Tax Provision": 3465000.0,
        "Pretax Income": 12966000.0,
        "Other Income Expense": 1254000.0,
        "Other Non Operating Income Expenses": 1262000.0,
        "Special Income Charges": -118000.0,
        "Gain On Sale Of Business": NaN,
        "Impairment Of Capital Assets": 118000.0,
        "Gain On Sale Of Security": 110000.0,
        "Net Non Operating Interest Income Expense": 1031000.0,
        "Interest Expense Non Operating": 331000.0,
        "Interest Income Non Operating": 1362000.0,
        "Operating Income": 10681000.0,
        "Operating Expense": 22655000.0,
        "Other Operating Expenses": 640000.0,
        "Selling General And Administration": 22015000.0,
        "Gross Profit": 33336000.0,
        "Cost Of Revenue": 57360000.0,
        "Total Revenue": 90696000.0,
        "Operating Revenue": 86715000.0
    }
}