{
    "2023-03-31": {
        "Tax Effect Of Unusual Items": 0.0,
        "Tax Rate For Calcs": 0.21,
        "Normalized EBITDA": 21193000.0,
        "Total Unusual Items": NaN,
        "Total Unusual Items Excluding Goodwill": NaN,
        "Net Income From Continuing Operation Net Minority Interest": 2634000.0,
        "Reconciled Depreciation": 16304000.0,
        "Reconciled Cost Of Revenue": 81436000.0,
        "EBITDA": 21193000.0,
        "EBIT": 4889000.0,
        "Net Interest Income": -1259000.0,
        "Interest Expense": 2029000.0,
        "Interest Income": 770000.0,
        "Normalized Income": 2634000.0,
        "Net Income From Continuing And Discontinued Operation": 2634000.0,
        "Total Expenses": 89948000.0,
        "Rent Expense Supplemental": 3664000.0,
        "Total Operating Income As Reported": 4443000.0,
        "Diluted Average Shares": 43097362.0,
        "Basic Average Shares": 42632059.0,
        "Diluted EPS": 0.06,
        "Basic EPS": 0.06,
        "Diluted NI Availto Com Stockholders": 2634000.0,
        "Net Income Common Stockholders": 2634000.0,
        "Net Income": 2634000.0,
        "Minority Interests": -226000.0,
        "Net Income Including Noncontrolling Interests": 2860000.0,
        "Net Income Continuous Operations": 2860000.0,
        "Pretax Income": 2860000.0,
        "Other Income Expense": -324000.0,
        "Other Non Operating Income Expenses": -324000.0,
        "Special Income Charges": NaN,
        "Gain On Sale Of Ppe": NaN,
        "Impairment Of Capital Assets": NaN,
        "Net Non Operating Interest Income Expense": -1259000.0,
        "Interest Expense Non Operating": 2029000.0,
        "Interest Income Non Operating": 770000.0,
        "Operating Income": 4443000.0,
        "Operating Expense": 8512000.0,
        "Other Operating Expenses": 762000.0,
        "Selling General And Administration": 7750000.0,
        "General And Administrative Expense": 7750000.0,
        "Other Gand A": 7750000.0,
        "Gross Profit": 12955000.0,
        "Cost Of Revenue": 81436000.0,
        "Total Revenue": 94391000.0,
        "Operating Revenue": 94391000.0
    },
    "2022-12-31": {
        "Tax Effect Of Unusual Items": 0.0,
        "Tax Rate For Calcs": 0.21,
        "Normalized EBITDA": 47382000.0,
        "Total Unusual Items": 0.0,
        "Total Unusual Items Excluding Goodwill": 0.0,
        "Net Income From Continuing Operation Net Minority Interest": 28677000.0,
        "Reconciled Depreciation": 16385000.0,
        "Reconciled Cost Of Revenue": 87896000.0,
        "EBITDA": 47382000.0,
        "EBIT": 30997000.0,
        "Net Interest Income": -1506000.0,
        "Interest Expense": 2171000.0,
        "Interest Income": 665000.0,
        "Normalized Income": 28677000.0,
        "Net Income From Continuing And Discontinued Operation": 28677000.0,
        "Total Expenses": 96202000.0,
        "Rent Expense Supplemental": 7497000.0,
        "Total Operating Income As Reported": 30771000.0,
        "Diluted Average Shares": 42916252.0,
        "Basic Average Shares": 42563836.0,
        "Diluted EPS": 0.67,
        "Basic EPS": 0.67,
        "Diluted NI Availto Com Stockholders": 28677000.0,
        "Net Income Common Stockholders": 28677000.0,
        "Net Income": 28677000.0,
        "Minority Interests": -149000.0,
        "Net Income Including Noncontrolling Interests": 28826000.0,
        "Net Income Continuous Operations": 28826000.0,
        "Pretax Income": 28826000.0,
        "Other Income Expense": -439000.0,
        "Other Non Operating Income Expenses": -439000.0,
        "Special Income Charges": 0.0,
        "Gain On Sale Of Ppe": 0.0,
        "Impairment Of Capital Assets": NaN,
        "Net Non Operating Interest Income Expense": -1506000.0,
        "Interest Expense Non Operating": 2171000.0,
        "Interest Income Non Operating": 665000.0,
        "Operating Income": 30771000.0,
        "Operating Expense": 8306000.0,
        "Other Operating Expenses": 932000.0,
        "Selling General And Administration": 7374000.0,
        "General And Administrative Expense": 7374000.0,
        "Other Gand A": 7374000.0,
        "Gross Profit": 39077000.0,
        "Cost Of Revenue": 87896000.0,
        "Total Revenue": 126973000.0,
        "Operating Revenue": 126973000.0
    },
    "2022-09-30": {
        "Tax Effect Of Unusual Items": 0.0,
        "Tax Rate For Calcs": 0.4,
        "Normalized EBITDA": 59262000.0,
        "Total Unusual Items": 0.0,
        "Total Unusual Items Excluding Goodwill": 0.0,
        "Net Income From Continuing Operation Net Minority Interest": 40828000.0,
        "Reconciled Depreciation": 15938000.0,
        "Reconciled Cost Of Revenue": 84120000.0,
        "EBITDA": 59262000.0,
        "EBIT": 43324000.0,
        "Net Interest Income": -1984000.0,
        "Interest Expense": 2276000.0,
        "Interest Income": 292000.0,
        "Normalized Income": 40828000.0,
        "Net Income From Continuing And Discontinued Operation": 40828000.0,
        "Total Expenses": 90792000.0,
        "Rent Expense Supplemental": 6952000.0,
        "Total Operating Income As Reported": 45178000.0,
        "Diluted Average Shares": 42881541.0,
        "Basic Average Shares": 42529865.0,
        "Diluted EPS": 0.95,
        "Basic EPS": 0.96,
        "Diluted NI Availto Com Stockholders": 40828000.0,
        "Net Income Common Stockholders": 40828000.0,
        "Net Income": 40828000.0,
        "Minority Interests": -220000.0,
        "Net Income Including Noncontrolling Interests": 41048000.0,
        "Net Income Continuous Operations": 41048000.0,
        "Pretax Income": 41048000.0,
        "Other Income Expense": -2146000.0,
        "Other Non Operating Income Expenses": -2146000.0,
        "Special Income Charges": 0.0,
        "Gain On Sale Of Ppe": 0.0,
        "Impairment Of Capital Assets": NaN,
        "Net Non Operating Interest Income Expense": -1984000.0,
        "Interest Expense Non Operating": 2276000.0,
        "Interest Income Non Operating": 292000.0,
        "Operating Income": 45178000.0,
        "Operating Expense": 6672000.0,
        "Other Operating Expenses": 761000.0,
        "Selling General And Administration": 5911000.0,
        "General And Administrative Expense": 5911000.0,
        "Other Gand A": 5911000.0,
        "Gross Profit": 51850000.0,
        "Cost Of Revenue": 84120000.0,
        "Total Revenue": 135970000.0,
        "Operating Revenue": 135970000.0
    },
    "2022-06-30": {
        "Tax Effect Of Unusual Items": 0.0,
        "Tax Rate For Calcs": 0.4,
        "Normalized EBITDA": 64904000.0,
        "Total Unusual Items": 0.0,
        "Total Unusual Items Excluding Goodwill": 0.0,
        "Net Income From Continuing Operation Net Minority Interest": 47382000.0,
        "Reconciled Depreciation": 14874000.0,
        "Reconciled Cost Of Revenue": 81488000.0,
        "EBITDA": 64904000.0,
        "EBIT": 50030000.0,
        "Net Interest Income": -2337000.0,
        "Interest Expense": 2405000.0,
        "Interest Income": 68000.0,
        "Normalized Income": 47382000.0,
        "Net Income From Continuing And Discontinued Operation": 47382000.0,
        "Total Expenses": 88569000.0,
        "Rent Expense Supplemental": 5044000.0,
        "Total Operating Income As Reported": 49195000.0,
        "Diluted Average Shares": 42996676.0,
        "Basic Average Shares": 42385423.0,
        "Diluted EPS": 1.1,
        "Basic EPS": 1.12,
        "Diluted NI Availto Com Stockholders": 47382000.0,
        "Net Income Common Stockholders": 47382000.0,
        "Net Income": 47382000.0,
        "Minority Interests": -243000.0,
        "Net Income Including Noncontrolling Interests": 47625000.0,
        "Net Income Continuous Operations": 47625000.0,
        "Pretax Income": 47625000.0,
        "Other Income Expense": 767000.0,
        "Other Non Operating Income Expenses": 767000.0,
        "Special Income Charges": 0.0,
        "Gain On Sale Of Ppe": 0.0,
        "Net Non Operating Interest Income Expense": -2337000.0,
        "Interest Expense Non Operating": 2405000.0,
        "Interest Income Non Operating": 68000.0,
        "Operating Income": 49195000.0,
        "Operating Expense": 7081000.0,
        "Other Operating Expenses": 700000.0,
        "Selling General And Administration": 6381000.0,
        "General And Administrative Expense": 6381000.0,
        "Other Gand A": 6381000.0,
        "Gross Profit": 56276000.0,
        "Cost Of Revenue": 81488000.0,
        "Total Revenue": 137764000.0,
        "Operating Revenue": 137764000.0
    },
    "2022-03-31": {
        "Diluted EPS": 0.97,
        "Total Revenue": 136,
        "Gross Profit": 63,
        "Operating Income": 42,
        "EBIT": 57,
        "Net Income": 42
    },
    "2021-12-31": {
        "Diluted EPS": 2.13,
        "Total Revenue": 183,
        "Gross Profit": 110,
        "Operating Income": 93,
        "EBIT": 107,
        "Net Income": 91
    },
    "2021-09-30": {
        "Diluted EPS": 1.34,
        "Total Revenue": 155,
        "Gross Profit": 87,
        "Operating Income": 65,
        "EBIT": 79,
        "Net Income": 57
    },
    "2021-06-30": {
        "Diluted EPS": 0.75,
        "Total Revenue": 121,
        "Gross Profit": 57,
        "Operating Income": 36,
        "EBIT": 52,
        "Net Income": 32
    },
    "2021-03-31": {
        "Diluted EPS": 0.05,
        "Total Revenue": 88,
        "Gross Profit": 28,
        "Operating Income": 6,
        "EBIT": 21,
        "Net Income": 2
    },
    "2020-12-31": {
        "Diluted EPS": -1.58,
        "Total Revenue": 95,
        "Gross Profit": 36,
        "Operating Income": -61,
        "EBIT": -44,
        "Net Income": -66
    },
    "2020-09-30": {
        "Diluted EPS": -0.5,
        "Total Revenue": 88,
        "Gross Profit": 30,
        "Operating Income": -16,
        "EBIT": 2,
        "Net Income": -21
    },
    "2020-06-30": {
        "Diluted EPS": -0.43,
        "Total Revenue": 74,
        "Gross Profit": 10,
        "Operating Income": -13,
        "EBIT": 4,
        "Net Income": -18
    },
    "2020-03-31": {
        "Diluted EPS": -2.87,
        "Total Revenue": 98,
        "Gross Profit": 25,
        "Operating Income": -113,
        "EBIT": -94,
        "Net Income": -120
    },
    "2019-12-31": {
        "Diluted EPS": 0.03,
        "Total Revenue": 109,
        "Gross Profit": 36,
        "Operating Income": 8,
        "EBIT": 27,
        "Net Income": 1
    },
    "2019-09-30": {
        "Diluted EPS": -0.35,
        "Total Revenue": 104,
        "Gross Profit": 31,
        "Operating Income": -8,
        "EBIT": 12,
        "Net Income": -15
    },
    "2019-06-30": {
        "Diluted EPS": -0.83,
        "Total Revenue": 84,
        "Gross Profit": 13,
        "Operating Income": -27,
        "EBIT": -8,
        "Net Income": -34
    },
    "2019-03-31": {
        "Diluted EPS": -0.19,
        "Total Revenue": 93,
        "Gross Profit": 25,
        "Operating Income": -1,
        "EBIT": 19,
        "Net Income": -8
    },
    "2018-12-31": {
        "Diluted EPS": 0.64,
        "Total Revenue": 112,
        "Gross Profit": 51,
        "Operating Income": 26,
        "EBIT": 46,
        "Net Income": 18
    },
    "2018-09-30": {
        "Diluted EPS": 0.14,
        "Total Revenue": 92,
        "Gross Profit": 35,
        "Operating Income": 12,
        "EBIT": 31,
        "Net Income": 6
    },
    "2018-06-30": {
        "Diluted EPS": -0.03,
        "Total Revenue": 86,
        "Gross Profit": 36,
        "Operating Income": 11,
        "EBIT": 29,
        "Net Income": -1
    },
    "2018-03-31": {
        "Diluted EPS": -1.61,
        "Total Revenue": 77,
        "Gross Profit": 32,
        "Operating Income": -48,
        "EBIT": -30,
        "Net Income": -56
    },
    "2017-12-31": {
        "Diluted EPS": 0.08,
        "Total Revenue": 75,
        "Gross Profit": 35,
        "Operating Income": 10,
        "EBIT": 29,
        "Net Income": 3
    },
    "2017-09-30": {
        "Diluted EPS": -0.9,
        "Total Revenue": 51,
        "Gross Profit": 20,
        "Operating Income": -24,
        "EBIT": -4,
        "Net Income": -31
    },
    "2017-06-30": {
        "Diluted EPS": -0.42,
        "Total Revenue": 45,
        "Gross Profit": 21,
        "Operating Income": -7,
        "EBIT": 13,
        "Net Income": -15
    },
    "2017-03-31": {
        "Diluted EPS": -0.47,
        "Total Revenue": 38,
        "Gross Profit": 10,
        "Operating Income": -9,
        "EBIT": 11,
        "Net Income": -16
    },
    "2016-12-31": {
        "Diluted EPS": -3.36,
        "Total Revenue": 44,
        "Gross Profit": 12,
        "Operating Income": -19,
        "EBIT": 6,
        "Net Income": -25
    },
    "2016-09-30": {
        "Diluted EPS": -3.8,
        "Total Revenue": 39,
        "Gross Profit": 8,
        "Operating Income": -20,
        "EBIT": 2,
        "Net Income": -28
    },
    "2016-06-30": {
        "Diluted EPS": -15.32,
        "Total Revenue": 32,
        "Gross Profit": 0,
        "Operating Income": -101,
        "EBIT": -75,
        "Net Income": -111
    },
    "2016-03-31": {
        "Diluted EPS": -7.55,
        "Total Revenue": 21,
        "Gross Profit": -12,
        "Operating Income": -47,
        "EBIT": -20,
        "Net Income": -54
    },
    "2015-12-31": {
        "Diluted EPS": -7.0,
        "Total Revenue": 35,
        "Gross Profit": -2,
        "Operating Income": -38,
        "EBIT": -11,
        "Net Income": -49
    },
    "2015-09-30": {
        "Diluted EPS": -9.54,
        "Total Revenue": 50,
        "Gross Profit": 12,
        "Operating Income": -35,
        "EBIT": -3,
        "Net Income": -67
    },
    "2015-06-30": {
        "Diluted EPS": -6.67,
        "Total Revenue": 35,
        "Gross Profit": 1,
        "Operating Income": -46,
        "EBIT": -14,
        "Net Income": -40
    },
    "2015-03-31": {
        "Diluted EPS": -6.4,
        "Total Revenue": 34,
        "Gross Profit": 1,
        "Operating Income": -74,
        "EBIT": -42,
        "Net Income": -38
    },
    "2014-12-31": {
        "Diluted EPS": -20.68,
        "Total Revenue": 56,
        "Gross Profit": 21,
        "Operating Income": -186,
        "EBIT": 13,
        "Net Income": -164
    },
    "2014-09-30": {
        "Diluted EPS": -144.2,
        "Total Revenue": 49,
        "Gross Profit": 16,
        "Operating Income": -26,
        "EBIT": 5,
        "Net Income": -870
    },
    "2014-06-30": {
        "Diluted EPS": -13.9,
        "Total Revenue": 52,
        "Gross Profit": 20,
        "Operating Income": -27,
        "EBIT": 14,
        "Net Income": -61
    },
    "2014-03-31": {
        "Diluted EPS": -9.0,
        "Total Revenue": 64,
        "Gross Profit": 31,
        "Operating Income": -21,
        "EBIT": 20,
        "Net Income": -39
    },
    "2013-12-31": {
        "Diluted EPS": -4.4,
        "Total Revenue": 82,
        "Gross Profit": 50,
        "Operating Income": 4,
        "EBIT": 45,
        "Net Income": -19
    },
    "2013-09-30": {
        "Diluted EPS": -8.1,
        "Total Revenue": 59,
        "Gross Profit": 30,
        "Operating Income": -13,
        "EBIT": 27,
        "Net Income": -35
    },
    "2013-06-30": {
        "Diluted EPS": -10.5,
        "Total Revenue": 46,
        "Gross Profit": 16,
        "Operating Income": -27,
        "EBIT": 12,
        "Net Income": -45
    },
    "2013-03-31": {
        "Diluted EPS": -11.2,
        "Total Revenue": 40,
        "Gross Profit": 12,
        "Operating Income": -30,
        "EBIT": 8,
        "Net Income": -48
    },
    "2012-12-31": {
        "Diluted EPS": -10.5,
        "Total Revenue": 49,
        "Gross Profit": 19,
        "Operating Income": -26,
        "EBIT": 13,
        "Net Income": -46
    },
    "2012-09-30": {
        "Diluted EPS": -9.0,
        "Total Revenue": 54,
        "Gross Profit": 23,
        "Operating Income": -20,
        "EBIT": 19,
        "Net Income": -38
    },
    "2012-06-30": {
        "Diluted EPS": -6.5,
        "Total Revenue": 63,
        "Gross Profit": 32,
        "Operating Income": -10,
        "EBIT": 27,
        "Net Income": -28
    },
    "2012-03-31": {
        "Diluted EPS": -8.7,
        "Total Revenue": 60,
        "Gross Profit": 31,
        "Operating Income": -13,
        "EBIT": 25,
        "Net Income": -33
    },
    "2011-12-31": {
        "Diluted EPS": 0.1,
        "Total Revenue": 97,
        "Gross Profit": 66,
        "Operating Income": 24,
        "EBIT": 62,
        "Net Income": 0
    },
    "2011-09-30": {
        "Diluted EPS": 0.4,
        "Total Revenue": 94,
        "Gross Profit": 66,
        "Operating Income": 23,
        "EBIT": 61,
        "Net Income": 2
    },
    "2011-06-30": {
        "Diluted EPS": 2.9,
        "Total Revenue": 99,
        "Gross Profit": 74,
        "Operating Income": 32,
        "EBIT": 69,
        "Net Income": 10
    },
    "2011-03-31": {
        "Diluted EPS": 3.8,
        "Total Revenue": 101,
        "Gross Profit": 76,
        "Operating Income": 34,
        "EBIT": 71,
        "Net Income": 13
    },
    "2010-12-31": {
        "Diluted EPS": 8.6,
        "Total Revenue": 131,
        "Gross Profit": 103,
        "Operating Income": 60,
        "EBIT": 98,
        "Net Income": 35
    },
    "2010-09-30": {
        "Diluted EPS": 9.9,
        "Total Revenue": 118,
        "Gross Profit": 95,
        "Operating Income": 58,
        "EBIT": 90,
        "Net Income": 36
    },
    "2010-06-30": {
        "Diluted EPS": 11.6,
        "Total Revenue": 105,
        "Gross Profit": 88,
        "Operating Income": 55,
        "EBIT": 82,
        "Net Income": 37
    },
    "2010-03-31": {
        "Diluted EPS": 10.6,
        "Total Revenue": 95,
        "Gross Profit": 79,
        "Operating Income": 48,
        "EBIT": 73,
        "Net Income": 33
    },
    "2009-12-31": {
        "Diluted EPS": 11.2,
        "Total Revenue": 96,
        "Gross Profit": 80,
        "Operating Income": 52,
        "EBIT": 72,
        "Net Income": 35
    },
    "2009-09-30": {
        "Diluted EPS": 10.9,
        "Total Revenue": 93,
        "Gross Profit": 77,
        "Operating Income": 50,
        "EBIT": 69,
        "Net Income": 34
    },
    "2009-06-30": {
        "Diluted EPS": 12.0,
        "Total Revenue": 94,
        "Gross Profit": 79,
        "Operating Income": 53,
        "EBIT": 71,
        "Net Income": 38
    },
    "2009-03-31": {
        "Diluted EPS": 13.2,
        "Total Revenue": 97,
        "Gross Profit": 81,
        "Operating Income": 55,
        "EBIT": 73,
        "Net Income": 41
    },
    "2023-06-30": {
        "Tax Effect Of Unusual Items": 0.0,
        "Tax Rate For Calcs": 0.21,
        "Normalized EBITDA": 30825000.0,
        "Total Unusual Items": NaN,
        "Total Unusual Items Excluding Goodwill": NaN,
        "Net Income From Continuing Operation Net Minority Interest": 11562000.0,
        "Reconciled Depreciation": 17153000.0,
        "Reconciled Cost Of Revenue": 69247000.0,
        "EBITDA": 30825000.0,
        "EBIT": 13672000.0,
        "Net Interest Income": -1611000.0,
        "Interest Expense": 2131000.0,
        "Interest Income": 520000.0,
        "Normalized Income": 11562000.0,
        "Net Income From Continuing And Discontinued Operation": 11562000.0,
        "Total Expenses": 77529000.0,
        "Rent Expense Supplemental": 1040000.0,
        "Total Operating Income As Reported": 13027000.0,
        "Diluted Average Shares": 43134152.0,
        "Basic Average Shares": 42786918.0,
        "Diluted EPS": 0.27,
        "Basic EPS": 0.27,
        "Diluted NI Availto Com Stockholders": 11562000.0,
        "Net Income Common Stockholders": 11562000.0,
        "Net Income": 11562000.0,
        "Minority Interests": 21000.0,
        "Net Income Including Noncontrolling Interests": 11541000.0,
        "Net Income Continuous Operations": 11541000.0,
        "Pretax Income": 11541000.0,
        "Other Income Expense": 125000.0,
        "Other Non Operating Income Expenses": 125000.0,
        "Special Income Charges": NaN,
        "Gain On Sale Of Ppe": NaN,
        "Impairment Of Capital Assets": NaN,
        "Net Non Operating Interest Income Expense": -1611000.0,
        "Interest Expense Non Operating": 2131000.0,
        "Interest Income Non Operating": 520000.0,
        "Operating Income": 13027000.0,
        "Operating Expense": 8282000.0,
        "Other Operating Expenses": 1349000.0,
        "Selling General And Administration": 6933000.0,
        "General And Administrative Expense": 6933000.0,
        "Other Gand A": 6933000.0,
        "Gross Profit": 21309000.0,
        "Cost Of Revenue": 69247000.0,
        "Total Revenue": 90556000.0,
        "Operating Revenue": 90556000.0
    },
    "2023-09-30": {
        "Tax Effect Of Unusual Items": 0.0,
        "Tax Rate For Calcs": 0.0,
        "Normalized EBITDA": 15626000.0,
        "Total Unusual Items": -28102000.0,
        "Total Unusual Items Excluding Goodwill": -28102000.0,
        "Net Income From Continuing Operation Net Minority Interest": -32004000.0,
        "Reconciled Depreciation": 17389000.0,
        "Reconciled Cost Of Revenue": 78054000.0,
        "EBITDA": -12476000.0,
        "EBIT": -29865000.0,
        "Net Interest Income": -1411000.0,
        "Interest Expense": 1999000.0,
        "Interest Income": 588000.0,
        "Normalized Income": -3902000.0,
        "Net Income From Continuing And Discontinued Operation": -32004000.0,
        "Total Expenses": 85612000.0,
        "Rent Expense Supplemental": 2026000.0,
        "Total Operating Income As Reported": -30353000.0,
        "Diluted Average Shares": 42816045.0,
        "Basic Average Shares": 42816045.0,
        "Diluted EPS": -0.75,
        "Basic EPS": -0.75,
        "Diluted NI Availto Com Stockholders": -32004000.0,
        "Net Income Common Stockholders": -32004000.0,
        "Net Income": -32004000.0,
        "Minority Interests": -140000.0,
        "Net Income Including Noncontrolling Interests": -31864000.0,
        "Net Income Continuous Operations": -31864000.0,
        "Pretax Income": -31864000.0,
        "Other Income Expense": -28202000.0,
        "Other Non Operating Income Expenses": -100000.0,
        "Special Income Charges": -28102000.0,
        "Gain On Sale Of Ppe": NaN,
        "Impairment Of Capital Assets": 28102000.0,
        "Net Non Operating Interest Income Expense": -1411000.0,
        "Interest Expense Non Operating": 1999000.0,
        "Interest Income Non Operating": 588000.0,
        "Operating Income": -2251000.0,
        "Operating Expense": 7558000.0,
        "Other Operating Expenses": 973000.0,
        "Selling General And Administration": 6585000.0,
        "General And Administrative Expense": 6585000.0,
        "Other Gand A": 6585000.0,
        "Gross Profit": 5307000.0,
        "Cost Of Revenue": 78054000.0,
        "Total Revenue": 83361000.0,
        "Operating Revenue": 83361000.0
    },
    "2023-12-31": {
        "Tax Effect Of Unusual Items": -2859570.0,
        "Tax Rate For Calcs": 0.21,
        "Normalized EBITDA": 38415000.0,
        "Total Unusual Items": -13617000.0,
        "Total Unusual Items Excluding Goodwill": -13617000.0,
        "Net Income From Continuing Operation Net Minority Interest": 4938000.0,
        "Reconciled Depreciation": 17069000.0,
        "Reconciled Cost Of Revenue": 86924000.0,
        "EBITDA": 24798000.0,
        "EBIT": 7729000.0,
        "Net Interest Income": -1832000.0,
        "Interest Expense": 2622000.0,
        "Interest Income": 790000.0,
        "Normalized Income": 15695430.0,
        "Net Income From Continuing And Discontinued Operation": 4938000.0,
        "Total Expenses": 94862000.0,
        "Rent Expense Supplemental": 2404000.0,
        "Total Operating Income As Reported": 7037000.0,
        "Diluted Average Shares": 43290851.0,
        "Basic Average Shares": 42827334.0,
        "Diluted EPS": 0.11,
        "Basic EPS": 0.12,
        "Diluted NI Availto Com Stockholders": 4938000.0,
        "Net Income Common Stockholders": 4938000.0,
        "Net Income": 4938000.0,
        "Minority Interests": -169000.0,
        "Net Income Including Noncontrolling Interests": 5107000.0,
        "Net Income Continuous Operations": 5107000.0,
        "Pretax Income": 5107000.0,
        "Other Income Expense": -13715000.0,
        "Other Non Operating Income Expenses": -98000.0,
        "Special Income Charges": -13617000.0,
        "Gain On Sale Of Ppe": NaN,
        "Impairment Of Capital Assets": 13617000.0,
        "Net Non Operating Interest Income Expense": -1832000.0,
        "Interest Expense Non Operating": 2622000.0,
        "Interest Income Non Operating": 790000.0,
        "Operating Income": 20654000.0,
        "Operating Expense": 7938000.0,
        "Other Operating Expenses": 937000.0,
        "Selling General And Administration": 7001000.0,
        "General And Administrative Expense": 7001000.0,
        "Other Gand A": 7001000.0,
        "Gross Profit": 28592000.0,
        "Cost Of Revenue": 86924000.0,
        "Total Revenue": 115516000.0,
        "Operating Revenue": 115516000.0
    }
}