{
    "2023-06-30": {
        "Tax Effect Of Unusual Items": 0.0,
        "Tax Rate For Calcs": 0.208922,
        "Net Income From Continuing Operation Net Minority Interest": 9581000.0,
        "Reconciled Depreciation": 149000.0,
        "Net Interest Income": 24703000.0,
        "Interest Expense": 14031000.0,
        "Interest Income": 38734000.0,
        "Normalized Income": 9581000.0,
        "Net Income From Continuing And Discontinued Operation": 9581000.0,
        "Diluted Average Shares": 11756512.0,
        "Basic Average Shares": 11735475.0,
        "Diluted EPS": 0.81,
        "Basic EPS": 0.82,
        "Diluted NI Availto Com Stockholders": 9581000.0,
        "Net Income Common Stockholders": 9581000.0,
        "Net Income": 9581000.0,
        "Minority Interests": 5000.0,
        "Net Income Including Noncontrolling Interests": 9576000.0,
        "Net Income Continuous Operations": 9576000.0,
        "Tax Provision": 2529000.0,
        "Pretax Income": 12105000.0,
        "Gain On Sale Of Security": -322000.0,
        "Depreciation Amortization Depletion Income Statement": 149000.0,
        "Depreciation And Amortization In Income Statement": 149000.0,
        "Amortization": 149000.0,
        "Amortization Of Intangibles Income Statement": 149000.0,
        "Selling General And Administration": 12931000.0,
        "Selling And Marketing Expense": 269000.0,
        "General And Administrative Expense": 12662000.0,
        "Other Gand A": NaN,
        "Insurance And Claims": 522000.0,
        "Salaries And Wages": 12140000.0,
        "Total Revenue": 31837000.0,
        "Operating Revenue": 31837000.0
    },
    "2023-03-31": {
        "Tax Effect Of Unusual Items": 0.0,
        "Tax Rate For Calcs": 0.180495,
        "Net Income From Continuing Operation Net Minority Interest": 8281000.0,
        "Reconciled Depreciation": 161000.0,
        "Net Interest Income": 25162000.0,
        "Interest Expense": 11982000.0,
        "Interest Income": 37144000.0,
        "Normalized Income": 8281000.0,
        "Net Income From Continuing And Discontinued Operation": 8281000.0,
        "Diluted Average Shares": 12012004.0,
        "Basic Average Shares": 11939593.0,
        "Diluted EPS": 0.69,
        "Basic EPS": 0.69,
        "Diluted NI Availto Com Stockholders": 8281000.0,
        "Net Income Common Stockholders": 8281000.0,
        "Net Income": 8281000.0,
        "Minority Interests": 4000.0,
        "Net Income Including Noncontrolling Interests": 8277000.0,
        "Net Income Continuous Operations": 8277000.0,
        "Tax Provision": 1823000.0,
        "Pretax Income": 10100000.0,
        "Gain On Sale Of Security": 93000.0,
        "Depreciation Amortization Depletion Income Statement": 161000.0,
        "Depreciation And Amortization In Income Statement": 161000.0,
        "Amortization": 161000.0,
        "Amortization Of Intangibles Income Statement": 161000.0,
        "Selling General And Administration": 13031000.0,
        "Selling And Marketing Expense": 267000.0,
        "General And Administrative Expense": 12764000.0,
        "Other Gand A": NaN,
        "Insurance And Claims": 301000.0,
        "Salaries And Wages": 12463000.0,
        "Total Revenue": 29468000.0,
        "Operating Revenue": 29468000.0,
        "Gross Profit": 30,
        "Operating Income": 10,
        "EBIT": NaN
    },
    "2022-12-31": {
        "Tax Effect Of Unusual Items": 0.0,
        "Tax Rate For Calcs": 0.180313,
        "Net Income From Continuing Operation Net Minority Interest": 8022000.0,
        "Reconciled Depreciation": 161000.0,
        "Net Interest Income": 28358000.0,
        "Interest Expense": 7362000.0,
        "Interest Income": 35720000.0,
        "Normalized Income": 8022000.0,
        "Net Income From Continuing And Discontinued Operation": 8022000.0,
        "Diluted Average Shares": 12048475.0,
        "Basic Average Shares": 11938973.0,
        "Diluted EPS": 0.67,
        "Basic EPS": 0.67,
        "Diluted NI Availto Com Stockholders": 8022000.0,
        "Net Income Common Stockholders": 8022000.0,
        "Net Income": 8022000.0,
        "Minority Interests": 3000.0,
        "Net Income Including Noncontrolling Interests": 8019000.0,
        "Net Income Continuous Operations": 8019000.0,
        "Tax Provision": 1764000.0,
        "Pretax Income": 9783000.0,
        "Gain On Sale Of Security": 172000.0,
        "Depreciation Amortization Depletion Income Statement": 161000.0,
        "Depreciation And Amortization In Income Statement": 161000.0,
        "Amortization": 161000.0,
        "Amortization Of Intangibles Income Statement": 161000.0,
        "Selling General And Administration": 13410000.0,
        "Selling And Marketing Expense": 488000.0,
        "General And Administrative Expense": 12922000.0,
        "Other Gand A": NaN,
        "Insurance And Claims": 359000.0,
        "Salaries And Wages": 12563000.0,
        "Total Revenue": 32740000.0,
        "Operating Revenue": 32740000.0,
        "Gross Profit": 33,
        "Operating Income": 10,
        "EBIT": NaN
    },
    "2022-09-30": {
        "Tax Effect Of Unusual Items": 0.0,
        "Tax Rate For Calcs": 0.178165,
        "Net Income From Continuing Operation Net Minority Interest": 10903000.0,
        "Reconciled Depreciation": 166000.0,
        "Net Interest Income": 28297000.0,
        "Interest Expense": 4179000.0,
        "Interest Income": 32476000.0,
        "Normalized Income": 10903000.0,
        "Net Income From Continuing And Discontinued Operation": 10903000.0,
        "Diluted Average Shares": 12032391.0,
        "Basic Average Shares": 11907233.0,
        "Diluted EPS": 0.91,
        "Basic EPS": 0.92,
        "Diluted NI Availto Com Stockholders": 10903000.0,
        "Net Income Common Stockholders": 10903000.0,
        "Net Income": 10903000.0,
        "Minority Interests": 3000.0,
        "Net Income Including Noncontrolling Interests": 10900000.0,
        "Net Income Continuous Operations": 10900000.0,
        "Tax Provision": 2363000.0,
        "Pretax Income": 13263000.0,
        "Gain On Sale Of Security": NaN,
        "Depreciation Amortization Depletion Income Statement": 166000.0,
        "Depreciation And Amortization In Income Statement": 166000.0,
        "Amortization": 166000.0,
        "Amortization Of Intangibles Income Statement": 166000.0,
        "Selling General And Administration": 14307000.0,
        "Selling And Marketing Expense": 378000.0,
        "General And Administrative Expense": 13929000.0,
        "Other Gand A": 1593000.0,
        "Insurance And Claims": 272000.0,
        "Salaries And Wages": 12064000.0,
        "Total Revenue": 33377000.0,
        "Operating Revenue": 33377000.0,
        "Gross Profit": 34,
        "Operating Income": 13,
        "EBIT": NaN
    },
    "2022-06-30": {
        "Tax Effect Of Unusual Items": 0.0,
        "Tax Rate For Calcs": 0.186735,
        "Net Income From Continuing Operation Net Minority Interest": 10784000.0,
        "Reconciled Depreciation": 178000.0,
        "Net Interest Income": 26851000.0,
        "Interest Expense": 2269000.0,
        "Interest Income": 29120000.0,
        "Normalized Income": 10784000.0,
        "Net Income From Continuing And Discontinued Operation": 10784000.0,
        "Diluted Average Shares": 12098983.0,
        "Basic Average Shares": 11968227.0,
        "Diluted EPS": 0.89,
        "Basic EPS": 0.9,
        "Diluted NI Availto Com Stockholders": 10784000.0,
        "Net Income Common Stockholders": 10784000.0,
        "Net Income": 10784000.0,
        "Minority Interests": 18000.0,
        "Net Income Including Noncontrolling Interests": 10766000.0,
        "Net Income Continuous Operations": 10766000.0,
        "Tax Provision": 2472000.0,
        "Pretax Income": 13238000.0,
        "Gain On Sale Of Security": NaN,
        "Depreciation Amortization Depletion Income Statement": 178000.0,
        "Depreciation And Amortization In Income Statement": 178000.0,
        "Amortization": 178000.0,
        "Amortization Of Intangibles Income Statement": 178000.0,
        "Selling General And Administration": 12506000.0,
        "Selling And Marketing Expense": 320000.0,
        "General And Administrative Expense": 12186000.0,
        "Other Gand A": 1526000.0,
        "Insurance And Claims": 237000.0,
        "Salaries And Wages": 11949000.0,
        "Total Revenue": 32258000.0,
        "Operating Revenue": 32258000.0,
        "Gross Profit": 33,
        "Operating Income": 13,
        "EBIT": NaN
    },
    "2022-03-31": {
        "Diluted EPS": 0.88,
        "Total Revenue": 32,
        "Gross Profit": 31,
        "Operating Income": 13,
        "EBIT": NaN,
        "Net Income": 11
    },
    "2021-12-31": {
        "Diluted EPS": 0.75,
        "Total Revenue": 32,
        "Gross Profit": 30,
        "Operating Income": 11,
        "EBIT": NaN,
        "Net Income": 9
    },
    "2021-09-30": {
        "Diluted EPS": 0.76,
        "Total Revenue": 32,
        "Gross Profit": 30,
        "Operating Income": 11,
        "EBIT": NaN,
        "Net Income": 9
    },
    "2021-06-30": {
        "Diluted EPS": 0.85,
        "Total Revenue": 31,
        "Gross Profit": 29,
        "Operating Income": 13,
        "EBIT": NaN,
        "Net Income": 10
    },
    "2021-03-31": {
        "Diluted EPS": 0.9,
        "Total Revenue": 33,
        "Gross Profit": 31,
        "Operating Income": 13,
        "EBIT": NaN,
        "Net Income": 11
    },
    "2020-12-31": {
        "Diluted EPS": 0.81,
        "Total Revenue": 33,
        "Gross Profit": 30,
        "Operating Income": 12,
        "EBIT": NaN,
        "Net Income": 10
    },
    "2020-09-30": {
        "Diluted EPS": 0.84,
        "Total Revenue": 32,
        "Gross Profit": 29,
        "Operating Income": 12,
        "EBIT": NaN,
        "Net Income": 10
    },
    "2020-06-30": {
        "Diluted EPS": 0.09,
        "Total Revenue": 32,
        "Gross Profit": 28,
        "Operating Income": 1,
        "EBIT": NaN,
        "Net Income": 1
    },
    "2020-03-31": {
        "Diluted EPS": 0.5,
        "Total Revenue": 30,
        "Gross Profit": 26,
        "Operating Income": 8,
        "EBIT": NaN,
        "Net Income": 6
    },
    "2019-12-31": {
        "Diluted EPS": 0.58,
        "Total Revenue": 31,
        "Gross Profit": 25,
        "Operating Income": 9,
        "EBIT": NaN,
        "Net Income": 7
    },
    "2019-09-30": {
        "Diluted EPS": 0.59,
        "Total Revenue": 30,
        "Gross Profit": 25,
        "Operating Income": 9,
        "EBIT": NaN,
        "Net Income": 8
    },
    "2019-06-30": {
        "Diluted EPS": 0.47,
        "Total Revenue": 30,
        "Gross Profit": 23,
        "Operating Income": 7,
        "EBIT": NaN,
        "Net Income": 6
    },
    "2019-03-31": {
        "Diluted EPS": 0.41,
        "Total Revenue": 29,
        "Gross Profit": 23,
        "Operating Income": 7,
        "EBIT": NaN,
        "Net Income": 5
    },
    "2018-12-31": {
        "Diluted EPS": 0.66,
        "Total Revenue": 29,
        "Gross Profit": 23,
        "Operating Income": 8,
        "EBIT": NaN,
        "Net Income": 7
    },
    "2018-09-30": {
        "Diluted EPS": 0.38,
        "Total Revenue": 27,
        "Gross Profit": 22,
        "Operating Income": 6,
        "EBIT": NaN,
        "Net Income": 5
    },
    "2018-06-30": {
        "Diluted EPS": 0.37,
        "Total Revenue": 25,
        "Gross Profit": 20,
        "Operating Income": 6,
        "EBIT": NaN,
        "Net Income": 5
    },
    "2018-03-31": {
        "Diluted EPS": 0.36,
        "Total Revenue": 23,
        "Gross Profit": 19,
        "Operating Income": 5,
        "EBIT": NaN,
        "Net Income": 4
    },
    "2017-12-31": {
        "Diluted EPS": 0.22,
        "Total Revenue": 22,
        "Gross Profit": 19,
        "Operating Income": 6,
        "EBIT": NaN,
        "Net Income": 3
    },
    "2017-09-30": {
        "Diluted EPS": 0.34,
        "Total Revenue": 22,
        "Gross Profit": 19,
        "Operating Income": 6,
        "EBIT": NaN,
        "Net Income": 4
    },
    "2017-06-30": {
        "Diluted EPS": 0.36,
        "Total Revenue": 21,
        "Gross Profit": 18,
        "Operating Income": 6,
        "EBIT": NaN,
        "Net Income": 4
    },
    "2017-03-31": {
        "Diluted EPS": 0.36,
        "Total Revenue": 20,
        "Gross Profit": 18,
        "Operating Income": 5,
        "EBIT": NaN,
        "Net Income": 4
    },
    "2016-12-31": {
        "Diluted EPS": 0.36,
        "Total Revenue": 20,
        "Gross Profit": 17,
        "Operating Income": 3,
        "EBIT": NaN,
        "Net Income": 4
    },
    "2016-09-30": {
        "Diluted EPS": 0.35,
        "Total Revenue": 20,
        "Gross Profit": 17,
        "Operating Income": 5,
        "EBIT": NaN,
        "Net Income": 3
    },
    "2016-06-30": {
        "Diluted EPS": 0.25,
        "Total Revenue": 19,
        "Gross Profit": 17,
        "Operating Income": 3,
        "EBIT": NaN,
        "Net Income": 3
    },
    "2016-03-31": {
        "Diluted EPS": 0.27,
        "Total Revenue": 18,
        "Gross Profit": 16,
        "Operating Income": 4,
        "EBIT": NaN,
        "Net Income": 3
    },
    "2015-12-31": {
        "Diluted EPS": 0.0,
        "Total Revenue": NaN,
        "Gross Profit": NaN,
        "Operating Income": NaN,
        "EBIT": NaN,
        "Net Income": NaN
    },
    "2009-12-31": {
        "Diluted EPS": 0.0,
        "Total Revenue": NaN,
        "Gross Profit": NaN,
        "Operating Income": NaN,
        "EBIT": NaN,
        "Net Income": NaN
    }
}