{
    "2023-03-31": {
        "Tax Effect Of Unusual Items": NaN,
        "Tax Rate For Calcs": NaN,
        "Normalized EBITDA": NaN,
        "Total Unusual Items": NaN,
        "Total Unusual Items Excluding Goodwill": NaN,
        "Net Income From Continuing Operation Net Minority Interest": NaN,
        "Reconciled Depreciation": NaN,
        "Reconciled Cost Of Revenue": NaN,
        "EBITDA": NaN,
        "EBIT": NaN,
        "Net Interest Income": NaN,
        "Interest Expense": NaN,
        "Normalized Income": NaN,
        "Net Income From Continuing And Discontinued Operation": NaN,
        "Total Expenses": NaN,
        "Total Operating Income As Reported": NaN,
        "Diluted Average Shares": 8965000.0,
        "Basic Average Shares": 8965000.0,
        "Diluted EPS": -1.12,
        "Basic EPS": -1.12,
        "Diluted NI Availto Com Stockholders": NaN,
        "Net Income Common Stockholders": NaN,
        "Preferred Stock Dividends": NaN,
        "Net Income": NaN,
        "Minority Interests": NaN,
        "Net Income Including Noncontrolling Interests": NaN,
        "Net Income Continuous Operations": NaN,
        "Tax Provision": NaN,
        "Pretax Income": NaN,
        "Other Income Expense": NaN,
        "Other Non Operating Income Expenses": NaN,
        "Special Income Charges": NaN,
        "Impairment Of Capital Assets": NaN,
        "Restructuring And Mergern Acquisition": NaN,
        "Net Non Operating Interest Income Expense": NaN,
        "Interest Expense Non Operating": NaN,
        "Operating Income": NaN,
        "Operating Expense": NaN,
        "Other Operating Expenses": NaN,
        "Depreciation Amortization Depletion Income Statement": NaN,
        "Depreciation And Amortization In Income Statement": NaN,
        "Amortization": NaN,
        "Amortization Of Intangibles Income Statement": NaN,
        "Selling General And Administration": NaN,
        "Selling And Marketing Expense": NaN,
        "General And Administrative Expense": NaN,
        "Other Gand A": NaN,
        "Gross Profit": NaN,
        "Cost Of Revenue": NaN,
        "Total Revenue": NaN,
        "Operating Revenue": NaN
    },
    "2022-12-31": {
        "Tax Effect Of Unusual Items": NaN,
        "Tax Rate For Calcs": NaN,
        "Normalized EBITDA": NaN,
        "Total Unusual Items": -312000.0,
        "Total Unusual Items Excluding Goodwill": -312000.0,
        "Net Income From Continuing Operation Net Minority Interest": NaN,
        "Reconciled Depreciation": NaN,
        "Reconciled Cost Of Revenue": NaN,
        "EBITDA": NaN,
        "EBIT": NaN,
        "Net Interest Income": NaN,
        "Interest Expense": NaN,
        "Normalized Income": NaN,
        "Net Income From Continuing And Discontinued Operation": NaN,
        "Total Expenses": NaN,
        "Total Operating Income As Reported": NaN,
        "Diluted Average Shares": NaN,
        "Basic Average Shares": NaN,
        "Diluted EPS": NaN,
        "Basic EPS": NaN,
        "Diluted NI Availto Com Stockholders": NaN,
        "Net Income Common Stockholders": NaN,
        "Preferred Stock Dividends": 876000.0,
        "Net Income": NaN,
        "Minority Interests": NaN,
        "Net Income Including Noncontrolling Interests": NaN,
        "Net Income Continuous Operations": NaN,
        "Tax Provision": NaN,
        "Pretax Income": NaN,
        "Other Income Expense": NaN,
        "Other Non Operating Income Expenses": NaN,
        "Special Income Charges": -312000.0,
        "Impairment Of Capital Assets": 0.0,
        "Restructuring And Mergern Acquisition": 312000.0,
        "Net Non Operating Interest Income Expense": NaN,
        "Interest Expense Non Operating": NaN,
        "Operating Income": NaN,
        "Operating Expense": NaN,
        "Other Operating Expenses": NaN,
        "Depreciation Amortization Depletion Income Statement": NaN,
        "Depreciation And Amortization In Income Statement": NaN,
        "Amortization": NaN,
        "Amortization Of Intangibles Income Statement": NaN,
        "Selling General And Administration": NaN,
        "Selling And Marketing Expense": NaN,
        "General And Administrative Expense": NaN,
        "Other Gand A": NaN,
        "Gross Profit": NaN,
        "Cost Of Revenue": NaN,
        "Total Revenue": NaN,
        "Operating Revenue": NaN
    },
    "2022-09-30": {
        "Tax Effect Of Unusual Items": NaN,
        "Tax Rate For Calcs": NaN,
        "Normalized EBITDA": NaN,
        "Total Unusual Items": -10147000.0,
        "Total Unusual Items Excluding Goodwill": -10147000.0,
        "Net Income From Continuing Operation Net Minority Interest": NaN,
        "Reconciled Depreciation": NaN,
        "Reconciled Cost Of Revenue": NaN,
        "EBITDA": NaN,
        "EBIT": NaN,
        "Net Interest Income": NaN,
        "Interest Expense": NaN,
        "Normalized Income": NaN,
        "Net Income From Continuing And Discontinued Operation": NaN,
        "Total Expenses": NaN,
        "Total Operating Income As Reported": NaN,
        "Diluted Average Shares": NaN,
        "Basic Average Shares": NaN,
        "Diluted EPS": NaN,
        "Basic EPS": NaN,
        "Diluted NI Availto Com Stockholders": NaN,
        "Net Income Common Stockholders": NaN,
        "Preferred Stock Dividends": 67000.0,
        "Net Income": NaN,
        "Minority Interests": NaN,
        "Net Income Including Noncontrolling Interests": NaN,
        "Net Income Continuous Operations": NaN,
        "Tax Provision": NaN,
        "Pretax Income": NaN,
        "Other Income Expense": NaN,
        "Other Non Operating Income Expenses": NaN,
        "Special Income Charges": -10147000.0,
        "Impairment Of Capital Assets": 350000.0,
        "Restructuring And Mergern Acquisition": 9797000.0,
        "Net Non Operating Interest Income Expense": NaN,
        "Interest Expense Non Operating": NaN,
        "Operating Income": NaN,
        "Operating Expense": NaN,
        "Other Operating Expenses": NaN,
        "Depreciation Amortization Depletion Income Statement": NaN,
        "Depreciation And Amortization In Income Statement": NaN,
        "Amortization": NaN,
        "Amortization Of Intangibles Income Statement": NaN,
        "Selling General And Administration": NaN,
        "Selling And Marketing Expense": NaN,
        "General And Administrative Expense": NaN,
        "Other Gand A": NaN,
        "Gross Profit": NaN,
        "Cost Of Revenue": NaN,
        "Total Revenue": NaN,
        "Operating Revenue": NaN
    },
    "2022-06-30": {
        "Tax Effect Of Unusual Items": 0.0,
        "Tax Rate For Calcs": 0.0,
        "Normalized EBITDA": -49622000.0,
        "Total Unusual Items": -24995000.0,
        "Total Unusual Items Excluding Goodwill": -24995000.0,
        "Net Income From Continuing Operation Net Minority Interest": -43819000.0,
        "Reconciled Depreciation": 26411000.0,
        "Reconciled Cost Of Revenue": 48178000.0,
        "EBITDA": -74617000.0,
        "EBIT": -101028000.0,
        "Net Interest Income": -12724000.0,
        "Interest Expense": 12724000.0,
        "Normalized Income": -18824000.0,
        "Net Income From Continuing And Discontinued Operation": -43819000.0,
        "Total Expenses": 234700000.0,
        "Total Operating Income As Reported": -101041000.0,
        "Diluted Average Shares": 8296000.0,
        "Basic Average Shares": 8296000.0,
        "Diluted EPS": -5.28,
        "Basic EPS": -5.28,
        "Diluted NI Availto Com Stockholders": -43819000.0,
        "Net Income Common Stockholders": -43819000.0,
        "Preferred Stock Dividends": NaN,
        "Net Income": -43819000.0,
        "Minority Interests": 69933000.0,
        "Net Income Including Noncontrolling Interests": -113752000.0,
        "Net Income Continuous Operations": -113752000.0,
        "Tax Provision": 0.0,
        "Pretax Income": -113752000.0,
        "Other Income Expense": -24982000.0,
        "Other Non Operating Income Expenses": 13000.0,
        "Special Income Charges": -24995000.0,
        "Impairment Of Capital Assets": 24995000.0,
        "Restructuring And Mergern Acquisition": NaN,
        "Net Non Operating Interest Income Expense": -12724000.0,
        "Interest Expense Non Operating": 12724000.0,
        "Operating Income": -76046000.0,
        "Operating Expense": 183626000.0,
        "Other Operating Expenses": 77291000.0,
        "Depreciation Amortization Depletion Income Statement": 23515000.0,
        "Depreciation And Amortization In Income Statement": 23515000.0,
        "Amortization": 23515000.0,
        "Amortization Of Intangibles Income Statement": 23515000.0,
        "Selling General And Administration": 82820000.0,
        "Selling And Marketing Expense": 44714000.0,
        "General And Administrative Expense": 38106000.0,
        "Other Gand A": 38106000.0,
        "Gross Profit": 107580000.0,
        "Cost Of Revenue": 51074000.0,
        "Total Revenue": 158654000.0,
        "Operating Revenue": 158654000.0
    },
    "2022-03-31": {
        "Diluted EPS": -1.74,
        "Total Revenue": 271,
        "Gross Profit": 203,
        "Operating Income": -25,
        "EBIT": 1,
        "Net Income": -13
    },
    "2021-12-31": {
        "Diluted EPS": -22.0,
        "Total Revenue": 450,
        "Gross Profit": 350,
        "Operating Income": -423,
        "EBIT": -7,
        "Net Income": -155
    },
    "2021-09-30": {
        "Diluted EPS": -2.7,
        "Total Revenue": 212,
        "Gross Profit": 158,
        "Operating Income": -49,
        "EBIT": -21,
        "Net Income": -20
    },
    "2021-06-30": {
        "Diluted EPS": -1.8,
        "Total Revenue": 197,
        "Gross Profit": 159,
        "Operating Income": -19,
        "EBIT": 7,
        "Net Income": -12
    },
    "2021-03-31": {
        "Diluted EPS": -0.3,
        "Total Revenue": 204,
        "Gross Profit": 156,
        "Operating Income": 1,
        "EBIT": 27,
        "Net Income": -2
    },
    "2020-12-31": {
        "Diluted EPS": 6.15,
        "Total Revenue": 446,
        "Gross Profit": 351,
        "Operating Income": 142,
        "EBIT": 168,
        "Net Income": 36
    },
    "2020-09-30": {
        "Diluted EPS": -9.75,
        "Total Revenue": 163,
        "Gross Profit": 138,
        "Operating Income": -198,
        "EBIT": -172,
        "Net Income": -56
    },
    "2020-06-30": {
        "Diluted EPS": -3.52,
        "Total Revenue": 127,
        "Gross Profit": 90,
        "Operating Income": -14,
        "EBIT": 11,
        "Net Income": -23
    },
    "2020-03-31": {
        "Diluted EPS": 0.0,
        "Total Revenue": 141,
        "Gross Profit": 99,
        "Operating Income": 6,
        "EBIT": 30,
        "Net Income": -1
    },
    "2019-12-31": {
        "Diluted EPS": 0.0,
        "Total Revenue": NaN,
        "Gross Profit": NaN,
        "Operating Income": NaN,
        "EBIT": NaN,
        "Net Income": NaN
    },
    "2018-12-31": {
        "Diluted EPS": 0.0,
        "Total Revenue": NaN,
        "Gross Profit": NaN,
        "Operating Income": NaN,
        "EBIT": NaN,
        "Net Income": NaN
    },
    "2023-06-30": {
        "Tax Effect Of Unusual Items": NaN,
        "Tax Rate For Calcs": NaN,
        "Normalized EBITDA": NaN,
        "Total Unusual Items": -2687000.0,
        "Total Unusual Items Excluding Goodwill": -2687000.0,
        "Net Income From Continuing Operation Net Minority Interest": NaN,
        "Reconciled Depreciation": NaN,
        "Reconciled Cost Of Revenue": NaN,
        "EBITDA": NaN,
        "EBIT": NaN,
        "Net Interest Income": NaN,
        "Interest Expense": NaN,
        "Normalized Income": NaN,
        "Net Income From Continuing And Discontinued Operation": NaN,
        "Total Expenses": NaN,
        "Total Operating Income As Reported": NaN,
        "Diluted Average Shares": 9122000.0,
        "Basic Average Shares": 9122000.0,
        "Diluted EPS": -3.27,
        "Basic EPS": -3.27,
        "Diluted NI Availto Com Stockholders": NaN,
        "Average Dilution Earnings": NaN,
        "Net Income Common Stockholders": NaN,
        "Preferred Stock Dividends": 891000.0,
        "Net Income": NaN,
        "Minority Interests": NaN,
        "Net Income Including Noncontrolling Interests": NaN,
        "Net Income Continuous Operations": NaN,
        "Tax Provision": NaN,
        "Pretax Income": NaN,
        "Other Income Expense": NaN,
        "Other Non Operating Income Expenses": NaN,
        "Special Income Charges": -2687000.0,
        "Impairment Of Capital Assets": 2687000.0,
        "Restructuring And Mergern Acquisition": NaN,
        "Net Non Operating Interest Income Expense": NaN,
        "Interest Expense Non Operating": NaN,
        "Operating Income": NaN,
        "Operating Expense": NaN,
        "Other Operating Expenses": NaN,
        "Depreciation Amortization Depletion Income Statement": NaN,
        "Depreciation And Amortization In Income Statement": NaN,
        "Amortization": NaN,
        "Amortization Of Intangibles Income Statement": NaN,
        "Selling General And Administration": NaN,
        "Selling And Marketing Expense": NaN,
        "General And Administrative Expense": NaN,
        "Other Gand A": NaN,
        "Gross Profit": NaN,
        "Cost Of Revenue": NaN,
        "Total Revenue": NaN,
        "Operating Revenue": NaN
    },
    "2023-09-30": {
        "Tax Effect Of Unusual Items": 0.0,
        "Tax Rate For Calcs": 0.0019,
        "Normalized EBITDA": -12482000.0,
        "Total Unusual Items": 0.0,
        "Total Unusual Items Excluding Goodwill": 0.0,
        "Net Income From Continuing Operation Net Minority Interest": -23910000.0,
        "Reconciled Depreciation": 26265000.0,
        "Reconciled Cost Of Revenue": 33241000.0,
        "EBITDA": -12482000.0,
        "EBIT": -38747000.0,
        "Net Interest Income": -17565000.0,
        "Interest Expense": 17565000.0,
        "Normalized Income": -23910000.0,
        "Net Income From Continuing And Discontinued Operation": -23910000.0,
        "Total Expenses": 170013000.0,
        "Total Operating Income As Reported": -37976000.0,
        "Diluted Average Shares": 9489000.0,
        "Basic Average Shares": 9489000.0,
        "Diluted EPS": -2.61,
        "Basic EPS": -2.61,
        "Diluted NI Availto Com Stockholders": -24802000.0,
        "Average Dilution Earnings": 0.0,
        "Net Income Common Stockholders": -24802000.0,
        "Preferred Stock Dividends": 892000.0,
        "Net Income": -23910000.0,
        "Minority Interests": 32294000.0,
        "Net Income Including Noncontrolling Interests": -56204000.0,
        "Net Income Continuous Operations": -56204000.0,
        "Tax Provision": -108000.0,
        "Pretax Income": -56312000.0,
        "Other Income Expense": -771000.0,
        "Other Non Operating Income Expenses": -771000.0,
        "Special Income Charges": 0.0,
        "Impairment Of Capital Assets": 0.0,
        "Restructuring And Mergern Acquisition": 0.0,
        "Net Non Operating Interest Income Expense": -17565000.0,
        "Interest Expense Non Operating": 17565000.0,
        "Operating Income": -37976000.0,
        "Operating Expense": 134021000.0,
        "Other Operating Expenses": 58124000.0,
        "Depreciation Amortization Depletion Income Statement": 23514000.0,
        "Depreciation And Amortization In Income Statement": 23514000.0,
        "Amortization": 23514000.0,
        "Amortization Of Intangibles Income Statement": 23514000.0,
        "Selling General And Administration": 52383000.0,
        "Selling And Marketing Expense": 39416000.0,
        "General And Administrative Expense": 12967000.0,
        "Other Gand A": 12967000.0,
        "Gross Profit": 96045000.0,
        "Cost Of Revenue": 35992000.0,
        "Total Revenue": 132037000.0,
        "Operating Revenue": 131389000.0
    },
    "2023-12-31": {
        "Tax Effect Of Unusual Items": -2100000.0,
        "Tax Rate For Calcs": 0.21,
        "Normalized EBITDA": 52684000.0,
        "Total Unusual Items": -10000000.0,
        "Total Unusual Items Excluding Goodwill": -10000000.0,
        "Net Income From Continuing Operation Net Minority Interest": -1226000.0,
        "Reconciled Depreciation": 26848000.0,
        "Reconciled Cost Of Revenue": 37751000.0,
        "EBITDA": 42684000.0,
        "EBIT": 15836000.0,
        "Net Interest Income": -17751000.0,
        "Interest Expense": 17751000.0,
        "Normalized Income": 6674000.0,
        "Net Income From Continuing And Discontinued Operation": -1226000.0,
        "Total Expenses": 251637000.0,
        "Total Operating Income As Reported": 15060000.0,
        "Diluted Average Shares": NaN,
        "Basic Average Shares": NaN,
        "Diluted EPS": NaN,
        "Basic EPS": NaN,
        "Diluted NI Availto Com Stockholders": -2117000.0,
        "Average Dilution Earnings": NaN,
        "Net Income Common Stockholders": -2117000.0,
        "Preferred Stock Dividends": 891000.0,
        "Net Income": -1226000.0,
        "Minority Interests": 1068000.0,
        "Net Income Including Noncontrolling Interests": -2294000.0,
        "Net Income Continuous Operations": -2294000.0,
        "Tax Provision": 379000.0,
        "Pretax Income": -1915000.0,
        "Other Income Expense": -9224000.0,
        "Other Non Operating Income Expenses": 776000.0,
        "Special Income Charges": -10000000.0,
        "Impairment Of Capital Assets": 10000000.0,
        "Restructuring And Mergern Acquisition": 0.0,
        "Net Non Operating Interest Income Expense": -17751000.0,
        "Interest Expense Non Operating": 17751000.0,
        "Operating Income": 25060000.0,
        "Operating Expense": 210552000.0,
        "Other Operating Expenses": 86795000.0,
        "Depreciation Amortization Depletion Income Statement": 23514000.0,
        "Depreciation And Amortization In Income Statement": 23514000.0,
        "Amortization": 23514000.0,
        "Amortization Of Intangibles Income Statement": 23514000.0,
        "Selling General And Administration": 100243000.0,
        "Selling And Marketing Expense": 80614000.0,
        "General And Administrative Expense": 19629000.0,
        "Other Gand A": 19629000.0,
        "Gross Profit": 235612000.0,
        "Cost Of Revenue": 41085000.0,
        "Total Revenue": 276697000.0,
        "Operating Revenue": 275881000.0
    },
    "2024-03-31": {
        "Tax Effect Of Unusual Items": 0.0,
        "Tax Rate For Calcs": 0.0033,
        "Normalized EBITDA": 22780000.0,
        "Total Unusual Items": NaN,
        "Total Unusual Items Excluding Goodwill": NaN,
        "Net Income From Continuing Operation Net Minority Interest": -9216000.0,
        "Reconciled Depreciation": 26246000.0,
        "Reconciled Cost Of Revenue": 35281000.0,
        "EBITDA": 22780000.0,
        "EBIT": -3466000.0,
        "Net Interest Income": -17951000.0,
        "Interest Expense": 17951000.0,
        "Normalized Income": -9216000.0,
        "Net Income From Continuing And Discontinued Operation": -9216000.0,
        "Total Expenses": 189632000.0,
        "Total Operating Income As Reported": -4032000.0,
        "Diluted Average Shares": 9715000.0,
        "Basic Average Shares": 9715000.0,
        "Diluted EPS": -1.04,
        "Basic EPS": -1.04,
        "Diluted NI Availto Com Stockholders": -9216000.0,
        "Average Dilution Earnings": NaN,
        "Net Income Common Stockholders": -9216000.0,
        "Preferred Stock Dividends": NaN,
        "Net Income": -9216000.0,
        "Minority Interests": 12130000.0,
        "Net Income Including Noncontrolling Interests": -21346000.0,
        "Net Income Continuous Operations": -21346000.0,
        "Tax Provision": -71000.0,
        "Pretax Income": -21417000.0,
        "Other Income Expense": 566000.0,
        "Other Non Operating Income Expenses": 566000.0,
        "Special Income Charges": NaN,
        "Impairment Of Capital Assets": NaN,
        "Restructuring And Mergern Acquisition": NaN,
        "Net Non Operating Interest Income Expense": -17951000.0,
        "Interest Expense Non Operating": 17951000.0,
        "Operating Income": -4032000.0,
        "Operating Expense": 151619000.0,
        "Other Operating Expenses": 58411000.0,
        "Depreciation Amortization Depletion Income Statement": 23514000.0,
        "Depreciation And Amortization In Income Statement": 23514000.0,
        "Amortization": 23514000.0,
        "Amortization Of Intangibles Income Statement": 23514000.0,
        "Selling General And Administration": 69694000.0,
        "Selling And Marketing Expense": 52775000.0,
        "General And Administrative Expense": 16919000.0,
        "Other Gand A": 16919000.0,
        "Gross Profit": 147587000.0,
        "Cost Of Revenue": 38013000.0,
        "Total Revenue": 185600000.0,
        "Operating Revenue": 185026000.0
    },
    "2024-06-30": {
        "Tax Effect Of Unusual Items": 0.0,
        "Tax Rate For Calcs": 0.0007,
        "Normalized EBITDA": -14961000.0,
        "Total Unusual Items": 0.0,
        "Total Unusual Items Excluding Goodwill": 0.0,
        "Net Income From Continuing Operation Net Minority Interest": -25996000.0,
        "Reconciled Depreciation": 26297000.0,
        "Reconciled Cost Of Revenue": 17897000.0,
        "EBITDA": -14961000.0,
        "EBIT": -41258000.0,
        "Net Interest Income": -18096000.0,
        "Interest Expense": 18096000.0,
        "Normalized Income": -25996000.0,
        "Net Income From Continuing And Discontinued Operation": -25996000.0,
        "Total Expenses": 146480000.0,
        "Total Operating Income As Reported": -40610000.0,
        "Diluted Average Shares": 9973000.0,
        "Basic Average Shares": 9973000.0,
        "Diluted EPS": -2.7,
        "Basic EPS": -2.7,
        "Diluted NI Availto Com Stockholders": -26903000.0,
        "Average Dilution Earnings": NaN,
        "Net Income Common Stockholders": -26903000.0,
        "Preferred Stock Dividends": 907000.0,
        "Net Income": -25996000.0,
        "Minority Interests": 33318000.0,
        "Net Income Including Noncontrolling Interests": -59314000.0,
        "Net Income Continuous Operations": -59314000.0,
        "Tax Provision": -40000.0,
        "Pretax Income": -59354000.0,
        "Other Income Expense": -648000.0,
        "Other Non Operating Income Expenses": -648000.0,
        "Special Income Charges": 0.0,
        "Impairment Of Capital Assets": 0.0,
        "Restructuring And Mergern Acquisition": NaN,
        "Net Non Operating Interest Income Expense": -18096000.0,
        "Interest Expense Non Operating": 18096000.0,
        "Operating Income": -40610000.0,
        "Operating Expense": 125800000.0,
        "Other Operating Expenses": 47884000.0,
        "Depreciation Amortization Depletion Income Statement": 23514000.0,
        "Depreciation And Amortization In Income Statement": 23514000.0,
        "Amortization": 23514000.0,
        "Amortization Of Intangibles Income Statement": 23514000.0,
        "Selling General And Administration": 54402000.0,
        "Selling And Marketing Expense": 38004000.0,
        "General And Administrative Expense": 16398000.0,
        "Other Gand A": 16398000.0,
        "Gross Profit": 85190000.0,
        "Cost Of Revenue": 20680000.0,
        "Total Revenue": 105870000.0,
        "Operating Revenue": 105124000.0
    },
    "2024-09-30": {
        "Tax Effect Of Unusual Items": 16246230.0,
        "Tax Rate For Calcs": 0.21,
        "Normalized EBITDA": -16503000.0,
        "Total Unusual Items": 77363000.0,
        "Total Unusual Items Excluding Goodwill": 77363000.0,
        "Net Income From Continuing Operation Net Minority Interest": 6775000.0,
        "Reconciled Depreciation": 26419000.0,
        "Reconciled Cost Of Revenue": 16778000.0,
        "EBITDA": 60860000.0,
        "EBIT": 34441000.0,
        "Net Interest Income": -19086000.0,
        "Interest Expense": 19086000.0,
        "Normalized Income": -54341770.0,
        "Net Income From Continuing And Discontinued Operation": 6775000.0,
        "Total Expenses": 160964000.0,
        "Total Operating Income As Reported": -42672000.0,
        "Diluted Average Shares": 14580000.0,
        "Basic Average Shares": 10077000.0,
        "Diluted EPS": 0.46,
        "Basic EPS": 0.58,
        "Diluted NI Availto Com Stockholders": 6775000.0,
        "Average Dilution Earnings": 923000.0,
        "Net Income Common Stockholders": 5852000.0,
        "Preferred Stock Dividends": 923000.0,
        "Net Income": 6775000.0,
        "Minority Interests": -8591000.0,
        "Net Income Including Noncontrolling Interests": 15366000.0,
        "Net Income Continuous Operations": 15366000.0,
        "Tax Provision": -11000.0,
        "Pretax Income": 15355000.0,
        "Other Income Expense": 77113000.0,
        "Other Non Operating Income Expenses": -250000.0,
        "Special Income Charges": 77363000.0,
        "Impairment Of Capital Assets": 0.0,
        "Restructuring And Mergern Acquisition": -77363000.0,
        "Net Non Operating Interest Income Expense": -19086000.0,
        "Interest Expense Non Operating": 19086000.0,
        "Operating Income": -42672000.0,
        "Operating Expense": 141281000.0,
        "Other Operating Expenses": 55357000.0,
        "Depreciation Amortization Depletion Income Statement": 23514000.0,
        "Depreciation And Amortization In Income Statement": 23514000.0,
        "Amortization": 23514000.0,
        "Amortization Of Intangibles Income Statement": 23514000.0,
        "Selling General And Administration": 62410000.0,
        "Selling And Marketing Expense": 45270000.0,
        "General And Administrative Expense": 17140000.0,
        "Other Gand A": 17140000.0,
        "Gross Profit": 98609000.0,
        "Cost Of Revenue": 19683000.0,
        "Total Revenue": 118292000.0,
        "Operating Revenue": 116653000.0
    }
}