{
    "2023-06-30": {
        "Tax Effect Of Unusual Items": 480060000.0,
        "Tax Rate For Calcs": 0.4,
        "Normalized EBITDA": 496923000.0,
        "Total Unusual Items": 1200150000.0,
        "Total Unusual Items Excluding Goodwill": 1200150000.0,
        "Net Income From Continuing Operation Net Minority Interest": 556289000.0,
        "Reconciled Depreciation": 410069000.0,
        "Reconciled Cost Of Revenue": 2622280000.0,
        "EBITDA": 1697073000.0,
        "EBIT": 1287004000.0,
        "Net Interest Income": -998425000.0,
        "Interest Expense": 752405000.0,
        "Interest Income": NaN,
        "Normalized Income": -163801000.0,
        "Net Income From Continuing And Discontinued Operation": 556289000.0,
        "Total Expenses": 3885379000.0,
        "Rent Expense Supplemental": 218633000.0,
        "Total Operating Income As Reported": NaN,
        "Diluted Average Shares": 1600379000.0,
        "Basic Average Shares": 1599979500.0,
        "Diluted EPS": 0.347598,
        "Basic EPS": 0.347685,
        "Diluted NI Availto Com Stockholders": 556289000.0,
        "Net Income Common Stockholders": 556289000.0,
        "Net Income": 556289000.0,
        "Minority Interests": NaN,
        "Net Income Including Noncontrolling Interests": 556289000.0,
        "Net Income Continuous Operations": 556289000.0,
        "Tax Provision": -21690000.0,
        "Pretax Income": 534599000.0,
        "Other Income Expense": 1272477000.0,
        "Other Non Operating Income Expenses": 72327000.0,
        "Special Income Charges": 204330000.0,
        "Other Special Charges": -204330000.0,
        "Earnings From Equity Interest": NaN,
        "Gain On Sale Of Security": 995820000.0,
        "Net Non Operating Interest Income Expense": -998425000.0,
        "Total Other Finance Cost": 246020000.0,
        "Interest Expense Non Operating": 752405000.0,
        "Interest Income Non Operating": NaN,
        "Operating Income": 260547000.0,
        "Operating Expense": 884438000.0,
        "Other Operating Expenses": 81988000.0,
        "Other Taxes": NaN,
        "Depreciation Amortization Depletion Income Statement": 31408000.0,
        "Depreciation And Amortization In Income Statement": 31408000.0,
        "Selling General And Administration": 771042000.0,
        "Selling And Marketing Expense": 256984000.0,
        "General And Administrative Expense": 514058000.0,
        "Other Gand A": 317975000.0,
        "Salaries And Wages": 196083000.0,
        "Gross Profit": 1144985000.0,
        "Cost Of Revenue": 3000941000.0,
        "Total Revenue": 4145926000.0,
        "Excise Taxes": 37102000.0,
        "Operating Revenue": 4157390000.0
    },
    "2023-03-31": {
        "Tax Effect Of Unusual Items": 15425888.330354,
        "Tax Rate For Calcs": 0.027713,
        "Normalized EBITDA": 1205750000.0,
        "Total Unusual Items": 556638000.0,
        "Total Unusual Items Excluding Goodwill": 556638000.0,
        "Net Income From Continuing Operation Net Minority Interest": 619525000.0,
        "Reconciled Depreciation": 396748000.0,
        "Reconciled Cost Of Revenue": 3146892000.0,
        "EBITDA": 1762388000.0,
        "EBIT": 1365640000.0,
        "Net Interest Income": -715950000.0,
        "Interest Expense": 728457000.0,
        "Interest Income": 41415000.0,
        "Normalized Income": 78312888.330354,
        "Net Income From Continuing And Discontinued Operation": 619525000.0,
        "Total Expenses": 4123700000.0,
        "Rent Expense Supplemental": 235318000.0,
        "Total Operating Income As Reported": 796495000.0,
        "Diluted Average Shares": 1600133000.0,
        "Basic Average Shares": 1599750500.0,
        "Diluted EPS": 0.084,
        "Basic EPS": 0.084,
        "Diluted NI Availto Com Stockholders": 619525000.0,
        "Net Income Common Stockholders": 619525000.0,
        "Net Income": 619525000.0,
        "Minority Interests": NaN,
        "Net Income Including Noncontrolling Interests": 619525000.0,
        "Net Income Continuous Operations": 619525000.0,
        "Tax Provision": 17658000.0,
        "Pretax Income": 637183000.0,
        "Other Income Expense": 556638000.0,
        "Other Non Operating Income Expenses": NaN,
        "Special Income Charges": NaN,
        "Other Special Charges": NaN,
        "Earnings From Equity Interest": 0.0,
        "Gain On Sale Of Security": 556638000.0,
        "Net Non Operating Interest Income Expense": -715950000.0,
        "Total Other Finance Cost": -12507000.0,
        "Interest Expense Non Operating": 728457000.0,
        "Interest Income Non Operating": 41415000.0,
        "Operating Income": 796495000.0,
        "Operating Expense": 609787000.0,
        "Other Operating Expenses": -95756000.0,
        "Other Taxes": NaN,
        "Depreciation Amortization Depletion Income Statement": 29727000.0,
        "Depreciation And Amortization In Income Statement": 29727000.0,
        "Selling General And Administration": 675816000.0,
        "Selling And Marketing Expense": 297459000.0,
        "General And Administrative Expense": 378357000.0,
        "Other Gand A": 239094000.0,
        "Salaries And Wages": 139263000.0,
        "Gross Profit": 1406282000.0,
        "Cost Of Revenue": 3513913000.0,
        "Total Revenue": 4920195000.0,
        "Excise Taxes": 34095000.0,
        "Operating Revenue": 4920195000.0
    },
    "2022-12-31": {
        "Tax Effect Of Unusual Items": 53785129.394824,
        "Tax Rate For Calcs": 0.076397,
        "Normalized EBITDA": 739205000.0,
        "Total Unusual Items": 704022000.0,
        "Total Unusual Items Excluding Goodwill": 704022000.0,
        "Net Income From Continuing Operation Net Minority Interest": 230910000.0,
        "Reconciled Depreciation": 461821000.0,
        "Reconciled Cost Of Revenue": 2936356000.0,
        "EBITDA": 1443227000.0,
        "EBIT": 981406000.0,
        "Net Interest Income": -1085174000.0,
        "Interest Expense": 731396000.0,
        "Interest Income": 26326000.0,
        "Normalized Income": -419326870.605176,
        "Net Income From Continuing And Discontinued Operation": 230910000.0,
        "Total Expenses": 3962397000.0,
        "Rent Expense Supplemental": 236950000.0,
        "Total Operating Income As Reported": NaN,
        "Diluted Average Shares": 208756069.0,
        "Basic Average Shares": 208756069.0,
        "Diluted EPS": 1.106124,
        "Basic EPS": 1.106124,
        "Diluted NI Availto Com Stockholders": 230910000.0,
        "Net Income Common Stockholders": 230910000.0,
        "Net Income": 230910000.0,
        "Minority Interests": 0.0,
        "Net Income Including Noncontrolling Interests": 230910000.0,
        "Net Income Continuous Operations": 230910000.0,
        "Tax Provision": 19100000.0,
        "Pretax Income": 250010000.0,
        "Other Income Expense": 570969000.0,
        "Other Non Operating Income Expenses": NaN,
        "Special Income Charges": NaN,
        "Other Special Charges": NaN,
        "Earnings From Equity Interest": NaN,
        "Gain On Sale Of Security": 704022000.0,
        "Net Non Operating Interest Income Expense": -1085174000.0,
        "Total Other Finance Cost": 353778000.0,
        "Interest Expense Non Operating": 731396000.0,
        "Interest Income Non Operating": 26326000.0,
        "Operating Income": 764215000.0,
        "Operating Expense": 493984000.0,
        "Other Operating Expenses": -313065000.0,
        "Other Taxes": NaN,
        "Depreciation Amortization Depletion Income Statement": -70236000.0,
        "Depreciation And Amortization In Income Statement": -70236000.0,
        "Selling General And Administration": 877285000.0,
        "Selling And Marketing Expense": 310228000.0,
        "General And Administrative Expense": 567057000.0,
        "Other Gand A": 360120000.0,
        "Salaries And Wages": 206937000.0,
        "Gross Profit": 1258199000.0,
        "Cost Of Revenue": 3468413000.0,
        "Total Revenue": 4726612000.0,
        "Excise Taxes": NaN,
        "Operating Revenue": 4726612000.0
    },
    "2022-09-30": {
        "Tax Effect Of Unusual Items": -296468000.0,
        "Tax Rate For Calcs": 0.4,
        "Normalized EBITDA": -60262000.0,
        "Total Unusual Items": -741170000.0,
        "Total Unusual Items Excluding Goodwill": -741170000.0,
        "Net Income From Continuing Operation Net Minority Interest": -1548869000.0,
        "Reconciled Depreciation": 62170000.0,
        "Reconciled Cost Of Revenue": 3248879000.0,
        "EBITDA": -801432000.0,
        "EBIT": -863602000.0,
        "Net Interest Income": -836769000.0,
        "Interest Expense": 673613000.0,
        "Interest Income": NaN,
        "Normalized Income": -1104167000.0,
        "Net Income From Continuing And Discontinued Operation": -1548869000.0,
        "Total Expenses": 4046443000.0,
        "Rent Expense Supplemental": 202712000.0,
        "Total Operating Income As Reported": 40725000.0,
        "Diluted Average Shares": 208673257.0,
        "Basic Average Shares": 208673257.0,
        "Diluted EPS": -7.428,
        "Basic EPS": -7.428,
        "Diluted NI Availto Com Stockholders": -1548869000.0,
        "Net Income Common Stockholders": -1548869000.0,
        "Net Income": -1548869000.0,
        "Minority Interests": 0.0,
        "Net Income Including Noncontrolling Interests": -1548869000.0,
        "Net Income Continuous Operations": -1548869000.0,
        "Tax Provision": 11654000.0,
        "Pretax Income": -1537215000.0,
        "Other Income Expense": -663608000.0,
        "Other Non Operating Income Expenses": 77562000.0,
        "Special Income Charges": NaN,
        "Other Special Charges": NaN,
        "Earnings From Equity Interest": NaN,
        "Gain On Sale Of Security": -741170000.0,
        "Net Non Operating Interest Income Expense": -836769000.0,
        "Total Other Finance Cost": 163156000.0,
        "Interest Expense Non Operating": 673613000.0,
        "Interest Income Non Operating": NaN,
        "Operating Income": -36837000.0,
        "Operating Expense": 797564000.0,
        "Other Operating Expenses": 134696000.0,
        "Other Taxes": 0.0,
        "Depreciation Amortization Depletion Income Statement": 62170000.0,
        "Depreciation And Amortization In Income Statement": 62170000.0,
        "Selling General And Administration": 600698000.0,
        "Selling And Marketing Expense": 275875000.0,
        "General And Administrative Expense": 324823000.0,
        "Other Gand A": 178250000.0,
        "Salaries And Wages": 146573000.0,
        "Gross Profit": 760727000.0,
        "Cost Of Revenue": 3248879000.0,
        "Total Revenue": 4009606000.0,
        "Excise Taxes": NaN,
        "Operating Revenue": 4009606000.0
    },
    "2022-06-30": {
        "Tax Effect Of Unusual Items": -77443585.366897,
        "Tax Rate For Calcs": 0.039541,
        "Normalized EBITDA": 14920000.0,
        "Total Unusual Items": -1958572000.0,
        "Total Unusual Items Excluding Goodwill": -1958572000.0,
        "Net Income From Continuing Operation Net Minority Interest": -2851099000.0,
        "Reconciled Depreciation": 427249000.0,
        "Reconciled Cost Of Revenue": 2358120000.0,
        "EBITDA": -1943652000.0,
        "EBIT": -2370901000.0,
        "Net Interest Income": -817989000.0,
        "Interest Expense": 597574000.0,
        "Interest Income": NaN,
        "Normalized Income": -969970585.366897,
        "Net Income From Continuing And Discontinued Operation": -2851099000.0,
        "Total Expenses": 3433969000.0,
        "Rent Expense Supplemental": 172110000.0,
        "Total Operating Income As Reported": -191914000.0,
        "Diluted Average Shares": 1593543500.0,
        "Basic Average Shares": 1593543500.0,
        "Diluted EPS": -1.789157,
        "Basic EPS": -1.789157,
        "Diluted NI Availto Com Stockholders": -2851099000.0,
        "Net Income Common Stockholders": -2851099000.0,
        "Net Income": -2851099000.0,
        "Minority Interests": 0.0,
        "Net Income Including Noncontrolling Interests": -2851099000.0,
        "Net Income Continuous Operations": -2851099000.0,
        "Tax Provision": -117376000.0,
        "Pretax Income": -2968475000.0,
        "Other Income Expense": -1958572000.0,
        "Other Non Operating Income Expenses": NaN,
        "Special Income Charges": 0.0,
        "Other Special Charges": NaN,
        "Earnings From Equity Interest": NaN,
        "Gain On Sale Of Security": -1958572000.0,
        "Net Non Operating Interest Income Expense": -817989000.0,
        "Total Other Finance Cost": 220415000.0,
        "Interest Expense Non Operating": 597574000.0,
        "Interest Income Non Operating": NaN,
        "Operating Income": -191914000.0,
        "Operating Expense": 715811000.0,
        "Other Operating Expenses": 63158000.0,
        "Other Taxes": 0.0,
        "Depreciation Amortization Depletion Income Statement": 67211000.0,
        "Depreciation And Amortization In Income Statement": 67211000.0,
        "Selling General And Administration": 585442000.0,
        "Selling And Marketing Expense": 301325000.0,
        "General And Administrative Expense": 284117000.0,
        "Other Gand A": 147784000.0,
        "Salaries And Wages": 136333000.0,
        "Gross Profit": 523897000.0,
        "Cost Of Revenue": 2718158000.0,
        "Total Revenue": 3242055000.0,
        "Excise Taxes": 125882000.0,
        "Operating Revenue": 3242055000.0
    },
    "2022-03-31": {
        "Diluted EPS": 2.53,
        "Total Revenue": 616,
        "Gross Profit": 616,
        "Operating Income": 15,
        "EBIT": 63,
        "Net Income": 499
    },
    "2021-12-31": {
        "Diluted EPS": -2.07,
        "Total Revenue": 530,
        "Gross Profit": 530,
        "Operating Income": -318,
        "EBIT": -293,
        "Net Income": -513
    },
    "2021-09-30": {
        "Diluted EPS": -3.09,
        "Total Revenue": 367,
        "Gross Profit": 14,
        "Operating Income": -144,
        "EBIT": -100,
        "Net Income": -484
    },
    "2021-06-30": {
        "Diluted EPS": 0.67,
        "Total Revenue": 194,
        "Gross Profit": 194,
        "Operating Income": -153,
        "EBIT": -162,
        "Net Income": 121
    },
    "2021-03-31": {
        "Diluted EPS": -2.6,
        "Total Revenue": 287,
        "Gross Profit": -12,
        "Operating Income": -96,
        "EBIT": -34,
        "Net Income": -463
    },
    "2020-12-31": {
        "Diluted EPS": 5.66,
        "Total Revenue": 277,
        "Gross Profit": 277,
        "Operating Income": -107,
        "EBIT": -18,
        "Net Income": 48
    },
    "2020-09-30": {
        "Diluted EPS": -6.59,
        "Total Revenue": 181,
        "Gross Profit": 3,
        "Operating Income": -142,
        "EBIT": -58,
        "Net Income": -320
    },
    "2020-06-30": {
        "Diluted EPS": -2.69,
        "Total Revenue": 67,
        "Gross Profit": -27,
        "Operating Income": -167,
        "EBIT": -97,
        "Net Income": -372
    },
    "2020-03-31": {
        "Diluted EPS": -2.91,
        "Total Revenue": 711,
        "Gross Profit": 128,
        "Operating Income": 232,
        "EBIT": 351,
        "Net Income": -517
    },
    "2019-12-31": {
        "Diluted EPS": 0.69,
        "Total Revenue": 923,
        "Gross Profit": 923,
        "Operating Income": 170,
        "EBIT": 287,
        "Net Income": 90
    },
    "2019-09-30": {
        "Diluted EPS": -0.52,
        "Total Revenue": 936,
        "Gross Profit": 936,
        "Operating Income": 155,
        "EBIT": 266,
        "Net Income": -61
    },
    "2019-06-30": {
        "Diluted EPS": -0.28,
        "Total Revenue": 801,
        "Gross Profit": 173,
        "Operating Income": 81,
        "EBIT": 183,
        "Net Income": -50
    },
    "2019-03-31": {
        "Diluted EPS": -0.05,
        "Total Revenue": 852,
        "Gross Profit": 852,
        "Operating Income": 134,
        "EBIT": 242,
        "Net Income": -9
    },
    "2018-12-31": {
        "Diluted EPS": 0.83,
        "Total Revenue": 819,
        "Gross Profit": 819,
        "Operating Income": 170,
        "EBIT": 228,
        "Net Income": 131
    },
    "2018-09-30": {
        "Diluted EPS": -0.61,
        "Total Revenue": 735,
        "Gross Profit": 141,
        "Operating Income": 46,
        "EBIT": 82,
        "Net Income": -104
    },
    "2018-06-30": {
        "Diluted EPS": -2.18,
        "Total Revenue": 655,
        "Gross Profit": 108,
        "Operating Income": 12,
        "EBIT": 53,
        "Net Income": -369
    },
    "2018-03-31": {
        "Diluted EPS": 0.26,
        "Total Revenue": 914,
        "Gross Profit": 260,
        "Operating Income": 155,
        "EBIT": 202,
        "Net Income": 45
    },
    "2017-12-31": {
        "Diluted EPS": 0.0,
        "Total Revenue": 914,
        "Gross Profit": 914,
        "Operating Income": 101,
        "EBIT": 145,
        "Net Income": -1
    },
    "2017-09-30": {
        "Diluted EPS": 0.59,
        "Total Revenue": 860,
        "Gross Profit": 860,
        "Operating Income": 102,
        "EBIT": 146,
        "Net Income": 104
    },
    "2017-06-30": {
        "Diluted EPS": -0.85,
        "Total Revenue": 696,
        "Gross Profit": 668,
        "Operating Income": 26,
        "EBIT": 63,
        "Net Income": -148
    },
    "2017-03-31": {
        "Diluted EPS": 0.29,
        "Total Revenue": 842,
        "Gross Profit": 216,
        "Operating Income": 81,
        "EBIT": 115,
        "Net Income": 51
    },
    "2016-12-31": {
        "Diluted EPS": 1.29,
        "Total Revenue": 794,
        "Gross Profit": 794,
        "Operating Income": 63,
        "EBIT": 91,
        "Net Income": -29
    },
    "2016-09-30": {
        "Diluted EPS": 0.12,
        "Total Revenue": 741,
        "Gross Profit": 741,
        "Operating Income": 72,
        "EBIT": 72,
        "Net Income": 20
    },
    "2016-06-30": {
        "Diluted EPS": 0.0,
        "Total Revenue": 597,
        "Gross Profit": 597,
        "Operating Income": -49,
        "EBIT": -49,
        "Net Income": 72
    },
    "2016-03-31": {
        "Diluted EPS": 0.0,
        "Total Revenue": 697,
        "Gross Profit": 697,
        "Operating Income": 114,
        "EBIT": 114,
        "Net Income": 181
    },
    "2015-12-31": {
        "Diluted EPS": -1.77,
        "Total Revenue": 690,
        "Gross Profit": 299,
        "Operating Income": -88,
        "EBIT": -46,
        "Net Income": -307
    },
    "2015-09-30": {
        "Diluted EPS": -4.26,
        "Total Revenue": 709,
        "Gross Profit": 327,
        "Operating Income": 48,
        "EBIT": 135,
        "Net Income": -620
    },
    "2015-06-30": {
        "Diluted EPS": -0.94,
        "Total Revenue": 694,
        "Gross Profit": 174,
        "Operating Income": -81,
        "EBIT": -81,
        "Net Income": -129
    },
    "2015-03-31": {
        "Diluted EPS": -1.62,
        "Total Revenue": 834,
        "Gross Profit": 278,
        "Operating Income": 7,
        "EBIT": 7,
        "Net Income": -235
    },
    "2014-12-31": {
        "Diluted EPS": -1.28,
        "Total Revenue": 710,
        "Gross Profit": 19,
        "Operating Income": -449,
        "EBIT": -414,
        "Net Income": -174
    },
    "2014-09-30": {
        "Diluted EPS": -0.76,
        "Total Revenue": 960,
        "Gross Profit": 342,
        "Operating Income": -5,
        "EBIT": 42,
        "Net Income": -106
    },
    "2014-06-30": {
        "Diluted EPS": -0.54,
        "Total Revenue": NaN,
        "Gross Profit": 420,
        "Operating Income": 42,
        "EBIT": 101,
        "Net Income": -76
    },
    "2014-03-31": {
        "Diluted EPS": -0.42,
        "Total Revenue": NaN,
        "Gross Profit": 516,
        "Operating Income": 166,
        "EBIT": 223,
        "Net Income": -59
    },
    "2013-12-31": {
        "Diluted EPS": -0.06,
        "Total Revenue": NaN,
        "Gross Profit": 937,
        "Operating Income": NaN,
        "EBIT": NaN,
        "Net Income": -9
    },
    "2013-09-30": {
        "Diluted EPS": -0.62,
        "Total Revenue": 959,
        "Gross Profit": 367,
        "Operating Income": -2,
        "EBIT": 55,
        "Net Income": -96
    },
    "2013-06-30": {
        "Diluted EPS": -1.38,
        "Total Revenue": 841,
        "Gross Profit": 241,
        "Operating Income": -106,
        "EBIT": -51,
        "Net Income": -197
    },
    "2013-03-31": {
        "Diluted EPS": -0.26,
        "Total Revenue": NaN,
        "Gross Profit": 39,
        "Operating Income": -955,
        "EBIT": -899,
        "Net Income": -37
    },
    "2012-12-31": {
        "Diluted EPS": -1.64,
        "Total Revenue": NaN,
        "Gross Profit": -444,
        "Operating Income": -128,
        "EBIT": -45,
        "Net Income": -222
    },
    "2012-09-30": {
        "Diluted EPS": -1.1,
        "Total Revenue": 963,
        "Gross Profit": 233,
        "Operating Income": -118,
        "EBIT": -63,
        "Net Income": -150
    },
    "2012-06-30": {
        "Diluted EPS": -2.64,
        "Total Revenue": 904,
        "Gross Profit": 91,
        "Operating Income": -216,
        "EBIT": -155,
        "Net Income": -353
    },
    "2012-03-31": {
        "Diluted EPS": -0.18,
        "Total Revenue": NaN,
        "Gross Profit": 423,
        "Operating Income": -31,
        "EBIT": 37,
        "Net Income": -23
    },
    "2011-12-31": {
        "Diluted EPS": 0.38,
        "Total Revenue": NaN,
        "Gross Profit": 113,
        "Operating Income": 339,
        "EBIT": 409,
        "Net Income": 50
    },
    "2011-09-30": {
        "Diluted EPS": -2.18,
        "Total Revenue": NaN,
        "Gross Profit": 337,
        "Operating Income": -137,
        "EBIT": -83,
        "Net Income": -293
    },
    "2011-06-30": {
        "Diluted EPS": -1.62,
        "Total Revenue": 961,
        "Gross Profit": 294,
        "Operating Income": -191,
        "EBIT": -132,
        "Net Income": -220
    },
    "2011-03-31": {
        "Diluted EPS": 0.14,
        "Total Revenue": NaN,
        "Gross Profit": 590,
        "Operating Income": 47,
        "EBIT": 102,
        "Net Income": 19
    },
    "2010-12-31": {
        "Diluted EPS": 0.58,
        "Total Revenue": NaN,
        "Gross Profit": 485,
        "Operating Income": 296,
        "EBIT": 219,
        "Net Income": 79
    },
    "2010-09-30": {
        "Diluted EPS": 0.48,
        "Total Revenue": NaN,
        "Gross Profit": 521,
        "Operating Income": 177,
        "EBIT": 215,
        "Net Income": 64
    },
    "2010-06-30": {
        "Diluted EPS": -0.22,
        "Total Revenue": 903,
        "Gross Profit": 353,
        "Operating Income": 43,
        "EBIT": 88,
        "Net Income": -29
    },
    "2010-03-31": {
        "Diluted EPS": 0.1,
        "Total Revenue": 965,
        "Gross Profit": 538,
        "Operating Income": 107,
        "EBIT": 142,
        "Net Income": 13
    },
    "2009-12-31": {
        "Diluted EPS": 1.84,
        "Total Revenue": 911,
        "Gross Profit": 143,
        "Operating Income": 52,
        "EBIT": 63,
        "Net Income": 224
    },
    "2009-09-30": {
        "Diluted EPS": 0.4,
        "Total Revenue": 873,
        "Gross Profit": 521,
        "Operating Income": 122,
        "EBIT": 151,
        "Net Income": 45
    },
    "2009-06-30": {
        "Diluted EPS": 1.64,
        "Total Revenue": 714,
        "Gross Profit": 426,
        "Operating Income": 84,
        "EBIT": 101,
        "Net Income": 181
    },
    "2009-03-31": {
        "Diluted EPS": 0.24,
        "Total Revenue": 728,
        "Gross Profit": 443,
        "Operating Income": 115,
        "EBIT": 131,
        "Net Income": 29
    }
}