{
    "2023-03-31": {
        "Tax Effect Of Unusual Items": NaN,
        "Tax Rate For Calcs": NaN,
        "Normalized EBITDA": NaN,
        "Total Unusual Items": NaN,
        "Total Unusual Items Excluding Goodwill": NaN,
        "Net Income From Continuing Operation Net Minority Interest": NaN,
        "Reconciled Depreciation": NaN,
        "Reconciled Cost Of Revenue": NaN,
        "EBITDA": NaN,
        "EBIT": NaN,
        "Net Interest Income": NaN,
        "Interest Expense": NaN,
        "Interest Income": NaN,
        "Normalized Income": NaN,
        "Net Income From Continuing And Discontinued Operation": NaN,
        "Total Expenses": NaN,
        "Total Operating Income As Reported": NaN,
        "Diluted Average Shares": 104519045.0,
        "Basic Average Shares": 104519045.0,
        "Diluted EPS": -0.03,
        "Basic EPS": -0.03,
        "Diluted NI Availto Com Stockholders": NaN,
        "Net Income Common Stockholders": NaN,
        "Net Income": NaN,
        "Minority Interests": NaN,
        "Net Income Including Noncontrolling Interests": NaN,
        "Net Income Continuous Operations": NaN,
        "Tax Provision": NaN,
        "Pretax Income": NaN,
        "Other Income Expense": NaN,
        "Special Income Charges": NaN,
        "Restructuring And Mergern Acquisition": NaN,
        "Gain On Sale Of Security": NaN,
        "Net Non Operating Interest Income Expense": NaN,
        "Total Other Finance Cost": NaN,
        "Interest Expense Non Operating": NaN,
        "Interest Income Non Operating": NaN,
        "Operating Income": NaN,
        "Operating Expense": NaN,
        "Selling General And Administration": NaN,
        "Gross Profit": NaN,
        "Cost Of Revenue": NaN,
        "Total Revenue": NaN,
        "Operating Revenue": NaN
    },
    "2022-12-31": {
        "Tax Effect Of Unusual Items": NaN,
        "Tax Rate For Calcs": NaN,
        "Normalized EBITDA": NaN,
        "Total Unusual Items": NaN,
        "Total Unusual Items Excluding Goodwill": NaN,
        "Net Income From Continuing Operation Net Minority Interest": NaN,
        "Reconciled Depreciation": NaN,
        "Reconciled Cost Of Revenue": NaN,
        "EBITDA": NaN,
        "EBIT": NaN,
        "Net Interest Income": NaN,
        "Interest Expense": NaN,
        "Interest Income": NaN,
        "Normalized Income": NaN,
        "Net Income From Continuing And Discontinued Operation": NaN,
        "Total Expenses": NaN,
        "Total Operating Income As Reported": NaN,
        "Diluted Average Shares": 105668608.0,
        "Basic Average Shares": 105146788.0,
        "Diluted EPS": 1.28,
        "Basic EPS": 1.28,
        "Diluted NI Availto Com Stockholders": NaN,
        "Net Income Common Stockholders": NaN,
        "Net Income": NaN,
        "Minority Interests": NaN,
        "Net Income Including Noncontrolling Interests": NaN,
        "Net Income Continuous Operations": NaN,
        "Tax Provision": NaN,
        "Pretax Income": NaN,
        "Other Income Expense": NaN,
        "Special Income Charges": NaN,
        "Restructuring And Mergern Acquisition": NaN,
        "Gain On Sale Of Security": 4100000.0,
        "Net Non Operating Interest Income Expense": NaN,
        "Total Other Finance Cost": NaN,
        "Interest Expense Non Operating": NaN,
        "Interest Income Non Operating": NaN,
        "Operating Income": NaN,
        "Operating Expense": NaN,
        "Selling General And Administration": NaN,
        "Gross Profit": NaN,
        "Cost Of Revenue": NaN,
        "Total Revenue": NaN,
        "Operating Revenue": NaN
    },
    "2022-09-30": {
        "Tax Effect Of Unusual Items": 800000.0,
        "Tax Rate For Calcs": 0.4,
        "Normalized EBITDA": 30600000.0,
        "Total Unusual Items": 2000000.0,
        "Total Unusual Items Excluding Goodwill": 2000000.0,
        "Net Income From Continuing Operation Net Minority Interest": 3300000.0,
        "Reconciled Depreciation": 26400000.0,
        "Reconciled Cost Of Revenue": 111400000.0,
        "EBITDA": 32600000.0,
        "EBIT": 6200000.0,
        "Net Interest Income": -8800000.0,
        "Interest Expense": 8300000.0,
        "Interest Income": 100000.0,
        "Normalized Income": 2100000.0,
        "Net Income From Continuing And Discontinued Operation": 3300000.0,
        "Total Expenses": 272500000.0,
        "Total Operating Income As Reported": 4700000.0,
        "Diluted Average Shares": 105864969.0,
        "Basic Average Shares": 105334265.0,
        "Diluted EPS": 0.03,
        "Basic EPS": 0.03,
        "Diluted NI Availto Com Stockholders": 3300000.0,
        "Net Income Common Stockholders": 3300000.0,
        "Net Income": 3300000.0,
        "Minority Interests": -1700000.0,
        "Net Income Including Noncontrolling Interests": 5000000.0,
        "Net Income Continuous Operations": 5000000.0,
        "Tax Provision": -7100000.0,
        "Pretax Income": -2100000.0,
        "Other Income Expense": 2000000.0,
        "Special Income Charges": 2000000.0,
        "Restructuring And Mergern Acquisition": -2000000.0,
        "Gain On Sale Of Security": NaN,
        "Net Non Operating Interest Income Expense": -8800000.0,
        "Total Other Finance Cost": 600000.0,
        "Interest Expense Non Operating": 8300000.0,
        "Interest Income Non Operating": 100000.0,
        "Operating Income": 4700000.0,
        "Operating Expense": 161100000.0,
        "Selling General And Administration": 161100000.0,
        "Gross Profit": 165800000.0,
        "Cost Of Revenue": 111400000.0,
        "Total Revenue": 277200000.0,
        "Operating Revenue": 277200000.0
    },
    "2022-06-30": {
        "Tax Effect Of Unusual Items": 0.0,
        "Tax Rate For Calcs": 0.278,
        "Normalized EBITDA": -55300000.0,
        "Total Unusual Items": 0.0,
        "Total Unusual Items Excluding Goodwill": 0.0,
        "Net Income From Continuing Operation Net Minority Interest": -62400000.0,
        "Reconciled Depreciation": 25800000.0,
        "Reconciled Cost Of Revenue": 27200000.0,
        "EBITDA": -55300000.0,
        "EBIT": -81100000.0,
        "Net Interest Income": -7400000.0,
        "Interest Expense": 7000000.0,
        "Interest Income": 100000.0,
        "Normalized Income": -62400000.0,
        "Net Income From Continuing And Discontinued Operation": -62400000.0,
        "Total Expenses": 150600000.0,
        "Total Operating Income As Reported": -80700000.0,
        "Diluted Average Shares": 105234474.0,
        "Basic Average Shares": 105234474.0,
        "Diluted EPS": -0.59,
        "Basic EPS": -0.59,
        "Diluted NI Availto Com Stockholders": -62400000.0,
        "Net Income Common Stockholders": -62400000.0,
        "Net Income": -62400000.0,
        "Minority Interests": 1200000.0,
        "Net Income Including Noncontrolling Interests": -63600000.0,
        "Net Income Continuous Operations": -63600000.0,
        "Tax Provision": -24500000.0,
        "Pretax Income": -88100000.0,
        "Other Income Expense": NaN,
        "Special Income Charges": 0.0,
        "Restructuring And Mergern Acquisition": NaN,
        "Gain On Sale Of Security": NaN,
        "Net Non Operating Interest Income Expense": -7400000.0,
        "Total Other Finance Cost": 500000.0,
        "Interest Expense Non Operating": 7000000.0,
        "Interest Income Non Operating": 100000.0,
        "Operating Income": -80700000.0,
        "Operating Expense": 123400000.0,
        "Selling General And Administration": 123400000.0,
        "Gross Profit": 42700000.0,
        "Cost Of Revenue": 27200000.0,
        "Total Revenue": 69900000.0,
        "Operating Revenue": 69900000.0
    },
    "2023-06-30": {
        "Tax Effect Of Unusual Items": NaN,
        "Tax Rate For Calcs": NaN,
        "Normalized EBITDA": NaN,
        "Total Unusual Items": NaN,
        "Total Unusual Items Excluding Goodwill": NaN,
        "Net Income From Continuing Operation Net Minority Interest": NaN,
        "Reconciled Depreciation": NaN,
        "Reconciled Cost Of Revenue": NaN,
        "EBITDA": NaN,
        "EBIT": NaN,
        "Net Interest Income": NaN,
        "Interest Expense": NaN,
        "Interest Income": NaN,
        "Normalized Income": NaN,
        "Net Income From Continuing And Discontinued Operation": NaN,
        "Total Expenses": NaN,
        "Total Operating Income As Reported": NaN,
        "Diluted Average Shares": 103710762.0,
        "Basic Average Shares": 103710762.0,
        "Diluted EPS": -0.78,
        "Basic EPS": -0.78,
        "Diluted NI Availto Com Stockholders": NaN,
        "Net Income Common Stockholders": NaN,
        "Net Income": NaN,
        "Minority Interests": NaN,
        "Net Income Including Noncontrolling Interests": NaN,
        "Net Income Continuous Operations": NaN,
        "Tax Provision": NaN,
        "Pretax Income": NaN,
        "Other Income Expense": NaN,
        "Special Income Charges": NaN,
        "Restructuring And Mergern Acquisition": NaN,
        "Gain On Sale Of Security": NaN,
        "Net Non Operating Interest Income Expense": NaN,
        "Total Other Finance Cost": NaN,
        "Interest Expense Non Operating": NaN,
        "Interest Income Non Operating": NaN,
        "Operating Income": NaN,
        "Operating Expense": NaN,
        "Selling General And Administration": NaN,
        "Gross Profit": NaN,
        "Cost Of Revenue": NaN,
        "Total Revenue": NaN,
        "Operating Revenue": NaN
    },
    "2022-03-31": {
        "Diluted EPS": -0.07,
        "Total Revenue": 180,
        "Gross Profit": 125,
        "Operating Income": 2,
        "EBIT": 18,
        "Net Income": -6
    },
    "2021-12-31": {
        "Diluted EPS": 1.12,
        "Total Revenue": 465,
        "Gross Profit": 328,
        "Operating Income": 163,
        "EBIT": 185,
        "Net Income": 121
    },
    "2021-09-30": {
        "Diluted EPS": 0.06,
        "Total Revenue": 185,
        "Gross Profit": 107,
        "Operating Income": 9,
        "EBIT": 29,
        "Net Income": 7
    },
    "2021-06-30": {
        "Diluted EPS": -0.42,
        "Total Revenue": 46,
        "Gross Profit": 25,
        "Operating Income": -49,
        "EBIT": -30,
        "Net Income": -46
    },
    "2021-03-31": {
        "Diluted EPS": 0.01,
        "Total Revenue": 156,
        "Gross Profit": 103,
        "Operating Income": 2,
        "EBIT": 19,
        "Net Income": -1
    },
    "2020-12-31": {
        "Diluted EPS": 0.74,
        "Total Revenue": 364,
        "Gross Profit": 243,
        "Operating Income": 118,
        "EBIT": 137,
        "Net Income": 82
    },
    "2020-09-30": {
        "Diluted EPS": 0.07,
        "Total Revenue": 146,
        "Gross Profit": 71,
        "Operating Income": 11,
        "EBIT": 26,
        "Net Income": 8
    },
    "2020-06-30": {
        "Diluted EPS": -0.33,
        "Total Revenue": 19,
        "Gross Profit": 3,
        "Operating Income": -43,
        "EBIT": -29,
        "Net Income": -36
    },
    "2020-03-31": {
        "Diluted EPS": -0.0,
        "Total Revenue": 102,
        "Gross Profit": 68,
        "Operating Income": -14,
        "EBIT": 0,
        "Net Income": 1
    },
    "2019-12-31": {
        "Diluted EPS": 0.81,
        "Total Revenue": 343,
        "Gross Profit": 226,
        "Operating Income": 122,
        "EBIT": 135,
        "Net Income": 89
    },
    "2019-09-30": {
        "Diluted EPS": 0.42,
        "Total Revenue": 223,
        "Gross Profit": 122,
        "Operating Income": 57,
        "EBIT": 68,
        "Net Income": 46
    },
    "2019-06-30": {
        "Diluted EPS": -0.2,
        "Total Revenue": 53,
        "Gross Profit": 31,
        "Operating Income": -21,
        "EBIT": -11,
        "Net Income": -22
    },
    "2019-03-31": {
        "Diluted EPS": 0.06,
        "Total Revenue": 120,
        "Gross Profit": 79,
        "Operating Income": 10,
        "EBIT": 15,
        "Net Income": 7
    },
    "2018-12-31": {
        "Diluted EPS": 0.7,
        "Total Revenue": 302,
        "Gross Profit": 195,
        "Operating Income": 106,
        "EBIT": 111,
        "Net Income": 78
    },
    "2018-09-30": {
        "Diluted EPS": 0.34,
        "Total Revenue": 176,
        "Gross Profit": 98,
        "Operating Income": 50,
        "EBIT": 53,
        "Net Income": 38
    },
    "2018-06-30": {
        "Diluted EPS": -0.13,
        "Total Revenue": 35,
        "Gross Profit": 22,
        "Operating Income": -15,
        "EBIT": -12,
        "Net Income": -14
    },
    "2018-03-31": {
        "Diluted EPS": 0.05,
        "Total Revenue": 94,
        "Gross Profit": 59,
        "Operating Income": 10,
        "EBIT": 13,
        "Net Income": 5
    },
    "2017-12-31": {
        "Diluted EPS": 0.44,
        "Total Revenue": 209,
        "Gross Profit": 133,
        "Operating Income": 71,
        "EBIT": 73,
        "Net Income": 50
    },
    "2017-09-30": {
        "Diluted EPS": 0.26,
        "Total Revenue": 138,
        "Gross Profit": 69,
        "Operating Income": 38,
        "EBIT": 41,
        "Net Income": 30
    },
    "2017-06-30": {
        "Diluted EPS": -0.08,
        "Total Revenue": 21,
        "Gross Profit": 10,
        "Operating Income": -11,
        "EBIT": -9,
        "Net Income": -9
    },
    "2017-03-31": {
        "Diluted EPS": -0.18,
        "Total Revenue": 39,
        "Gross Profit": 39,
        "Operating Income": 39,
        "EBIT": 39,
        "Net Income": -18
    },
    "2016-06-30": {
        "Diluted EPS": -0.11,
        "Total Revenue": 12,
        "Gross Profit": 12,
        "Operating Income": 12,
        "EBIT": 12,
        "Net Income": -11
    },
    "2016-03-31": {
        "Diluted EPS": -0.07,
        "Total Revenue": 31,
        "Gross Profit": 31,
        "Operating Income": 31,
        "EBIT": 31,
        "Net Income": -7
    },
    "2023-09-30": {
        "Tax Effect Of Unusual Items": -960000.0,
        "Tax Rate For Calcs": 0.4,
        "Normalized EBITDA": 32400000.0,
        "Total Unusual Items": -2400000.0,
        "Total Unusual Items Excluding Goodwill": -2400000.0,
        "Net Income From Continuing Operation Net Minority Interest": 3900000.0,
        "Reconciled Depreciation": 30600000.0,
        "Reconciled Cost Of Revenue": 101600000.0,
        "EBITDA": 30000000.0,
        "EBIT": -600000.0,
        "Net Interest Income": -11200000.0,
        "Interest Expense": 10700000.0,
        "Interest Income": 100000.0,
        "Normalized Income": 5340000.0,
        "Net Income From Continuing And Discontinued Operation": 3900000.0,
        "Total Expenses": 278800000.0,
        "Total Operating Income As Reported": 2300000.0,
        "Diluted Average Shares": 103586542.0,
        "Basic Average Shares": 102468461.0,
        "Diluted EPS": 0.04,
        "Basic EPS": 0.04,
        "Diluted NI Availto Com Stockholders": 3900000.0,
        "Net Income Common Stockholders": 3900000.0,
        "Net Income": 3900000.0,
        "Minority Interests": -200000.0,
        "Net Income Including Noncontrolling Interests": 4100000.0,
        "Net Income Continuous Operations": 4100000.0,
        "Tax Provision": -15400000.0,
        "Pretax Income": -11300000.0,
        "Other Income Expense": -2400000.0,
        "Special Income Charges": 2000000.0,
        "Restructuring And Mergern Acquisition": -2000000.0,
        "Gain On Sale Of Security": -4400000.0,
        "Net Non Operating Interest Income Expense": -11200000.0,
        "Total Other Finance Cost": 600000.0,
        "Interest Expense Non Operating": 10700000.0,
        "Interest Income Non Operating": 100000.0,
        "Operating Income": 2300000.0,
        "Operating Expense": 177200000.0,
        "Selling General And Administration": 177200000.0,
        "Gross Profit": 179500000.0,
        "Cost Of Revenue": 101600000.0,
        "Total Revenue": 281100000.0,
        "Operating Revenue": 281100000.0
    },
    "2023-12-31": {
        "Tax Effect Of Unusual Items": -1001000.0,
        "Tax Rate For Calcs": 0.286,
        "Normalized EBITDA": 230500000.0,
        "Total Unusual Items": -3500000.0,
        "Total Unusual Items Excluding Goodwill": -3500000.0,
        "Net Income From Continuing Operation Net Minority Interest": 130600000.0,
        "Reconciled Depreciation": 32200000.0,
        "Reconciled Cost Of Revenue": 160200000.0,
        "EBITDA": 227000000.0,
        "EBIT": 194800000.0,
        "Net Interest Income": -11300000.0,
        "Interest Expense": 10800000.0,
        "Interest Income": 100000.0,
        "Normalized Income": 133099000.0,
        "Net Income From Continuing And Discontinued Operation": 130600000.0,
        "Total Expenses": 411100000.0,
        "Total Operating Income As Reported": 198800000.0,
        "Diluted Average Shares": 101308836.0,
        "Basic Average Shares": 100253473.0,
        "Diluted EPS": 1.29,
        "Basic EPS": 1.3,
        "Diluted NI Availto Com Stockholders": 130600000.0,
        "Net Income Common Stockholders": 130600000.0,
        "Net Income": 130600000.0,
        "Minority Interests": -800000.0,
        "Net Income Including Noncontrolling Interests": 131400000.0,
        "Net Income Continuous Operations": 131400000.0,
        "Tax Provision": 52600000.0,
        "Pretax Income": 184000000.0,
        "Other Income Expense": -3500000.0,
        "Special Income Charges": 1900000.0,
        "Restructuring And Mergern Acquisition": -1900000.0,
        "Gain On Sale Of Security": -5400000.0,
        "Net Non Operating Interest Income Expense": -11300000.0,
        "Total Other Finance Cost": 600000.0,
        "Interest Expense Non Operating": 10800000.0,
        "Interest Income Non Operating": 100000.0,
        "Operating Income": 198800000.0,
        "Operating Expense": 250900000.0,
        "Selling General And Administration": 250900000.0,
        "Gross Profit": 449700000.0,
        "Cost Of Revenue": 160200000.0,
        "Total Revenue": 609900000.0,
        "Operating Revenue": 609900000.0
    },
    "2024-03-31": {
        "Tax Effect Of Unusual Items": 645000.0,
        "Tax Rate For Calcs": 0.15,
        "Normalized EBITDA": 57000000.0,
        "Total Unusual Items": 4300000.0,
        "Total Unusual Items Excluding Goodwill": 4300000.0,
        "Net Income From Continuing Operation Net Minority Interest": 5000000.0,
        "Reconciled Depreciation": 34000000.0,
        "Reconciled Cost Of Revenue": 125000000.0,
        "EBITDA": 61300000.0,
        "EBIT": 27300000.0,
        "Net Interest Income": -10200000.0,
        "Interest Expense": 10100000.0,
        "Interest Income": 400000.0,
        "Normalized Income": 1345000.0,
        "Net Income From Continuing And Discontinued Operation": 5000000.0,
        "Total Expenses": 334900000.0,
        "Total Operating Income As Reported": 23100000.0,
        "Diluted Average Shares": NaN,
        "Basic Average Shares": NaN,
        "Diluted EPS": NaN,
        "Basic EPS": NaN,
        "Diluted NI Availto Com Stockholders": 5000000.0,
        "Net Income Common Stockholders": 5000000.0,
        "Net Income": 5000000.0,
        "Minority Interests": -2600000.0,
        "Net Income Including Noncontrolling Interests": 7600000.0,
        "Net Income Continuous Operations": 7600000.0,
        "Tax Provision": 9600000.0,
        "Pretax Income": 17200000.0,
        "Other Income Expense": 4300000.0,
        "Special Income Charges": -7700000.0,
        "Restructuring And Mergern Acquisition": 7700000.0,
        "Gain On Sale Of Security": 12000000.0,
        "Net Non Operating Interest Income Expense": -10200000.0,
        "Total Other Finance Cost": 500000.0,
        "Interest Expense Non Operating": 10100000.0,
        "Interest Income Non Operating": 400000.0,
        "Operating Income": 23100000.0,
        "Operating Expense": 209900000.0,
        "Selling General And Administration": 209900000.0,
        "Gross Profit": 233000000.0,
        "Cost Of Revenue": 125000000.0,
        "Total Revenue": 358000000.0,
        "Operating Revenue": 358000000.0
    },
    "2024-06-30": {
        "Tax Effect Of Unusual Items": 1800900.0,
        "Tax Rate For Calcs": 0.261,
        "Normalized EBITDA": -64400000.0,
        "Total Unusual Items": 6900000.0,
        "Total Unusual Items Excluding Goodwill": 6900000.0,
        "Net Income From Continuing Operation Net Minority Interest": -77400000.0,
        "Reconciled Depreciation": 32700000.0,
        "Reconciled Cost Of Revenue": 35500000.0,
        "EBITDA": -57500000.0,
        "EBIT": -90200000.0,
        "Net Interest Income": -10100000.0,
        "Interest Expense": 9900000.0,
        "Interest Income": 300000.0,
        "Normalized Income": -82499100.0,
        "Net Income From Continuing And Discontinued Operation": -77400000.0,
        "Total Expenses": 185000000.0,
        "Total Operating Income As Reported": -96900000.0,
        "Diluted Average Shares": 96611725.0,
        "Basic Average Shares": 96611725.0,
        "Diluted EPS": -0.8,
        "Basic EPS": -0.8,
        "Diluted NI Availto Com Stockholders": -77400000.0,
        "Net Income Common Stockholders": -77400000.0,
        "Net Income": -77400000.0,
        "Minority Interests": -3400000.0,
        "Net Income Including Noncontrolling Interests": -74000000.0,
        "Net Income Continuous Operations": -74000000.0,
        "Tax Provision": -26100000.0,
        "Pretax Income": -100100000.0,
        "Other Income Expense": 6900000.0,
        "Special Income Charges": 10700000.0,
        "Restructuring And Mergern Acquisition": -10700000.0,
        "Gain On Sale Of Security": -3800000.0,
        "Net Non Operating Interest Income Expense": -10100000.0,
        "Total Other Finance Cost": 500000.0,
        "Interest Expense Non Operating": 9900000.0,
        "Interest Income Non Operating": 300000.0,
        "Operating Income": -96900000.0,
        "Operating Expense": 149500000.0,
        "Selling General And Administration": 149500000.0,
        "Gross Profit": 52600000.0,
        "Cost Of Revenue": 35500000.0,
        "Total Revenue": 88100000.0,
        "Operating Revenue": 88100000.0
    },
    "2024-09-30": {
        "Tax Effect Of Unusual Items": 480000.0,
        "Tax Rate For Calcs": 0.15,
        "Normalized EBITDA": 33700000.0,
        "Total Unusual Items": 3200000.0,
        "Total Unusual Items Excluding Goodwill": 3200000.0,
        "Net Income From Continuing Operation Net Minority Interest": 5400000.0,
        "Reconciled Depreciation": 32200000.0,
        "Reconciled Cost Of Revenue": 103700000.0,
        "EBITDA": 36900000.0,
        "EBIT": 4700000.0,
        "Net Interest Income": -11700000.0,
        "Interest Expense": 11600000.0,
        "Interest Income": 300000.0,
        "Normalized Income": 2680000.0,
        "Net Income From Continuing And Discontinued Operation": 5400000.0,
        "Total Expenses": 266200000.0,
        "Total Operating Income As Reported": 1600000.0,
        "Diluted Average Shares": 98181197.0,
        "Basic Average Shares": 96724923.0,
        "Diluted EPS": 0.06,
        "Basic EPS": 0.06,
        "Diluted NI Availto Com Stockholders": 5400000.0,
        "Net Income Common Stockholders": 5400000.0,
        "Net Income": 5400000.0,
        "Minority Interests": -900000.0,
        "Net Income Including Noncontrolling Interests": 6300000.0,
        "Net Income Continuous Operations": 6300000.0,
        "Tax Provision": -13200000.0,
        "Pretax Income": -6900000.0,
        "Other Income Expense": 3200000.0,
        "Special Income Charges": 1100000.0,
        "Restructuring And Mergern Acquisition": -1100000.0,
        "Gain On Sale Of Security": 2100000.0,
        "Net Non Operating Interest Income Expense": -11700000.0,
        "Total Other Finance Cost": 400000.0,
        "Interest Expense Non Operating": 11600000.0,
        "Interest Income Non Operating": 300000.0,
        "Operating Income": 1600000.0,
        "Operating Expense": 162500000.0,
        "Selling General And Administration": 162500000.0,
        "Gross Profit": 164100000.0,
        "Cost Of Revenue": 103700000.0,
        "Total Revenue": 267800000.0,
        "Operating Revenue": 267800000.0
    }
}