{
    "2023-03-31": {
        "Tax Effect Of Unusual Items": 1419465.912728,
        "Tax Rate For Calcs": 0.132363,
        "Normalized EBITDA": 84415000.0,
        "Total Unusual Items": 10724000.0,
        "Total Unusual Items Excluding Goodwill": 10724000.0,
        "Net Income From Continuing Operation Net Minority Interest": 113853000.0,
        "Reconciled Cost Of Revenue": 159982000.0,
        "EBITDA": 95139000.0,
        "EBIT": 95139000.0,
        "Net Interest Income": 13293000.0,
        "Interest Income": 13293000.0,
        "Normalized Income": 104548465.912728,
        "Net Income From Continuing And Discontinued Operation": 113853000.0,
        "Total Expenses": 612153000.0,
        "Total Operating Income As Reported": 95139000.0,
        "Diluted Average Shares": 269411886.0,
        "Basic Average Shares": 259586809.0,
        "Diluted EPS": 0.42,
        "Basic EPS": 0.44,
        "Diluted NI Availto Com Stockholders": 113853000.0,
        "Net Income Common Stockholders": 113853000.0,
        "Net Income": 113853000.0,
        "Net Income Including Noncontrolling Interests": 113853000.0,
        "Net Income Continuous Operations": 113853000.0,
        "Earnings From Equity Interest Net Of Tax": NaN,
        "Tax Provision": 17369000.0,
        "Pretax Income": 131222000.0,
        "Other Income Expense": 22790000.0,
        "Other Non Operating Income Expenses": 12066000.0,
        "Special Income Charges": NaN,
        "Gain On Sale Of Ppe": NaN,
        "Impairment Of Capital Assets": NaN,
        "Gain On Sale Of Security": 10724000.0,
        "Net Non Operating Interest Income Expense": 13293000.0,
        "Interest Income Non Operating": 13293000.0,
        "Operating Income": 95139000.0,
        "Operating Expense": 452171000.0,
        "Research And Development": 96977000.0,
        "Selling General And Administration": 355194000.0,
        "Selling And Marketing Expense": 277021000.0,
        "General And Administrative Expense": 78173000.0,
        "Other Gand A": 78173000.0,
        "Gross Profit": 547310000.0,
        "Cost Of Revenue": 159982000.0,
        "Total Revenue": 707292000.0,
        "Operating Revenue": 707292000.0
    },
    "2022-12-31": {
        "Tax Effect Of Unusual Items": NaN,
        "Tax Rate For Calcs": NaN,
        "Normalized EBITDA": NaN,
        "Total Unusual Items": NaN,
        "Total Unusual Items Excluding Goodwill": NaN,
        "Net Income From Continuing Operation Net Minority Interest": NaN,
        "Reconciled Cost Of Revenue": NaN,
        "EBITDA": NaN,
        "EBIT": NaN,
        "Net Interest Income": NaN,
        "Interest Income": NaN,
        "Normalized Income": NaN,
        "Net Income From Continuing And Discontinued Operation": NaN,
        "Total Expenses": NaN,
        "Total Operating Income As Reported": NaN,
        "Diluted Average Shares": NaN,
        "Basic Average Shares": NaN,
        "Diluted EPS": NaN,
        "Basic EPS": NaN,
        "Diluted NI Availto Com Stockholders": NaN,
        "Net Income Common Stockholders": NaN,
        "Net Income": NaN,
        "Net Income Including Noncontrolling Interests": NaN,
        "Net Income Continuous Operations": NaN,
        "Earnings From Equity Interest Net Of Tax": 0.0,
        "Tax Provision": NaN,
        "Pretax Income": NaN,
        "Other Income Expense": NaN,
        "Other Non Operating Income Expenses": NaN,
        "Special Income Charges": 0.0,
        "Gain On Sale Of Ppe": 0.0,
        "Impairment Of Capital Assets": 0.0,
        "Gain On Sale Of Security": NaN,
        "Net Non Operating Interest Income Expense": NaN,
        "Interest Income Non Operating": NaN,
        "Operating Income": NaN,
        "Operating Expense": NaN,
        "Research And Development": NaN,
        "Selling General And Administration": NaN,
        "Selling And Marketing Expense": NaN,
        "General And Administrative Expense": NaN,
        "Other Gand A": NaN,
        "Gross Profit": NaN,
        "Cost Of Revenue": NaN,
        "Total Revenue": NaN,
        "Operating Revenue": NaN
    },
    "2022-09-30": {
        "Tax Effect Of Unusual Items": NaN,
        "Tax Rate For Calcs": NaN,
        "Normalized EBITDA": NaN,
        "Total Unusual Items": NaN,
        "Total Unusual Items Excluding Goodwill": NaN,
        "Net Income From Continuing Operation Net Minority Interest": NaN,
        "Reconciled Cost Of Revenue": NaN,
        "EBITDA": NaN,
        "EBIT": NaN,
        "Net Interest Income": NaN,
        "Interest Income": NaN,
        "Normalized Income": NaN,
        "Net Income From Continuing And Discontinued Operation": NaN,
        "Total Expenses": NaN,
        "Total Operating Income As Reported": NaN,
        "Diluted Average Shares": NaN,
        "Basic Average Shares": NaN,
        "Diluted EPS": NaN,
        "Basic EPS": NaN,
        "Diluted NI Availto Com Stockholders": NaN,
        "Net Income Common Stockholders": NaN,
        "Net Income": NaN,
        "Net Income Including Noncontrolling Interests": NaN,
        "Net Income Continuous Operations": NaN,
        "Earnings From Equity Interest Net Of Tax": 0.0,
        "Tax Provision": NaN,
        "Pretax Income": NaN,
        "Other Income Expense": NaN,
        "Other Non Operating Income Expenses": NaN,
        "Special Income Charges": 0.0,
        "Gain On Sale Of Ppe": 0.0,
        "Impairment Of Capital Assets": 0.0,
        "Gain On Sale Of Security": NaN,
        "Net Non Operating Interest Income Expense": NaN,
        "Interest Income Non Operating": NaN,
        "Operating Income": NaN,
        "Operating Expense": NaN,
        "Research And Development": NaN,
        "Selling General And Administration": NaN,
        "Selling And Marketing Expense": NaN,
        "General And Administrative Expense": NaN,
        "Other Gand A": NaN,
        "Gross Profit": NaN,
        "Cost Of Revenue": NaN,
        "Total Revenue": NaN,
        "Operating Revenue": NaN
    },
    "2022-06-30": {
        "Tax Effect Of Unusual Items": 72291.529875,
        "Tax Rate For Calcs": 0.008954,
        "Normalized EBITDA": -68567000.0,
        "Total Unusual Items": 8074000.0,
        "Total Unusual Items Excluding Goodwill": 8074000.0,
        "Net Income From Continuing Operation Net Minority Interest": -49809000.0,
        "Reconciled Cost Of Revenue": 160004000.0,
        "EBITDA": -60493000.0,
        "EBIT": -60493000.0,
        "Net Interest Income": 1763000.0,
        "Interest Income": 1763000.0,
        "Normalized Income": -57810708.470125,
        "Net Income From Continuing And Discontinued Operation": -49809000.0,
        "Total Expenses": 598292000.0,
        "Total Operating Income As Reported": -60493000.0,
        "Diluted Average Shares": 258282364.0,
        "Basic Average Shares": 258282364.0,
        "Diluted EPS": -0.193333,
        "Basic EPS": -0.193333,
        "Diluted NI Availto Com Stockholders": -49809000.0,
        "Net Income Common Stockholders": -49809000.0,
        "Net Income": -49809000.0,
        "Net Income Including Noncontrolling Interests": -49809000.0,
        "Net Income Continuous Operations": -49809000.0,
        "Earnings From Equity Interest Net Of Tax": 0.0,
        "Tax Provision": -450000.0,
        "Pretax Income": -50259000.0,
        "Other Income Expense": 8471000.0,
        "Other Non Operating Income Expenses": 397000.0,
        "Special Income Charges": 0.0,
        "Gain On Sale Of Ppe": NaN,
        "Impairment Of Capital Assets": 0.0,
        "Gain On Sale Of Security": 8074000.0,
        "Net Non Operating Interest Income Expense": 1763000.0,
        "Interest Income Non Operating": 1763000.0,
        "Operating Income": -60493000.0,
        "Operating Expense": 438288000.0,
        "Research And Development": 103872000.0,
        "Selling General And Administration": 334416000.0,
        "Selling And Marketing Expense": 268975000.0,
        "General And Administrative Expense": 65441000.0,
        "Other Gand A": 65441000.0,
        "Gross Profit": 377795000.0,
        "Cost Of Revenue": 160004000.0,
        "Total Revenue": 537799000.0,
        "Operating Revenue": 537799000.0
    },
    "2022-03-31": {
        "Diluted EPS": 0.03,
        "Total Revenue": 114,
        "Gross Profit": 81,
        "Operating Income": 4,
        "EBIT": 4,
        "Net Income": 8
    },
    "2021-12-31": {
        "Diluted EPS": 0.13,
        "Total Revenue": 215,
        "Gross Profit": 149,
        "Operating Income": -2,
        "EBIT": -2,
        "Net Income": 35
    },
    "2021-09-30": {
        "Diluted EPS": -0.63,
        "Total Revenue": 173,
        "Gross Profit": 62,
        "Operating Income": -144,
        "EBIT": -144,
        "Net Income": -162
    },
    "2021-06-30": {
        "Diluted EPS": -0.55,
        "Total Revenue": 346,
        "Gross Profit": 234,
        "Operating Income": -124,
        "EBIT": -124,
        "Net Income": -142
    },
    "2021-03-31": {
        "Diluted EPS": -0.85,
        "Total Revenue": 296,
        "Gross Profit": 209,
        "Operating Income": -229,
        "EBIT": -229,
        "Net Income": -218
    },
    "2020-12-31": {
        "Diluted EPS": -0.41,
        "Total Revenue": 386,
        "Gross Profit": 280,
        "Operating Income": -113,
        "EBIT": -113,
        "Net Income": -100
    },
    "2020-09-30": {
        "Diluted EPS": -0.57,
        "Total Revenue": 290,
        "Gross Profit": 216,
        "Operating Income": -146,
        "EBIT": -146,
        "Net Income": -137
    },
    "2020-06-30": {
        "Diluted EPS": 0.01,
        "Total Revenue": 234,
        "Gross Profit": 183,
        "Operating Income": -23,
        "EBIT": -23,
        "Net Income": 3
    },
    "2020-03-31": {
        "Diluted EPS": 0.08,
        "Total Revenue": 183,
        "Gross Profit": 143,
        "Operating Income": 13,
        "EBIT": 13,
        "Net Income": 21
    },
    "2019-12-31": {
        "Diluted EPS": 0.1,
        "Total Revenue": 134,
        "Gross Profit": 106,
        "Operating Income": 24,
        "EBIT": 24,
        "Net Income": 23
    },
    "2019-09-30": {
        "Diluted EPS": 0.01,
        "Total Revenue": 78,
        "Gross Profit": 56,
        "Operating Income": -2,
        "EBIT": -2,
        "Net Income": 0
    },
    "2019-06-30": {
        "Diluted EPS": 0.01,
        "Total Revenue": 52,
        "Gross Profit": 37,
        "Operating Income": 2,
        "EBIT": 2,
        "Net Income": 1
    },
    "2019-03-31": {
        "Diluted EPS": 0.01,
        "Total Revenue": 40,
        "Gross Profit": 28,
        "Operating Income": 6,
        "EBIT": 7,
        "Net Income": 3
    },
    "2018-12-31": {
        "Diluted EPS": 0.0,
        "Total Revenue": NaN,
        "Gross Profit": NaN,
        "Operating Income": NaN,
        "EBIT": NaN,
        "Net Income": NaN
    },
    "2023-06-30": {
        "Tax Effect Of Unusual Items": 503846.98743,
        "Tax Rate For Calcs": 0.065794,
        "Normalized EBITDA": 35653000.0,
        "Total Unusual Items": 7658000.0,
        "Total Unusual Items Excluding Goodwill": 7658000.0,
        "Net Income From Continuing Operation Net Minority Interest": 56161000.0,
        "Reconciled Cost Of Revenue": 184380000.0,
        "EBITDA": 43311000.0,
        "EBIT": 43311000.0,
        "Net Interest Income": 19780000.0,
        "Interest Income": 19780000.0,
        "Normalized Income": 49006846.98743,
        "Net Income From Continuing And Discontinued Operation": 56161000.0,
        "Total Expenses": 659783000.0,
        "Total Operating Income As Reported": 43311000.0,
        "Diluted Average Shares": 269899993.0,
        "Basic Average Shares": 261904884.0,
        "Diluted EPS": 0.206667,
        "Basic EPS": 0.213333,
        "Diluted NI Availto Com Stockholders": 56161000.0,
        "Net Income Common Stockholders": 56161000.0,
        "Net Income": 56161000.0,
        "Net Income Including Noncontrolling Interests": 56161000.0,
        "Net Income Continuous Operations": 56161000.0,
        "Earnings From Equity Interest Net Of Tax": -4185000.0,
        "Tax Provision": 4250000.0,
        "Pretax Income": 64596000.0,
        "Other Income Expense": 1505000.0,
        "Other Non Operating Income Expenses": -6153000.0,
        "Gain On Sale Of Security": 7658000.0,
        "Net Non Operating Interest Income Expense": 19780000.0,
        "Interest Income Non Operating": 19780000.0,
        "Operating Income": 43311000.0,
        "Operating Expense": 475403000.0,
        "Research And Development": 98402000.0,
        "Selling General And Administration": 377001000.0,
        "Selling And Marketing Expense": 324065000.0,
        "General And Administrative Expense": 52936000.0,
        "Other Gand A": 52936000.0,
        "Gross Profit": 518714000.0,
        "Cost Of Revenue": 184380000.0,
        "Total Revenue": 703094000.0,
        "Operating Revenue": 703094000.0
    },
    "2023-09-30": {
        "Tax Effect Of Unusual Items": 1894750.0,
        "Tax Rate For Calcs": 0.25,
        "Normalized EBITDA": -107120000.0,
        "Total Unusual Items": 7579000.0,
        "Total Unusual Items Excluding Goodwill": 7579000.0,
        "Net Income From Continuing Operation Net Minority Interest": -57663000.0,
        "Reconciled Cost Of Revenue": 218126000.0,
        "EBITDA": -99541000.0,
        "EBIT": -99541000.0,
        "Net Interest Income": 24153000.0,
        "Interest Income": 24153000.0,
        "Normalized Income": -63347250.0,
        "Net Income From Continuing And Discontinued Operation": -57663000.0,
        "Total Expenses": 888954000.0,
        "Total Operating Income As Reported": -99541000.0,
        "Diluted Average Shares": 261946671.0,
        "Basic Average Shares": 261946671.0,
        "Diluted EPS": -0.22,
        "Basic EPS": -0.22,
        "Diluted NI Availto Com Stockholders": -57663000.0,
        "Net Income Common Stockholders": -57663000.0,
        "Net Income": -57663000.0,
        "Net Income Including Noncontrolling Interests": -57663000.0,
        "Net Income Continuous Operations": -57663000.0,
        "Earnings From Equity Interest Net Of Tax": -4980000.0,
        "Tax Provision": 656000.0,
        "Pretax Income": -52027000.0,
        "Other Income Expense": 23361000.0,
        "Other Non Operating Income Expenses": 15782000.0,
        "Gain On Sale Of Security": 7579000.0,
        "Net Non Operating Interest Income Expense": 24153000.0,
        "Interest Income Non Operating": 24153000.0,
        "Operating Income": -99541000.0,
        "Operating Expense": 670828000.0,
        "Research And Development": 130618000.0,
        "Selling General And Administration": 540210000.0,
        "Selling And Marketing Expense": 434428000.0,
        "General And Administrative Expense": 105782000.0,
        "Other Gand A": 105782000.0,
        "Gross Profit": 571287000.0,
        "Cost Of Revenue": 218126000.0,
        "Total Revenue": 789413000.0,
        "Operating Revenue": 789413000.0
    },
    "2023-12-31": {
        "Tax Effect Of Unusual Items": 466341.441489,
        "Tax Rate For Calcs": 0.088507,
        "Normalized EBITDA": -193184000.0,
        "Total Unusual Items": 5269000.0,
        "Total Unusual Items Excluding Goodwill": 5269000.0,
        "Net Income From Continuing Operation Net Minority Interest": -119649000.0,
        "Reconciled Cost Of Revenue": 227719000.0,
        "EBITDA": -187915000.0,
        "EBIT": -187915000.0,
        "Net Interest Income": 18603000.0,
        "Interest Income": 18603000.0,
        "Normalized Income": -124451658.558511,
        "Net Income From Continuing And Discontinued Operation": -119649000.0,
        "Total Expenses": 948929000.0,
        "Total Operating Income As Reported": -187915000.0,
        "Diluted Average Shares": 258818578.0,
        "Basic Average Shares": 258818578.0,
        "Diluted EPS": -0.46,
        "Basic EPS": -0.46,
        "Diluted NI Availto Com Stockholders": -119649000.0,
        "Net Income Common Stockholders": -119649000.0,
        "Net Income": -119649000.0,
        "Net Income Including Noncontrolling Interests": -119649000.0,
        "Net Income Continuous Operations": -119649000.0,
        "Earnings From Equity Interest Net Of Tax": 0.0,
        "Tax Provision": -11618000.0,
        "Pretax Income": -131267000.0,
        "Other Income Expense": 38045000.0,
        "Other Non Operating Income Expenses": 32776000.0,
        "Gain On Sale Of Security": 5269000.0,
        "Net Non Operating Interest Income Expense": 18603000.0,
        "Interest Income Non Operating": 18603000.0,
        "Operating Income": -187915000.0,
        "Operating Expense": 721210000.0,
        "Research And Development": 136046000.0,
        "Selling General And Administration": 585164000.0,
        "Selling And Marketing Expense": 465686000.0,
        "General And Administrative Expense": 119478000.0,
        "Other Gand A": 119478000.0,
        "Gross Profit": 533295000.0,
        "Cost Of Revenue": 227719000.0,
        "Total Revenue": 761014000.0,
        "Operating Revenue": 761014000.0
    },
    "2024-03-31": {
        "Tax Effect Of Unusual Items": 1638000.0,
        "Tax Rate For Calcs": 0.25,
        "Normalized EBITDA": -84254000.0,
        "Total Unusual Items": 6552000.0,
        "Total Unusual Items Excluding Goodwill": 6552000.0,
        "Net Income From Continuing Operation Net Minority Interest": -12297000.0,
        "Reconciled Cost Of Revenue": 271414000.0,
        "EBITDA": -77702000.0,
        "EBIT": -77702000.0,
        "Net Interest Income": 18673000.0,
        "Interest Income": 18673000.0,
        "Normalized Income": -17211000.0,
        "Net Income From Continuing And Discontinued Operation": -12297000.0,
        "Total Expenses": 1024587000.0,
        "Total Operating Income As Reported": -77702000.0,
        "Diluted Average Shares": 258493776.0,
        "Basic Average Shares": 258493776.0,
        "Diluted EPS": -0.046667,
        "Basic EPS": -0.046667,
        "Diluted NI Availto Com Stockholders": -12297000.0,
        "Net Income Common Stockholders": -12297000.0,
        "Net Income": -12297000.0,
        "Net Income Including Noncontrolling Interests": -12297000.0,
        "Net Income Continuous Operations": -12297000.0,
        "Earnings From Equity Interest Net Of Tax": NaN,
        "Tax Provision": 3517000.0,
        "Pretax Income": -8780000.0,
        "Other Income Expense": 50249000.0,
        "Other Non Operating Income Expenses": 43697000.0,
        "Gain On Sale Of Security": 6552000.0,
        "Net Non Operating Interest Income Expense": 18673000.0,
        "Interest Income Non Operating": 18673000.0,
        "Operating Income": -77702000.0,
        "Operating Expense": 753173000.0,
        "Research And Development": 151607000.0,
        "Selling General And Administration": 601566000.0,
        "Selling And Marketing Expense": 506381000.0,
        "General And Administrative Expense": 95185000.0,
        "Other Gand A": 95185000.0,
        "Gross Profit": 675471000.0,
        "Cost Of Revenue": 271414000.0,
        "Total Revenue": 946885000.0,
        "Operating Revenue": 946885000.0
    },
    "2024-06-30": {
        "Tax Effect Of Unusual Items": 29318.784281,
        "Tax Rate For Calcs": 0.003792,
        "Normalized EBITDA": -472482000.0,
        "Total Unusual Items": 7732000.0,
        "Total Unusual Items Excluding Goodwill": 7732000.0,
        "Net Income From Continuing Operation Net Minority Interest": -429550000.0,
        "Reconciled Cost Of Revenue": 313433000.0,
        "EBITDA": -464750000.0,
        "EBIT": -464750000.0,
        "Net Interest Income": 21274000.0,
        "Interest Income": 21274000.0,
        "Normalized Income": -437252681.215719,
        "Net Income From Continuing And Discontinued Operation": -429550000.0,
        "Total Expenses": 1474547000.0,
        "Total Operating Income As Reported": -464750000.0,
        "Diluted Average Shares": 259566331.0,
        "Basic Average Shares": 259566331.0,
        "Diluted EPS": -1.653333,
        "Basic EPS": -1.653333,
        "Diluted NI Availto Com Stockholders": -429550000.0,
        "Net Income Common Stockholders": -429550000.0,
        "Net Income": -429550000.0,
        "Net Income Including Noncontrolling Interests": -429550000.0,
        "Net Income Continuous Operations": -429550000.0,
        "Earnings From Equity Interest Net Of Tax": 0.0,
        "Tax Provision": -1635000.0,
        "Pretax Income": -431185000.0,
        "Other Income Expense": 12291000.0,
        "Other Non Operating Income Expenses": 4559000.0,
        "Gain On Sale Of Security": 7732000.0,
        "Net Non Operating Interest Income Expense": 21274000.0,
        "Interest Income Non Operating": 21274000.0,
        "Operating Income": -464750000.0,
        "Operating Expense": 1161114000.0,
        "Research And Development": 162101000.0,
        "Selling General And Administration": 999013000.0,
        "Selling And Marketing Expense": 835397000.0,
        "General And Administrative Expense": 163616000.0,
        "Other Gand A": 163616000.0,
        "Gross Profit": 696364000.0,
        "Cost Of Revenue": 313433000.0,
        "Total Revenue": 1009797000.0,
        "Operating Revenue": 1009797000.0
    }
}