{
    "2023-03-31": {
        "Tax Effect Of Unusual Items": -51414930.0,
        "Tax Rate For Calcs": 0.21,
        "Normalized EBITDA": 719971000.0,
        "Total Unusual Items": -244833000.0,
        "Total Unusual Items Excluding Goodwill": -244833000.0,
        "Net Income From Continuing Operation Net Minority Interest": -11041000.0,
        "Reconciled Depreciation": 407250000.0,
        "Reconciled Cost Of Revenue": 947753000.0,
        "EBITDA": 475138000.0,
        "EBIT": 67888000.0,
        "Net Interest Income": -111792000.0,
        "Interest Expense": 122945000.0,
        "Interest Income": 11153000.0,
        "Normalized Income": 182377070.0,
        "Net Income From Continuing And Discontinued Operation": -11041000.0,
        "Total Expenses": 1990879000.0,
        "Total Operating Income As Reported": 56735000.0,
        "Diluted Average Shares": 263115000.0,
        "Basic Average Shares": 263115000.0,
        "Diluted EPS": -0.04,
        "Basic EPS": -0.04,
        "Diluted NI Availto Com Stockholders": -11041000.0,
        "Net Income Common Stockholders": -11041000.0,
        "Net Income": -11041000.0,
        "Minority Interests": -6621000.0,
        "Net Income Including Noncontrolling Interests": -4420000.0,
        "Net Income From Tax Loss Carryforward": 19238000.0,
        "Net Income Continuous Operations": -4420000.0,
        "Earnings From Equity Interest Net Of Tax": 19238000.0,
        "Tax Provision": -31399000.0,
        "Pretax Income": -55057000.0,
        "Other Income Expense": -244833000.0,
        "Special Income Charges": -244833000.0,
        "Gain On Sale Of Business": -244833000.0,
        "Impairment Of Capital Assets": NaN,
        "Net Non Operating Interest Income Expense": -111792000.0,
        "Interest Expense Non Operating": 122945000.0,
        "Interest Income Non Operating": 11153000.0,
        "Operating Income": 301568000.0,
        "Operating Expense": 1043126000.0,
        "Selling General And Administration": 1043126000.0,
        "Gross Profit": 1344694000.0,
        "Cost Of Revenue": 947753000.0,
        "Total Revenue": 2292447000.0,
        "Operating Revenue": 2292447000.0
    },
    "2022-12-31": {
        "Tax Effect Of Unusual Items": 330533.173005,
        "Tax Rate For Calcs": 0.161157,
        "Normalized EBITDA": 414123000.0,
        "Total Unusual Items": 2051000.0,
        "Total Unusual Items Excluding Goodwill": 2051000.0,
        "Net Income From Continuing Operation Net Minority Interest": 249306000.0,
        "Reconciled Depreciation": 400694000.0,
        "Reconciled Cost Of Revenue": 927911000.0,
        "EBITDA": 416174000.0,
        "EBIT": 416174000.0,
        "Net Interest Income": -113234000.0,
        "Interest Expense": 121778000.0,
        "Interest Income": 8544000.0,
        "Normalized Income": 247585533.173005,
        "Net Income From Continuing And Discontinued Operation": 249306000.0,
        "Total Expenses": 1847406000.0,
        "Total Operating Income As Reported": 407630000.0,
        "Diluted Average Shares": 265963000.0,
        "Basic Average Shares": 265637000.0,
        "Diluted EPS": 0.94,
        "Basic EPS": 0.94,
        "Diluted NI Availto Com Stockholders": 249306000.0,
        "Net Income Common Stockholders": 249306000.0,
        "Net Income": 249306000.0,
        "Minority Interests": -9257000.0,
        "Net Income Including Noncontrolling Interests": 258563000.0,
        "Net Income From Tax Loss Carryforward": NaN,
        "Net Income Continuous Operations": 258563000.0,
        "Earnings From Equity Interest Net Of Tax": 11611000.0,
        "Tax Provision": 47444000.0,
        "Pretax Income": 294396000.0,
        "Other Income Expense": 2051000.0,
        "Special Income Charges": 2051000.0,
        "Gain On Sale Of Business": 2051000.0,
        "Impairment Of Capital Assets": 0.0,
        "Net Non Operating Interest Income Expense": -113234000.0,
        "Interest Expense Non Operating": 121778000.0,
        "Interest Income Non Operating": 8544000.0,
        "Operating Income": 405578000.0,
        "Operating Expense": 919495000.0,
        "Selling General And Administration": 919495000.0,
        "Gross Profit": 1325073000.0,
        "Cost Of Revenue": 927911000.0,
        "Total Revenue": 2252984000.0,
        "Operating Revenue": 2252984000.0
    },
    "2022-09-30": {
        "Tax Effect Of Unusual Items": -2544516.0,
        "Tax Rate For Calcs": 0.052,
        "Normalized EBITDA": 861271000.0,
        "Total Unusual Items": -48933000.0,
        "Total Unusual Items Excluding Goodwill": -48933000.0,
        "Net Income From Continuing Operation Net Minority Interest": 290454000.0,
        "Reconciled Depreciation": 405513000.0,
        "Reconciled Cost Of Revenue": 931249000.0,
        "EBITDA": 812338000.0,
        "EBIT": 406825000.0,
        "Net Interest Income": -114791000.0,
        "Interest Expense": 135184000.0,
        "Interest Income": 20393000.0,
        "Normalized Income": 336842484.0,
        "Net Income From Continuing And Discontinued Operation": 290454000.0,
        "Total Expenses": 1850006000.0,
        "Total Operating Income As Reported": 386432000.0,
        "Diluted Average Shares": 275435000.0,
        "Basic Average Shares": 275030000.0,
        "Diluted EPS": 1.05,
        "Basic EPS": 1.06,
        "Diluted NI Availto Com Stockholders": 290454000.0,
        "Net Income Common Stockholders": 290454000.0,
        "Net Income": 290454000.0,
        "Minority Interests": -9712000.0,
        "Net Income Including Noncontrolling Interests": 300166000.0,
        "Net Income From Tax Loss Carryforward": NaN,
        "Net Income Continuous Operations": 300166000.0,
        "Earnings From Equity Interest Net Of Tax": 42780000.0,
        "Tax Provision": 14255000.0,
        "Pretax Income": 271641000.0,
        "Other Income Expense": -48933000.0,
        "Special Income Charges": -48933000.0,
        "Gain On Sale Of Business": -48933000.0,
        "Impairment Of Capital Assets": NaN,
        "Net Non Operating Interest Income Expense": -114791000.0,
        "Interest Expense Non Operating": 135184000.0,
        "Interest Income Non Operating": 20393000.0,
        "Operating Income": 435365000.0,
        "Operating Expense": 918757000.0,
        "Selling General And Administration": 918757000.0,
        "Gross Profit": 1354122000.0,
        "Cost Of Revenue": 931249000.0,
        "Total Revenue": 2285371000.0,
        "Operating Revenue": 2285371000.0
    },
    "2022-06-30": {
        "Tax Effect Of Unusual Items": -394114400.0,
        "Tax Rate For Calcs": 0.4,
        "Normalized EBITDA": 885960000.0,
        "Total Unusual Items": -985286000.0,
        "Total Unusual Items Excluding Goodwill": -985286000.0,
        "Net Income From Continuing Operation Net Minority Interest": -672999000.0,
        "Reconciled Depreciation": 427576000.0,
        "Reconciled Cost Of Revenue": 962299000.0,
        "EBITDA": -99326000.0,
        "EBIT": -526902000.0,
        "Net Interest Income": -96232000.0,
        "Interest Expense": 99188000.0,
        "Interest Income": 2956000.0,
        "Normalized Income": -81827400.0,
        "Net Income From Continuing And Discontinued Operation": -672999000.0,
        "Total Expenses": 1825478000.0,
        "Total Operating Income As Reported": -529858000.0,
        "Diluted Average Shares": 278181000.0,
        "Basic Average Shares": 278181000.0,
        "Diluted EPS": -2.42,
        "Basic EPS": -2.42,
        "Diluted NI Availto Com Stockholders": -672999000.0,
        "Net Income Common Stockholders": -672999000.0,
        "Net Income": -672999000.0,
        "Minority Interests": -7948000.0,
        "Net Income Including Noncontrolling Interests": -665051000.0,
        "Net Income From Tax Loss Carryforward": 13815000.0,
        "Net Income Continuous Operations": -665051000.0,
        "Earnings From Equity Interest Net Of Tax": 13815000.0,
        "Tax Provision": 52776000.0,
        "Pretax Income": -626090000.0,
        "Other Income Expense": -985286000.0,
        "Special Income Charges": -985286000.0,
        "Gain On Sale Of Business": -152211000.0,
        "Impairment Of Capital Assets": 833075000.0,
        "Net Non Operating Interest Income Expense": -96232000.0,
        "Interest Expense Non Operating": 99188000.0,
        "Interest Income Non Operating": 2956000.0,
        "Operating Income": 455428000.0,
        "Operating Expense": 863179000.0,
        "Selling General And Administration": 863179000.0,
        "Gross Profit": 1318607000.0,
        "Cost Of Revenue": 962299000.0,
        "Total Revenue": 2280906000.0,
        "Operating Revenue": 2280906000.0
    },
    "2023-06-30": {
        "Tax Effect Of Unusual Items": 41454181.600047,
        "Tax Rate For Calcs": 0.392046,
        "Normalized EBITDA": 987125000.0,
        "Total Unusual Items": 105738000.0,
        "Total Unusual Items Excluding Goodwill": 105738000.0,
        "Net Income From Continuing Operation Net Minority Interest": 274148000.0,
        "Reconciled Depreciation": 462178000.0,
        "Reconciled Cost Of Revenue": 941952000.0,
        "EBITDA": 1092863000.0,
        "EBIT": 630685000.0,
        "Net Interest Income": -163479000.0,
        "Interest Expense": 191423000.0,
        "Interest Income": 27944000.0,
        "Normalized Income": 209864181.600047,
        "Net Income From Continuing And Discontinued Operation": 274148000.0,
        "Total Expenses": 1955466000.0,
        "Total Operating Income As Reported": 602741000.0,
        "Diluted Average Shares": 261328000.0,
        "Basic Average Shares": 260827000.0,
        "Diluted EPS": 1.05,
        "Basic EPS": 1.05,
        "Diluted NI Availto Com Stockholders": 274148000.0,
        "Net Income Common Stockholders": 274148000.0,
        "Net Income": 274148000.0,
        "Minority Interests": -10058000.0,
        "Net Income Including Noncontrolling Interests": 284206000.0,
        "Net Income From Tax Loss Carryforward": NaN,
        "Net Income Continuous Operations": 284206000.0,
        "Earnings From Equity Interest Net Of Tax": 17155000.0,
        "Tax Provision": 172211000.0,
        "Pretax Income": 439262000.0,
        "Other Income Expense": 105738000.0,
        "Special Income Charges": 105738000.0,
        "Gain On Sale Of Business": 105738000.0,
        "Impairment Of Capital Assets": 0.0,
        "Net Non Operating Interest Income Expense": -163479000.0,
        "Interest Expense Non Operating": 191423000.0,
        "Interest Income Non Operating": 27944000.0,
        "Operating Income": 497003000.0,
        "Operating Expense": 1013514000.0,
        "Selling General And Administration": 1013514000.0,
        "Gross Profit": 1510517000.0,
        "Cost Of Revenue": 941952000.0,
        "Total Revenue": 2452469000.0,
        "Operating Revenue": 2452469000.0
    },
    "2022-03-31": {
        "Diluted EPS": 0.87,
        "Total Revenue": NaN,
        "Gross Profit": NaN,
        "Operating Income": 376,
        "EBIT": 831,
        "Net Income": 245
    },
    "2021-12-31": {
        "Diluted EPS": 0.73,
        "Total Revenue": NaN,
        "Gross Profit": NaN,
        "Operating Income": 321,
        "EBIT": 771,
        "Net Income": 208
    },
    "2021-09-30": {
        "Diluted EPS": 1.01,
        "Total Revenue": NaN,
        "Gross Profit": NaN,
        "Operating Income": 400,
        "EBIT": 843,
        "Net Income": 297
    },
    "2021-06-30": {
        "Diluted EPS": 0.89,
        "Total Revenue": NaN,
        "Gross Profit": NaN,
        "Operating Income": 363,
        "EBIT": 808,
        "Net Income": 264
    },
    "2021-03-31": {
        "Diluted EPS": 0.66,
        "Total Revenue": NaN,
        "Gross Profit": NaN,
        "Operating Income": 275,
        "EBIT": 722,
        "Net Income": 197
    },
    "2020-12-31": {
        "Diluted EPS": 0.61,
        "Total Revenue": NaN,
        "Gross Profit": NaN,
        "Operating Income": 252,
        "EBIT": 679,
        "Net Income": 183
    },
    "2020-09-30": {
        "Diluted EPS": 0.74,
        "Total Revenue": NaN,
        "Gross Profit": NaN,
        "Operating Income": 290,
        "EBIT": 717,
        "Net Income": 221
    },
    "2020-06-30": {
        "Diluted EPS": 0.12,
        "Total Revenue": NaN,
        "Gross Profit": 778,
        "Operating Income": 108,
        "EBIT": 530,
        "Net Income": 37
    },
    "2020-03-31": {
        "Diluted EPS": 0.48,
        "Total Revenue": NaN,
        "Gross Profit": 970,
        "Operating Income": 244,
        "EBIT": 661,
        "Net Income": 144
    },
    "2019-12-31": {
        "Diluted EPS": 0.14,
        "Total Revenue": NaN,
        "Gross Profit": 949,
        "Operating Income": 196,
        "EBIT": 615,
        "Net Income": 103
    },
    "2019-09-30": {
        "Diluted EPS": 0.54,
        "Total Revenue": NaN,
        "Gross Profit": 678,
        "Operating Income": 174,
        "EBIT": 374,
        "Net Income": 95
    },
    "2019-06-30": {
        "Diluted EPS": 0.77,
        "Total Revenue": 935,
        "Gross Profit": 633,
        "Operating Income": 222,
        "EBIT": 383,
        "Net Income": 120
    },
    "2019-03-31": {
        "Diluted EPS": 0.71,
        "Total Revenue": 883,
        "Gross Profit": 578,
        "Operating Income": 199,
        "EBIT": 364,
        "Net Income": 112
    },
    "2018-12-31": {
        "Diluted EPS": 0.48,
        "Total Revenue": 881,
        "Gross Profit": 567,
        "Operating Income": 167,
        "EBIT": 335,
        "Net Income": 75
    },
    "2018-09-30": {
        "Diluted EPS": 1.11,
        "Total Revenue": 858,
        "Gross Profit": 593,
        "Operating Income": 223,
        "EBIT": 361,
        "Net Income": 176
    },
    "2018-06-30": {
        "Diluted EPS": 0.68,
        "Total Revenue": 833,
        "Gross Profit": 569,
        "Operating Income": 191,
        "EBIT": 328,
        "Net Income": 109
    },
    "2018-03-31": {
        "Diluted EPS": 0.57,
        "Total Revenue": 795,
        "Gross Profit": 543,
        "Operating Income": 156,
        "EBIT": 288,
        "Net Income": 91
    },
    "2017-12-31": {
        "Diluted EPS": 1.54,
        "Total Revenue": NaN,
        "Gross Profit": 545,
        "Operating Income": 150,
        "EBIT": 283,
        "Net Income": 242
    },
    "2017-09-30": {
        "Diluted EPS": 0.71,
        "Total Revenue": NaN,
        "Gross Profit": 545,
        "Operating Income": 172,
        "EBIT": 299,
        "Net Income": 111
    },
    "2017-06-30": {
        "Diluted EPS": 0.44,
        "Total Revenue": 962,
        "Gross Profit": 493,
        "Operating Income": 132,
        "EBIT": 250,
        "Net Income": 67
    },
    "2017-03-31": {
        "Diluted EPS": 0.32,
        "Total Revenue": 920,
        "Gross Profit": 464,
        "Operating Income": 105,
        "EBIT": 223,
        "Net Income": 49
    },
    "2016-12-31": {
        "Diluted EPS": 0.73,
        "Total Revenue": 436,
        "Gross Profit": 424,
        "Operating Income": 135,
        "EBIT": 221,
        "Net Income": 55
    },
    "2016-11-30": {
        "Diluted EPS": 0.32,
        "Total Revenue": 942,
        "Gross Profit": 473,
        "Operating Income": 105,
        "EBIT": 145,
        "Net Income": 49
    },
    "2016-09-30": {
        "Diluted EPS": 0.36,
        "Total Revenue": 952,
        "Gross Profit": 482,
        "Operating Income": 120,
        "EBIT": 92,
        "Net Income": 56
    },
    "2016-08-31": {
        "Diluted EPS": 0.55,
        "Total Revenue": 939,
        "Gross Profit": 477,
        "Operating Income": 121,
        "EBIT": 93,
        "Net Income": 85
    },
    "2016-06-30": {
        "Diluted EPS": 0.42,
        "Total Revenue": 843,
        "Gross Profit": 436,
        "Operating Income": 61,
        "EBIT": 153,
        "Net Income": 62
    },
    "2016-05-31": {
        "Diluted EPS": 0.0,
        "Total Revenue": NaN,
        "Gross Profit": NaN,
        "Operating Income": NaN,
        "EBIT": NaN,
        "Net Income": NaN
    },
    "2016-03-31": {
        "Diluted EPS": 0.46,
        "Total Revenue": 626,
        "Gross Profit": 378,
        "Operating Income": 95,
        "EBIT": 134,
        "Net Income": 60
    },
    "2016-02-29": {
        "Diluted EPS": 0.53,
        "Total Revenue": 680,
        "Gross Profit": 421,
        "Operating Income": 108,
        "EBIT": 147,
        "Net Income": 69
    },
    "2015-11-30": {
        "Diluted EPS": 0.6,
        "Total Revenue": 722,
        "Gross Profit": 452,
        "Operating Income": 123,
        "EBIT": 201,
        "Net Income": 79
    },
    "2015-08-31": {
        "Diluted EPS": 0.66,
        "Total Revenue": 749,
        "Gross Profit": 476,
        "Operating Income": 138,
        "EBIT": 138,
        "Net Income": 87
    },
    "2015-05-31": {
        "Diluted EPS": 0.0,
        "Total Revenue": NaN,
        "Gross Profit": NaN,
        "Operating Income": NaN,
        "EBIT": NaN,
        "Net Income": NaN
    },
    "2015-02-28": {
        "Diluted EPS": 0.46,
        "Total Revenue": 665,
        "Gross Profit": 415,
        "Operating Income": 105,
        "EBIT": 182,
        "Net Income": 63
    },
    "2014-11-30": {
        "Diluted EPS": 0.55,
        "Total Revenue": 697,
        "Gross Profit": 439,
        "Operating Income": 124,
        "EBIT": 193,
        "Net Income": 75
    },
    "2014-08-31": {
        "Diluted EPS": 0.55,
        "Total Revenue": 705,
        "Gross Profit": 445,
        "Operating Income": 124,
        "EBIT": 124,
        "Net Income": 75
    },
    "2014-05-31": {
        "Diluted EPS": 0.0,
        "Total Revenue": NaN,
        "Gross Profit": NaN,
        "Operating Income": NaN,
        "EBIT": NaN,
        "Net Income": NaN
    },
    "2014-02-28": {
        "Diluted EPS": 0.38,
        "Total Revenue": 616,
        "Gross Profit": 384,
        "Operating Income": 97,
        "EBIT": 166,
        "Net Income": 55
    },
    "2013-11-30": {
        "Diluted EPS": 0.51,
        "Total Revenue": 634,
        "Gross Profit": 399,
        "Operating Income": 112,
        "EBIT": 169,
        "Net Income": 74
    },
    "2013-08-31": {
        "Diluted EPS": 0.44,
        "Total Revenue": 630,
        "Gross Profit": 399,
        "Operating Income": 107,
        "EBIT": 107,
        "Net Income": 65
    },
    "2013-05-31": {
        "Diluted EPS": 0.0,
        "Total Revenue": NaN,
        "Gross Profit": NaN,
        "Operating Income": NaN,
        "EBIT": NaN,
        "Net Income": NaN
    },
    "2013-02-28": {
        "Diluted EPS": 0.38,
        "Total Revenue": 579,
        "Gross Profit": 361,
        "Operating Income": 91,
        "EBIT": 148,
        "Net Income": 58
    },
    "2012-11-30": {
        "Diluted EPS": 0.45,
        "Total Revenue": 589,
        "Gross Profit": 378,
        "Operating Income": 117,
        "EBIT": 169,
        "Net Income": 70
    },
    "2012-08-31": {
        "Diluted EPS": 0.3,
        "Total Revenue": 590,
        "Gross Profit": 386,
        "Operating Income": 80,
        "EBIT": 80,
        "Net Income": 47
    },
    "2012-05-31": {
        "Diluted EPS": 0.0,
        "Total Revenue": NaN,
        "Gross Profit": NaN,
        "Operating Income": NaN,
        "EBIT": NaN,
        "Net Income": NaN
    },
    "2012-02-29": {
        "Diluted EPS": 0.37,
        "Total Revenue": 534,
        "Gross Profit": 339,
        "Operating Income": 92,
        "EBIT": 144,
        "Net Income": 58
    },
    "2011-11-30": {
        "Diluted EPS": 0.39,
        "Total Revenue": 531,
        "Gross Profit": 345,
        "Operating Income": 97,
        "EBIT": 153,
        "Net Income": 61
    },
    "2011-08-31": {
        "Diluted EPS": 0.4,
        "Total Revenue": 543,
        "Gross Profit": 351,
        "Operating Income": 109,
        "EBIT": 109,
        "Net Income": 64
    },
    "2011-05-31": {
        "Diluted EPS": 0.0,
        "Total Revenue": NaN,
        "Gross Profit": NaN,
        "Operating Income": NaN,
        "EBIT": NaN,
        "Net Income": NaN
    },
    "2011-02-28": {
        "Diluted EPS": 0.3,
        "Total Revenue": 456,
        "Gross Profit": 288,
        "Operating Income": 78,
        "EBIT": 135,
        "Net Income": 48
    },
    "2010-11-30": {
        "Diluted EPS": 0.34,
        "Total Revenue": 444,
        "Gross Profit": 289,
        "Operating Income": 83,
        "EBIT": 118,
        "Net Income": 54
    },
    "2010-08-31": {
        "Diluted EPS": 0.31,
        "Total Revenue": 440,
        "Gross Profit": 289,
        "Operating Income": 82,
        "EBIT": 82,
        "Net Income": 49
    },
    "2010-05-31": {
        "Diluted EPS": 0.0,
        "Total Revenue": NaN,
        "Gross Profit": NaN,
        "Operating Income": NaN,
        "EBIT": NaN,
        "Net Income": NaN
    },
    "2010-02-28": {
        "Diluted EPS": 0.3,
        "Total Revenue": 399,
        "Gross Profit": 252,
        "Operating Income": 74,
        "EBIT": 109,
        "Net Income": 48
    },
    "2009-11-30": {
        "Diluted EPS": 0.38,
        "Total Revenue": 409,
        "Gross Profit": 264,
        "Operating Income": 89,
        "EBIT": 122,
        "Net Income": 63
    },
    "2009-08-31": {
        "Diluted EPS": 0.36,
        "Total Revenue": 410,
        "Gross Profit": 269,
        "Operating Income": 89,
        "EBIT": 89,
        "Net Income": 58
    },
    "2009-05-31": {
        "Diluted EPS": 0.0,
        "Total Revenue": NaN,
        "Gross Profit": NaN,
        "Operating Income": NaN,
        "EBIT": NaN,
        "Net Income": NaN
    },
    "2009-02-28": {
        "Diluted EPS": -0.67,
        "Total Revenue": 360,
        "Gross Profit": 236,
        "Operating Income": 62,
        "EBIT": 96,
        "Net Income": -107
    },
    "2023-09-30": {
        "Tax Effect Of Unusual Items": 0.0,
        "Tax Rate For Calcs": 0.141051,
        "Normalized EBITDA": 1052551000.0,
        "Total Unusual Items": 0.0,
        "Total Unusual Items Excluding Goodwill": 0.0,
        "Net Income From Continuing Operation Net Minority Interest": 361830000.0,
        "Reconciled Depreciation": 458623000.0,
        "Reconciled Cost Of Revenue": 915531000.0,
        "EBITDA": 1052551000.0,
        "EBIT": 593928000.0,
        "Net Interest Income": -140362000.0,
        "Interest Expense": 176094000.0,
        "Interest Income": 35732000.0,
        "Normalized Income": 361830000.0,
        "Net Income From Continuing And Discontinued Operation": 361830000.0,
        "Total Expenses": 1917495000.0,
        "Total Operating Income As Reported": 558196000.0,
        "Diluted Average Shares": 260935000.0,
        "Basic Average Shares": 260232000.0,
        "Diluted EPS": 1.39,
        "Basic EPS": 1.39,
        "Diluted NI Availto Com Stockholders": 361830000.0,
        "Net Income Common Stockholders": 361830000.0,
        "Net Income": 361830000.0,
        "Minority Interests": -14775000.0,
        "Net Income Including Noncontrolling Interests": 376605000.0,
        "Net Income From Tax Loss Carryforward": NaN,
        "Net Income Continuous Operations": 376605000.0,
        "Earnings From Equity Interest Net Of Tax": 17707000.0,
        "Tax Provision": 58936000.0,
        "Pretax Income": 417834000.0,
        "Other Income Expense": NaN,
        "Special Income Charges": 0.0,
        "Gain On Sale Of Business": 0.0,
        "Impairment Of Capital Assets": 0.0,
        "Net Non Operating Interest Income Expense": -140362000.0,
        "Interest Expense Non Operating": 176094000.0,
        "Interest Income Non Operating": 35732000.0,
        "Operating Income": 558196000.0,
        "Operating Expense": 1001964000.0,
        "Selling General And Administration": 1001964000.0,
        "Gross Profit": 1560160000.0,
        "Cost Of Revenue": 915531000.0,
        "Total Revenue": 2475691000.0,
        "Operating Revenue": 2475691000.0
    }
}