{
    "2023-03-31": {
        "Tax Effect Of Unusual Items": 0.0,
        "Tax Rate For Calcs": 0.0,
        "Normalized EBITDA": 239157000.0,
        "Total Unusual Items": 376192000.0,
        "Total Unusual Items Excluding Goodwill": 376192000.0,
        "Net Income From Continuing Operation Net Minority Interest": 523054000.0,
        "Reconciled Depreciation": 79094000.0,
        "Reconciled Cost Of Revenue": 98956000.0,
        "EBITDA": 615349000.0,
        "EBIT": 536255000.0,
        "Net Interest Income": -13756000.0,
        "Interest Expense": 13201000.0,
        "Normalized Income": 146862000.0,
        "Net Income From Continuing And Discontinued Operation": 523054000.0,
        "Total Expenses": 206765000.0,
        "Total Operating Income As Reported": 522587000.0,
        "Diluted Average Shares": 19049000.0,
        "Basic Average Shares": 18868000.0,
        "Diluted EPS": 22.9,
        "Basic EPS": 23.08,
        "Diluted NI Availto Com Stockholders": 435526000.0,
        "Average Dilution Earnings": NaN,
        "Net Income Common Stockholders": 435526000.0,
        "Otherunder Preferred Stock Dividend": 86221000.0,
        "Preferred Stock Dividends": 1307000.0,
        "Net Income": 523054000.0,
        "Net Income Including Noncontrolling Interests": 523054000.0,
        "Net Income Continuous Operations": 523054000.0,
        "Tax Provision": 0.0,
        "Pretax Income": 523054000.0,
        "Other Income Expense": 390415000.0,
        "Other Non Operating Income Expenses": 14223000.0,
        "Special Income Charges": -1869000.0,
        "Restructuring And Mergern Acquisition": 1869000.0,
        "Gain On Sale Of Security": 378061000.0,
        "Net Non Operating Interest Income Expense": -13756000.0,
        "Total Other Finance Cost": 555000.0,
        "Interest Expense Non Operating": 13201000.0,
        "Operating Income": 146395000.0,
        "Operating Expense": 107809000.0,
        "Other Operating Expenses": 88381000.0,
        "Other Taxes": 10695000.0,
        "Selling General And Administration": 8733000.0,
        "General And Administrative Expense": 8733000.0,
        "Other Gand A": 8733000.0,
        "Gross Profit": 254204000.0,
        "Cost Of Revenue": 98956000.0,
        "Total Revenue": 353160000.0,
        "Operating Revenue": 353160000.0
    },
    "2022-12-31": {
        "Tax Effect Of Unusual Items": 0.0,
        "Tax Rate For Calcs": 0.0,
        "Normalized EBITDA": 406469000.0,
        "Total Unusual Items": 436570000.0,
        "Total Unusual Items Excluding Goodwill": 436570000.0,
        "Net Income From Continuing Operation Net Minority Interest": 748568000.0,
        "Reconciled Depreciation": 78456000.0,
        "Reconciled Cost Of Revenue": 96000000.0,
        "EBITDA": 843039000.0,
        "EBIT": 764583000.0,
        "Net Interest Income": -16094000.0,
        "Interest Expense": 16015000.0,
        "Normalized Income": 311998000.0,
        "Net Income From Continuing And Discontinued Operation": 748568000.0,
        "Total Expenses": 217793000.0,
        "Total Operating Income As Reported": 764699000.0,
        "Diluted Average Shares": 19366000.0,
        "Basic Average Shares": 19208000.0,
        "Diluted EPS": 32.35,
        "Basic EPS": 32.57,
        "Diluted NI Availto Com Stockholders": 670859000.0,
        "Average Dilution Earnings": NaN,
        "Net Income Common Stockholders": 670859000.0,
        "Otherunder Preferred Stock Dividend": NaN,
        "Preferred Stock Dividends": 1308000.0,
        "Net Income": 748568000.0,
        "Net Income Including Noncontrolling Interests": 748568000.0,
        "Net Income Continuous Operations": 748568000.0,
        "Tax Provision": 0.0,
        "Pretax Income": 748568000.0,
        "Other Income Expense": 436533000.0,
        "Other Non Operating Income Expenses": -37000.0,
        "Special Income Charges": 0.0,
        "Impairment Of Capital Assets": 0.0,
        "Restructuring And Mergern Acquisition": 0.0,
        "Earnings From Equity Interest": 0.0,
        "Gain On Sale Of Security": 436570000.0,
        "Net Non Operating Interest Income Expense": -16094000.0,
        "Total Other Finance Cost": 905000.0,
        "Interest Expense Non Operating": 16015000.0,
        "Operating Income": 328129000.0,
        "Operating Expense": 121793000.0,
        "Other Operating Expenses": 96157000.0,
        "Other Taxes": 14460000.0,
        "Selling General And Administration": 11176000.0,
        "General And Administrative Expense": 11176000.0,
        "Other Gand A": 11176000.0,
        "Gross Profit": 449922000.0,
        "Cost Of Revenue": 96000000.0,
        "Total Revenue": 545922000.0,
        "Operating Revenue": 545922000.0
    },
    "2022-09-30": {
        "Tax Effect Of Unusual Items": 0.0,
        "Tax Rate For Calcs": 0.0,
        "Normalized EBITDA": 536303000.0,
        "Total Unusual Items": -474895000.0,
        "Total Unusual Items Excluding Goodwill": -474895000.0,
        "Net Income From Continuing Operation Net Minority Interest": -18472000.0,
        "Reconciled Depreciation": 64419000.0,
        "Reconciled Cost Of Revenue": 79782000.0,
        "EBITDA": 61408000.0,
        "EBIT": -3011000.0,
        "Net Interest Income": -15461000.0,
        "Interest Expense": 15461000.0,
        "Normalized Income": 456423000.0,
        "Net Income From Continuing And Discontinued Operation": -18472000.0,
        "Total Expenses": 194970000.0,
        "Total Operating Income As Reported": -3868000.0,
        "Diluted Average Shares": 19635000.0,
        "Basic Average Shares": 19635000.0,
        "Diluted EPS": -1.01,
        "Basic EPS": -1.01,
        "Diluted NI Availto Com Stockholders": -19781000.0,
        "Net Income Common Stockholders": -19781000.0,
        "Otherunder Preferred Stock Dividend": NaN,
        "Preferred Stock Dividends": 1309000.0,
        "Net Income": -18472000.0,
        "Net Income Including Noncontrolling Interests": -18472000.0,
        "Net Income Continuous Operations": -18472000.0,
        "Tax Provision": 0.0,
        "Pretax Income": -18472000.0,
        "Other Income Expense": -474038000.0,
        "Other Non Operating Income Expenses": 857000.0,
        "Special Income Charges": 0.0,
        "Impairment Of Capital Assets": NaN,
        "Restructuring And Mergern Acquisition": 0.0,
        "Earnings From Equity Interest": NaN,
        "Gain On Sale Of Security": -474895000.0,
        "Net Non Operating Interest Income Expense": -15461000.0,
        "Total Other Finance Cost": 676000.0,
        "Interest Expense Non Operating": 15461000.0,
        "Operating Income": 471027000.0,
        "Operating Expense": 115188000.0,
        "Other Operating Expenses": 89907000.0,
        "Other Taxes": 16529000.0,
        "Selling General And Administration": 8752000.0,
        "General And Administrative Expense": 8752000.0,
        "Other Gand A": 8752000.0,
        "Gross Profit": 586215000.0,
        "Cost Of Revenue": 79782000.0,
        "Total Revenue": 665997000.0,
        "Operating Revenue": 665997000.0
    },
    "2022-06-30": {
        "Tax Effect Of Unusual Items": 0.0,
        "Tax Rate For Calcs": 0.0,
        "Normalized EBITDA": 506287000.0,
        "Total Unusual Items": -172871000.0,
        "Total Unusual Items Excluding Goodwill": -172871000.0,
        "Net Income From Continuing Operation Net Minority Interest": 256580000.0,
        "Reconciled Depreciation": 62602000.0,
        "Reconciled Cost Of Revenue": 76841000.0,
        "EBITDA": 333416000.0,
        "EBIT": 270814000.0,
        "Net Interest Income": -14234000.0,
        "Interest Expense": 14234000.0,
        "Normalized Income": 429451000.0,
        "Net Income From Continuing And Discontinued Operation": 256580000.0,
        "Total Expenses": 190238000.0,
        "Total Operating Income As Reported": 275096000.0,
        "Diluted Average Shares": 20961000.0,
        "Basic Average Shares": 20961000.0,
        "Diluted EPS": 10.34,
        "Basic EPS": 10.42,
        "Diluted NI Availto Com Stockholders": 215610000.0,
        "Net Income Common Stockholders": 215610000.0,
        "Otherunder Preferred Stock Dividend": 39590000.0,
        "Preferred Stock Dividends": 1380000.0,
        "Net Income": 256580000.0,
        "Net Income Including Noncontrolling Interests": 256580000.0,
        "Net Income Continuous Operations": 256580000.0,
        "Tax Provision": 0.0,
        "Pretax Income": 256580000.0,
        "Other Income Expense": -177153000.0,
        "Other Non Operating Income Expenses": -4282000.0,
        "Special Income Charges": 0.0,
        "Impairment Of Capital Assets": 0.0,
        "Restructuring And Mergern Acquisition": 0.0,
        "Earnings From Equity Interest": NaN,
        "Gain On Sale Of Security": -172871000.0,
        "Net Non Operating Interest Income Expense": -14234000.0,
        "Total Other Finance Cost": 692000.0,
        "Interest Expense Non Operating": 14234000.0,
        "Operating Income": 447967000.0,
        "Operating Expense": 113397000.0,
        "Other Operating Expenses": 692000.0,
        "Other Taxes": 16682000.0,
        "Selling General And Administration": 96023000.0,
        "General And Administrative Expense": 96023000.0,
        "Other Gand A": 96023000.0,
        "Gross Profit": 561364000.0,
        "Cost Of Revenue": 76841000.0,
        "Total Revenue": 638205000.0,
        "Operating Revenue": 638205000.0
    },
    "2023-06-30": {
        "Tax Effect Of Unusual Items": 0.0,
        "Tax Rate For Calcs": 0.0,
        "Normalized EBITDA": 92798000.0,
        "Total Unusual Items": 93895000.0,
        "Total Unusual Items Excluding Goodwill": 93895000.0,
        "Net Income From Continuing Operation Net Minority Interest": 93687000.0,
        "Reconciled Depreciation": 80148000.0,
        "Reconciled Cost Of Revenue": 96303000.0,
        "EBITDA": 186693000.0,
        "EBIT": 106545000.0,
        "Net Interest Income": -13727000.0,
        "Interest Expense": 12858000.0,
        "Normalized Income": -208000.0,
        "Net Income From Continuing And Discontinued Operation": 93687000.0,
        "Total Expenses": 199230000.0,
        "Total Operating Income As Reported": 102583000.0,
        "Diluted Average Shares": 18805000.0,
        "Basic Average Shares": 18518000.0,
        "Diluted EPS": 4.18,
        "Basic EPS": 4.23,
        "Diluted NI Availto Com Stockholders": 78365000.0,
        "Average Dilution Earnings": NaN,
        "Net Income Common Stockholders": 78365000.0,
        "Otherunder Preferred Stock Dividend": 14044000.0,
        "Preferred Stock Dividends": 1278000.0,
        "Net Income": 93687000.0,
        "Net Income Including Noncontrolling Interests": 93687000.0,
        "Net Income Continuous Operations": 93687000.0,
        "Tax Provision": 0.0,
        "Pretax Income": 93687000.0,
        "Other Income Expense": 98726000.0,
        "Other Non Operating Income Expenses": 4831000.0,
        "Special Income Charges": -2893000.0,
        "Restructuring And Mergern Acquisition": 2893000.0,
        "Gain On Sale Of Security": 96788000.0,
        "Net Non Operating Interest Income Expense": -13727000.0,
        "Total Other Finance Cost": 869000.0,
        "Interest Expense Non Operating": 12858000.0,
        "Operating Income": 8688000.0,
        "Operating Expense": 102927000.0,
        "Other Operating Expenses": 86378000.0,
        "Other Taxes": 7938000.0,
        "Selling General And Administration": 8611000.0,
        "General And Administrative Expense": 8611000.0,
        "Other Gand A": 8611000.0,
        "Gross Profit": 111615000.0,
        "Cost Of Revenue": 96303000.0,
        "Total Revenue": 207918000.0,
        "Operating Revenue": 207918000.0
    },
    "2022-03-31": {
        "Diluted EPS": -23.23,
        "Total Revenue": -308,
        "Gross Profit": -325,
        "Operating Income": -493,
        "EBIT": -431,
        "Net Income": -493
    },
    "2021-12-31": {
        "Diluted EPS": 27.4,
        "Total Revenue": 773,
        "Gross Profit": 758,
        "Operating Income": 581,
        "EBIT": 647,
        "Net Income": 557
    },
    "2021-09-30": {
        "Diluted EPS": -22.5,
        "Total Revenue": -243,
        "Gross Profit": -256,
        "Operating Income": -435,
        "EBIT": -373,
        "Net Income": -463
    },
    "2021-06-30": {
        "Diluted EPS": 1.55,
        "Total Revenue": 31,
        "Gross Profit": 20,
        "Operating Income": -270,
        "EBIT": -216,
        "Net Income": 32
    },
    "2021-03-31": {
        "Diluted EPS": 0.05,
        "Total Revenue": 247,
        "Gross Profit": 235,
        "Operating Income": 51,
        "EBIT": 92,
        "Net Income": 9
    },
    "2020-12-31": {
        "Diluted EPS": -1.02,
        "Total Revenue": 245,
        "Gross Profit": 232,
        "Operating Income": 20,
        "EBIT": 65,
        "Net Income": -166
    },
    "2020-09-30": {
        "Diluted EPS": -2.37,
        "Total Revenue": 136,
        "Gross Profit": 123,
        "Operating Income": -346,
        "EBIT": -295,
        "Net Income": -381
    },
    "2020-06-30": {
        "Diluted EPS": -3.51,
        "Total Revenue": 186,
        "Gross Profit": 173,
        "Operating Income": -556,
        "EBIT": -491,
        "Net Income": -561
    },
    "2020-03-31": {
        "Diluted EPS": -3.24,
        "Total Revenue": 299,
        "Gross Profit": 285,
        "Operating Income": -480,
        "EBIT": -402,
        "Net Income": -518
    },
    "2019-12-31": {
        "Diluted EPS": -11.3,
        "Total Revenue": 442,
        "Gross Profit": 456,
        "Operating Income": NaN,
        "EBIT": NaN,
        "Net Income": NaN
    },
    "2019-09-30": {
        "Diluted EPS": -3.04,
        "Total Revenue": 342,
        "Gross Profit": 313,
        "Operating Income": -571,
        "EBIT": -408,
        "Net Income": -485
    },
    "2019-06-30": {
        "Diluted EPS": 1.47,
        "Total Revenue": 459,
        "Gross Profit": 429,
        "Operating Income": 218,
        "EBIT": 343,
        "Net Income": 235
    },
    "2019-03-31": {
        "Diluted EPS": 0.38,
        "Total Revenue": 321,
        "Gross Profit": 293,
        "Operating Income": 93,
        "EBIT": 211,
        "Net Income": 62
    },
    "2018-12-31": {
        "Diluted EPS": 0.76,
        "Total Revenue": 613,
        "Gross Profit": 573,
        "Operating Income": 161,
        "EBIT": 287,
        "Net Income": 134
    },
    "2018-09-30": {
        "Diluted EPS": 0.55,
        "Total Revenue": 361,
        "Gross Profit": 329,
        "Operating Income": 114,
        "EBIT": 236,
        "Net Income": 95
    },
    "2018-06-30": {
        "Diluted EPS": 0.64,
        "Total Revenue": 253,
        "Gross Profit": 222,
        "Operating Income": 14,
        "EBIT": 138,
        "Net Income": 111
    },
    "2018-03-31": {
        "Diluted EPS": 0.5,
        "Total Revenue": 325,
        "Gross Profit": 300,
        "Operating Income": 110,
        "EBIT": 224,
        "Net Income": 90
    },
    "2017-12-31": {
        "Diluted EPS": 0.82,
        "Total Revenue": 398,
        "Gross Profit": 371,
        "Operating Income": 180,
        "EBIT": 292,
        "Net Income": 157
    },
    "2017-09-30": {
        "Diluted EPS": 0.1,
        "Total Revenue": 265,
        "Gross Profit": 240,
        "Operating Income": 50,
        "EBIT": 159,
        "Net Income": 18
    },
    "2017-06-30": {
        "Diluted EPS": 0.58,
        "Total Revenue": 324,
        "Gross Profit": 298,
        "Operating Income": 143,
        "EBIT": 227,
        "Net Income": 106
    },
    "2017-03-31": {
        "Diluted EPS": 0.91,
        "Total Revenue": 333,
        "Gross Profit": 310,
        "Operating Income": 182,
        "EBIT": 249,
        "Net Income": 154
    },
    "2016-12-31": {
        "Diluted EPS": -1.84,
        "Total Revenue": 63,
        "Gross Profit": 40,
        "Operating Income": -191,
        "EBIT": -127,
        "Net Income": -240
    },
    "2016-09-30": {
        "Diluted EPS": -1.25,
        "Total Revenue": 194,
        "Gross Profit": 173,
        "Operating Income": -158,
        "EBIT": -95,
        "Net Income": -157
    },
    "2016-06-30": {
        "Diluted EPS": -2.71,
        "Total Revenue": -28,
        "Gross Profit": -46,
        "Operating Income": -323,
        "EBIT": -267,
        "Net Income": -340
    },
    "2016-03-31": {
        "Diluted EPS": -2.17,
        "Total Revenue": 157,
        "Gross Profit": 137,
        "Operating Income": -196,
        "EBIT": -130,
        "Net Income": -242
    },
    "2015-12-31": {
        "Diluted EPS": -8.66,
        "Total Revenue": 190,
        "Gross Profit": 168,
        "Operating Income": -813,
        "EBIT": -726,
        "Net Income": -831
    },
    "2015-09-30": {
        "Diluted EPS": -3.59,
        "Total Revenue": 231,
        "Gross Profit": 209,
        "Operating Income": -529,
        "EBIT": -438,
        "Net Income": -388
    },
    "2015-06-30": {
        "Diluted EPS": -0.32,
        "Total Revenue": 112,
        "Gross Profit": 92,
        "Operating Income": -22,
        "EBIT": 50,
        "Net Income": -31
    },
    "2015-03-31": {
        "Diluted EPS": 0.3,
        "Total Revenue": 176,
        "Gross Profit": 155,
        "Operating Income": 29,
        "EBIT": 119,
        "Net Income": 26
    },
    "2014-12-31": {
        "Diluted EPS": 1.28,
        "Total Revenue": 267,
        "Gross Profit": 246,
        "Operating Income": 129,
        "EBIT": 209,
        "Net Income": 110
    },
    "2014-09-30": {
        "Diluted EPS": 0.08,
        "Total Revenue": 171,
        "Gross Profit": 154,
        "Operating Income": 53,
        "EBIT": 126,
        "Net Income": 7
    },
    "2014-06-30": {
        "Diluted EPS": 0.56,
        "Total Revenue": 115,
        "Gross Profit": 95,
        "Operating Income": 18,
        "EBIT": 75,
        "Net Income": 48
    },
    "2014-03-31": {
        "Diluted EPS": 0.96,
        "Total Revenue": 118,
        "Gross Profit": 99,
        "Operating Income": 25,
        "EBIT": 83,
        "Net Income": 83
    },
    "2013-12-31": {
        "Diluted EPS": 0.28,
        "Total Revenue": 68,
        "Gross Profit": 53,
        "Operating Income": 3,
        "EBIT": 41,
        "Net Income": 24
    },
    "2013-09-30": {
        "Diluted EPS": 0.52,
        "Total Revenue": 69,
        "Gross Profit": 55,
        "Operating Income": 15,
        "EBIT": 46,
        "Net Income": 41
    },
    "2013-06-30": {
        "Diluted EPS": 0.56,
        "Total Revenue": 70,
        "Gross Profit": 58,
        "Operating Income": 22,
        "EBIT": 51,
        "Net Income": 44
    },
    "2013-03-31": {
        "Diluted EPS": 0.61,
        "Total Revenue": 55,
        "Gross Profit": 43,
        "Operating Income": 15,
        "EBIT": 38,
        "Net Income": 45
    },
    "2012-12-31": {
        "Diluted EPS": 0.27,
        "Total Revenue": 57,
        "Gross Profit": 44,
        "Operating Income": 26,
        "EBIT": 47,
        "Net Income": 16
    },
    "2012-09-30": {
        "Diluted EPS": 0.01,
        "Total Revenue": 61,
        "Gross Profit": 47,
        "Operating Income": 18,
        "EBIT": 44,
        "Net Income": 1
    },
    "2012-06-30": {
        "Diluted EPS": 0.45,
        "Total Revenue": 66,
        "Gross Profit": 53,
        "Operating Income": 26,
        "EBIT": 50,
        "Net Income": 25
    },
    "2012-03-31": {
        "Diluted EPS": 0.48,
        "Total Revenue": 65,
        "Gross Profit": 52,
        "Operating Income": 27,
        "EBIT": 49,
        "Net Income": 27
    },
    "2011-12-31": {
        "Diluted EPS": 0.59,
        "Total Revenue": 69,
        "Gross Profit": 56,
        "Operating Income": 32,
        "EBIT": 54,
        "Net Income": 31
    },
    "2011-09-30": {
        "Diluted EPS": 0.57,
        "Total Revenue": 58,
        "Gross Profit": 46,
        "Operating Income": 29,
        "EBIT": 44,
        "Net Income": 29
    },
    "2011-06-30": {
        "Diluted EPS": 0.57,
        "Total Revenue": 56,
        "Gross Profit": 44,
        "Operating Income": 28,
        "EBIT": 42,
        "Net Income": 27
    },
    "2011-03-31": {
        "Diluted EPS": 0.47,
        "Total Revenue": 47,
        "Gross Profit": 36,
        "Operating Income": 22,
        "EBIT": 35,
        "Net Income": 21
    },
    "2010-12-31": {
        "Diluted EPS": 0.32,
        "Total Revenue": 38,
        "Gross Profit": 29,
        "Operating Income": 16,
        "EBIT": 28,
        "Net Income": 14
    },
    "2010-09-30": {
        "Diluted EPS": 0.28,
        "Total Revenue": 33,
        "Gross Profit": 26,
        "Operating Income": 14,
        "EBIT": 24,
        "Net Income": 13
    },
    "2010-06-30": {
        "Diluted EPS": 0.24,
        "Total Revenue": 29,
        "Gross Profit": 21,
        "Operating Income": 11,
        "EBIT": 20,
        "Net Income": 10
    },
    "2010-03-31": {
        "Diluted EPS": 0.23,
        "Total Revenue": 27,
        "Gross Profit": 20,
        "Operating Income": 11,
        "EBIT": 19,
        "Net Income": 10
    },
    "2009-12-31": {
        "Diluted EPS": 0.21,
        "Total Revenue": 26,
        "Gross Profit": 19,
        "Operating Income": 10,
        "EBIT": 18,
        "Net Income": 9
    },
    "2009-09-30": {
        "Diluted EPS": 0.16,
        "Total Revenue": 22,
        "Gross Profit": 16,
        "Operating Income": 7,
        "EBIT": 15,
        "Net Income": 7
    },
    "2009-06-30": {
        "Diluted EPS": 0.12,
        "Total Revenue": 21,
        "Gross Profit": 14,
        "Operating Income": 5,
        "EBIT": 13,
        "Net Income": 5
    },
    "2009-03-31": {
        "Diluted EPS": 0.06,
        "Total Revenue": 18,
        "Gross Profit": 11,
        "Operating Income": 2,
        "EBIT": 10,
        "Net Income": 3
    },
    "2023-09-30": {
        "Tax Effect Of Unusual Items": 8277570.0,
        "Tax Rate For Calcs": 0.21,
        "Normalized EBITDA": 107783000.0,
        "Total Unusual Items": 39417000.0,
        "Total Unusual Items Excluding Goodwill": 39417000.0,
        "Net Income From Continuing Operation Net Minority Interest": 608444000.0,
        "Reconciled Depreciation": 79505000.0,
        "Reconciled Cost Of Revenue": 95132000.0,
        "EBITDA": 147200000.0,
        "EBIT": 67695000.0,
        "Net Interest Income": -14919000.0,
        "Interest Expense": 13992000.0,
        "Normalized Income": 577304570.0,
        "Net Income From Continuing And Discontinued Operation": 608444000.0,
        "Total Expenses": 199483000.0,
        "Total Operating Income As Reported": 67184000.0,
        "Diluted Average Shares": 18954000.0,
        "Basic Average Shares": 18670000.0,
        "Diluted EPS": 27.37,
        "Basic EPS": 27.72,
        "Diluted NI Availto Com Stockholders": 518702000.0,
        "Average Dilution Earnings": 1147000.0,
        "Net Income Common Stockholders": 517555000.0,
        "Otherunder Preferred Stock Dividend": 89756000.0,
        "Preferred Stock Dividends": 1133000.0,
        "Net Income": 608444000.0,
        "Net Income Including Noncontrolling Interests": 608444000.0,
        "Net Income Continuous Operations": 608444000.0,
        "Tax Provision": -554741000.0,
        "Pretax Income": 53703000.0,
        "Other Income Expense": 40855000.0,
        "Other Non Operating Income Expenses": 1438000.0,
        "Special Income Charges": NaN,
        "Restructuring And Mergern Acquisition": NaN,
        "Gain On Sale Of Security": 39417000.0,
        "Net Non Operating Interest Income Expense": -14919000.0,
        "Total Other Finance Cost": 927000.0,
        "Interest Expense Non Operating": 13992000.0,
        "Operating Income": 27767000.0,
        "Operating Expense": 104351000.0,
        "Other Operating Expenses": 87241000.0,
        "Other Taxes": 7216000.0,
        "Selling General And Administration": 9894000.0,
        "General And Administrative Expense": 9894000.0,
        "Other Gand A": 9894000.0,
        "Gross Profit": 132118000.0,
        "Cost Of Revenue": 95132000.0,
        "Total Revenue": 227250000.0,
        "Operating Revenue": 227250000.0
    },
    "2023-12-31": {
        "Tax Effect Of Unusual Items": 24291279.856601,
        "Tax Rate For Calcs": 0.107458,
        "Normalized EBITDA": 143972000.0,
        "Total Unusual Items": 226053000.0,
        "Total Unusual Items Excluding Goodwill": 226053000.0,
        "Net Income From Continuing Operation Net Minority Interest": 245731000.0,
        "Reconciled Depreciation": 80968000.0,
        "Reconciled Cost Of Revenue": 97972000.0,
        "EBITDA": 370025000.0,
        "EBIT": 289057000.0,
        "Net Interest Income": -14667000.0,
        "Interest Expense": 13741000.0,
        "Normalized Income": 43969279.856601,
        "Net Income From Continuing And Discontinued Operation": 245731000.0,
        "Total Expenses": 206615000.0,
        "Total Operating Income As Reported": 282493000.0,
        "Diluted Average Shares": 18829000.0,
        "Basic Average Shares": 18524000.0,
        "Diluted EPS": 11.13,
        "Basic EPS": 11.28,
        "Diluted NI Availto Com Stockholders": 213075000.0,
        "Average Dilution Earnings": 432000.0,
        "Net Income Common Stockholders": 212643000.0,
        "Otherunder Preferred Stock Dividend": 31966000.0,
        "Preferred Stock Dividends": 1122000.0,
        "Net Income": 245731000.0,
        "Net Income Including Noncontrolling Interests": 245731000.0,
        "Net Income Continuous Operations": 245731000.0,
        "Tax Provision": 29585000.0,
        "Pretax Income": 275316000.0,
        "Other Income Expense": 233543000.0,
        "Other Non Operating Income Expenses": 7490000.0,
        "Special Income Charges": 0.0,
        "Restructuring And Mergern Acquisition": 0.0,
        "Gain On Sale Of Security": 226053000.0,
        "Net Non Operating Interest Income Expense": -14667000.0,
        "Total Other Finance Cost": 933000.0,
        "Interest Expense Non Operating": 13741000.0,
        "Operating Income": 56440000.0,
        "Operating Expense": 108643000.0,
        "Other Operating Expenses": 89413000.0,
        "Other Taxes": 7868000.0,
        "Selling General And Administration": 11362000.0,
        "General And Administrative Expense": 11362000.0,
        "Other Gand A": 11362000.0,
        "Gross Profit": 165083000.0,
        "Cost Of Revenue": 97972000.0,
        "Total Revenue": 263055000.0,
        "Operating Revenue": 263055000.0
    },
    "2024-03-31": {
        "Tax Effect Of Unusual Items": 10022799.425906,
        "Tax Rate For Calcs": 0.222058,
        "Normalized EBITDA": 115365000.0,
        "Total Unusual Items": 45136000.0,
        "Total Unusual Items Excluding Goodwill": 45136000.0,
        "Net Income From Continuing Operation Net Minority Interest": 52035000.0,
        "Reconciled Depreciation": 80023000.0,
        "Reconciled Cost Of Revenue": 96831000.0,
        "EBITDA": 160501000.0,
        "EBIT": 80478000.0,
        "Net Interest Income": -15003000.0,
        "Interest Expense": 13590000.0,
        "Normalized Income": 16921799.425906,
        "Net Income From Continuing And Discontinued Operation": 52035000.0,
        "Total Expenses": 201463000.0,
        "Total Operating Income As Reported": 81766000.0,
        "Diluted Average Shares": 18604000.0,
        "Basic Average Shares": 18193000.0,
        "Diluted EPS": 2.34,
        "Basic EPS": 2.39,
        "Diluted NI Availto Com Stockholders": 43398000.0,
        "Average Dilution Earnings": NaN,
        "Net Income Common Stockholders": 43398000.0,
        "Otherunder Preferred Stock Dividend": 7532000.0,
        "Preferred Stock Dividends": 1105000.0,
        "Net Income": 52035000.0,
        "Net Income Including Noncontrolling Interests": 52035000.0,
        "Net Income Continuous Operations": 52035000.0,
        "Tax Provision": 14853000.0,
        "Pretax Income": 66888000.0,
        "Other Income Expense": 45261000.0,
        "Other Non Operating Income Expenses": 125000.0,
        "Special Income Charges": 0.0,
        "Restructuring And Mergern Acquisition": 0.0,
        "Gain On Sale Of Security": 45136000.0,
        "Net Non Operating Interest Income Expense": -15003000.0,
        "Total Other Finance Cost": 1413000.0,
        "Interest Expense Non Operating": 13590000.0,
        "Operating Income": 36630000.0,
        "Operating Expense": 104632000.0,
        "Other Operating Expenses": 87174000.0,
        "Other Taxes": 8260000.0,
        "Selling General And Administration": 9198000.0,
        "General And Administrative Expense": 9198000.0,
        "Other Gand A": 9198000.0,
        "Gross Profit": 141262000.0,
        "Cost Of Revenue": 96831000.0,
        "Total Revenue": 238093000.0,
        "Operating Revenue": 238093000.0
    }
}