{
    "2023-03-31": {
        "Tax Effect Of Unusual Items": NaN,
        "Tax Rate For Calcs": NaN,
        "Normalized EBITDA": NaN,
        "Total Unusual Items": NaN,
        "Total Unusual Items Excluding Goodwill": NaN,
        "Net Income From Continuing Operation Net Minority Interest": NaN,
        "Reconciled Depreciation": NaN,
        "Reconciled Cost Of Revenue": NaN,
        "EBITDA": NaN,
        "EBIT": NaN,
        "Net Interest Income": NaN,
        "Interest Expense": NaN,
        "Interest Income": NaN,
        "Normalized Income": NaN,
        "Net Income From Continuing And Discontinued Operation": NaN,
        "Total Expenses": NaN,
        "Total Operating Income As Reported": NaN,
        "Diluted Average Shares": NaN,
        "Basic Average Shares": NaN,
        "Diluted EPS": NaN,
        "Basic EPS": NaN,
        "Diluted NI Availto Com Stockholders": NaN,
        "Average Dilution Earnings": NaN,
        "Net Income Common Stockholders": NaN,
        "Net Income": NaN,
        "Minority Interests": NaN,
        "Net Income Including Noncontrolling Interests": NaN,
        "Net Income Continuous Operations": NaN,
        "Earnings From Equity Interest Net Of Tax": NaN,
        "Tax Provision": NaN,
        "Pretax Income": NaN,
        "Other Income Expense": NaN,
        "Other Non Operating Income Expenses": NaN,
        "Special Income Charges": NaN,
        "Gain On Sale Of Ppe": NaN,
        "Net Non Operating Interest Income Expense": NaN,
        "Interest Expense Non Operating": NaN,
        "Interest Income Non Operating": NaN,
        "Operating Income": NaN,
        "Operating Expense": NaN,
        "Other Operating Expenses": 7253000.0,
        "Depreciation Amortization Depletion Income Statement": NaN,
        "Depreciation And Amortization In Income Statement": NaN,
        "Selling General And Administration": NaN,
        "Gross Profit": NaN,
        "Cost Of Revenue": NaN,
        "Total Revenue": NaN,
        "Operating Revenue": NaN
    },
    "2022-12-31": {
        "Tax Effect Of Unusual Items": NaN,
        "Tax Rate For Calcs": NaN,
        "Normalized EBITDA": NaN,
        "Total Unusual Items": 0.0,
        "Total Unusual Items Excluding Goodwill": 0.0,
        "Net Income From Continuing Operation Net Minority Interest": NaN,
        "Reconciled Depreciation": NaN,
        "Reconciled Cost Of Revenue": NaN,
        "EBITDA": NaN,
        "EBIT": NaN,
        "Net Interest Income": NaN,
        "Interest Expense": NaN,
        "Interest Income": NaN,
        "Normalized Income": NaN,
        "Net Income From Continuing And Discontinued Operation": NaN,
        "Total Expenses": NaN,
        "Total Operating Income As Reported": NaN,
        "Diluted Average Shares": NaN,
        "Basic Average Shares": NaN,
        "Diluted EPS": NaN,
        "Basic EPS": NaN,
        "Diluted NI Availto Com Stockholders": NaN,
        "Average Dilution Earnings": NaN,
        "Net Income Common Stockholders": NaN,
        "Net Income": NaN,
        "Minority Interests": NaN,
        "Net Income Including Noncontrolling Interests": NaN,
        "Net Income Continuous Operations": NaN,
        "Earnings From Equity Interest Net Of Tax": NaN,
        "Tax Provision": NaN,
        "Pretax Income": NaN,
        "Other Income Expense": NaN,
        "Other Non Operating Income Expenses": NaN,
        "Special Income Charges": 0.0,
        "Gain On Sale Of Ppe": 0.0,
        "Net Non Operating Interest Income Expense": NaN,
        "Interest Expense Non Operating": NaN,
        "Interest Income Non Operating": NaN,
        "Operating Income": NaN,
        "Operating Expense": NaN,
        "Other Operating Expenses": 7146000.0,
        "Depreciation Amortization Depletion Income Statement": NaN,
        "Depreciation And Amortization In Income Statement": NaN,
        "Selling General And Administration": NaN,
        "Gross Profit": NaN,
        "Cost Of Revenue": NaN,
        "Total Revenue": NaN,
        "Operating Revenue": NaN
    },
    "2022-09-30": {
        "Tax Effect Of Unusual Items": NaN,
        "Tax Rate For Calcs": NaN,
        "Normalized EBITDA": NaN,
        "Total Unusual Items": 0.0,
        "Total Unusual Items Excluding Goodwill": 0.0,
        "Net Income From Continuing Operation Net Minority Interest": NaN,
        "Reconciled Depreciation": NaN,
        "Reconciled Cost Of Revenue": NaN,
        "EBITDA": NaN,
        "EBIT": NaN,
        "Net Interest Income": NaN,
        "Interest Expense": NaN,
        "Interest Income": NaN,
        "Normalized Income": NaN,
        "Net Income From Continuing And Discontinued Operation": NaN,
        "Total Expenses": NaN,
        "Total Operating Income As Reported": NaN,
        "Diluted Average Shares": NaN,
        "Basic Average Shares": NaN,
        "Diluted EPS": NaN,
        "Basic EPS": NaN,
        "Diluted NI Availto Com Stockholders": NaN,
        "Average Dilution Earnings": 0.0,
        "Net Income Common Stockholders": NaN,
        "Net Income": NaN,
        "Minority Interests": NaN,
        "Net Income Including Noncontrolling Interests": NaN,
        "Net Income Continuous Operations": NaN,
        "Earnings From Equity Interest Net Of Tax": NaN,
        "Tax Provision": NaN,
        "Pretax Income": NaN,
        "Other Income Expense": NaN,
        "Other Non Operating Income Expenses": NaN,
        "Special Income Charges": 0.0,
        "Gain On Sale Of Ppe": 0.0,
        "Net Non Operating Interest Income Expense": NaN,
        "Interest Expense Non Operating": NaN,
        "Interest Income Non Operating": NaN,
        "Operating Income": NaN,
        "Operating Expense": NaN,
        "Other Operating Expenses": NaN,
        "Depreciation Amortization Depletion Income Statement": NaN,
        "Depreciation And Amortization In Income Statement": NaN,
        "Selling General And Administration": NaN,
        "Gross Profit": NaN,
        "Cost Of Revenue": NaN,
        "Total Revenue": NaN,
        "Operating Revenue": NaN
    },
    "2022-06-30": {
        "Tax Effect Of Unusual Items": 0.0,
        "Tax Rate For Calcs": 0.052625,
        "Normalized EBITDA": 83779000.0,
        "Total Unusual Items": 0.0,
        "Total Unusual Items Excluding Goodwill": 0.0,
        "Net Income From Continuing Operation Net Minority Interest": 46398000.0,
        "Reconciled Depreciation": 20967000.0,
        "Reconciled Cost Of Revenue": 921314000.0,
        "EBITDA": 83779000.0,
        "EBIT": 62812000.0,
        "Net Interest Income": -6994000.0,
        "Interest Expense": 7800000.0,
        "Interest Income": 806000.0,
        "Normalized Income": 46398000.0,
        "Net Income From Continuing And Discontinued Operation": 46398000.0,
        "Total Expenses": 978553000.0,
        "Total Operating Income As Reported": 33841000.0,
        "Diluted Average Shares": 66895000.0,
        "Basic Average Shares": 53033000.0,
        "Diluted EPS": 0.73,
        "Basic EPS": 0.87,
        "Diluted NI Availto Com Stockholders": 46398000.0,
        "Average Dilution Earnings": 2171000.0,
        "Net Income Common Stockholders": 46398000.0,
        "Net Income": 46398000.0,
        "Minority Interests": -6322000.0,
        "Net Income Including Noncontrolling Interests": 52720000.0,
        "Net Income Continuous Operations": 52720000.0,
        "Earnings From Equity Interest Net Of Tax": 603000.0,
        "Tax Provision": 2895000.0,
        "Pretax Income": 55012000.0,
        "Other Income Expense": 28165000.0,
        "Other Non Operating Income Expenses": 28165000.0,
        "Special Income Charges": 0.0,
        "Gain On Sale Of Ppe": 0.0,
        "Net Non Operating Interest Income Expense": -6994000.0,
        "Interest Expense Non Operating": 7800000.0,
        "Interest Income Non Operating": 806000.0,
        "Operating Income": 33841000.0,
        "Operating Expense": 57239000.0,
        "Other Operating Expenses": 6159000.0,
        "Depreciation Amortization Depletion Income Statement": 20967000.0,
        "Depreciation And Amortization In Income Statement": 20967000.0,
        "Selling General And Administration": 30113000.0,
        "Gross Profit": 91080000.0,
        "Cost Of Revenue": 921314000.0,
        "Total Revenue": 1012394000.0,
        "Operating Revenue": 1012394000.0
    },
    "2022-03-31": {
        "Diluted EPS": -1.16,
        "Total Revenue": 781,
        "Gross Profit": 3,
        "Operating Income": -48,
        "EBIT": -26,
        "Net Income": -61
    },
    "2021-12-31": {
        "Diluted EPS": -0.26,
        "Total Revenue": 802,
        "Gross Profit": 50,
        "Operating Income": 8,
        "EBIT": 32,
        "Net Income": -10
    },
    "2021-09-30": {
        "Diluted EPS": -1.18,
        "Total Revenue": 747,
        "Gross Profit": 11,
        "Operating Income": -45,
        "EBIT": -14,
        "Net Income": -60
    },
    "2021-06-30": {
        "Diluted EPS": 0.2,
        "Total Revenue": 724,
        "Gross Profit": 79,
        "Operating Income": 31,
        "EBIT": 54,
        "Net Income": 10
    },
    "2021-03-31": {
        "Diluted EPS": -0.17,
        "Total Revenue": 554,
        "Gross Profit": 39,
        "Operating Income": 31,
        "EBIT": 55,
        "Net Income": -7
    },
    "2020-12-31": {
        "Diluted EPS": -1.43,
        "Total Revenue": 479,
        "Gross Profit": 32,
        "Operating Income": -35,
        "EBIT": -7,
        "Net Income": -50
    },
    "2020-09-30": {
        "Diluted EPS": -1.0,
        "Total Revenue": 424,
        "Gross Profit": 23,
        "Operating Income": -14,
        "EBIT": 11,
        "Net Income": -34
    },
    "2020-06-30": {
        "Diluted EPS": -0.24,
        "Total Revenue": 388,
        "Gross Profit": 21,
        "Operating Income": -19,
        "EBIT": 5,
        "Net Income": -8
    },
    "2020-03-31": {
        "Diluted EPS": -0.47,
        "Total Revenue": 633,
        "Gross Profit": 9,
        "Operating Income": -54,
        "EBIT": -7,
        "Net Income": -16
    },
    "2019-12-31": {
        "Diluted EPS": -1.13,
        "Total Revenue": 716,
        "Gross Profit": 25,
        "Operating Income": -15,
        "EBIT": 9,
        "Net Income": -40
    },
    "2019-09-30": {
        "Diluted EPS": -1.06,
        "Total Revenue": 632,
        "Gross Profit": -6,
        "Operating Income": -42,
        "EBIT": -19,
        "Net Income": -39
    },
    "2019-06-30": {
        "Diluted EPS": -1.13,
        "Total Revenue": 631,
        "Gross Profit": -10,
        "Operating Income": -47,
        "EBIT": -23,
        "Net Income": -45
    },
    "2019-03-31": {
        "Diluted EPS": -1.06,
        "Total Revenue": 439,
        "Gross Profit": -3,
        "Operating Income": -39,
        "EBIT": -18,
        "Net Income": -43
    },
    "2018-12-31": {
        "Diluted EPS": 1.32,
        "Total Revenue": 163,
        "Gross Profit": -19,
        "Operating Income": 86,
        "EBIT": 107,
        "Net Income": 54
    },
    "2018-09-30": {
        "Diluted EPS": -0.31,
        "Total Revenue": 789,
        "Gross Profit": 49,
        "Operating Income": -4,
        "EBIT": 26,
        "Net Income": -12
    },
    "2018-06-30": {
        "Diluted EPS": -0.02,
        "Total Revenue": 987,
        "Gross Profit": 68,
        "Operating Income": 12,
        "EBIT": 42,
        "Net Income": -1
    },
    "2018-03-31": {
        "Diluted EPS": -0.6,
        "Total Revenue": NaN,
        "Gross Profit": 49,
        "Operating Income": -4,
        "EBIT": 26,
        "Net Income": -24
    },
    "2017-12-31": {
        "Diluted EPS": 1.23,
        "Total Revenue": 614,
        "Gross Profit": 42,
        "Operating Income": -11,
        "EBIT": 16,
        "Net Income": 47
    },
    "2017-09-30": {
        "Diluted EPS": 0.74,
        "Total Revenue": 901,
        "Gross Profit": 77,
        "Operating Income": 21,
        "EBIT": 52,
        "Net Income": 34
    },
    "2017-06-30": {
        "Diluted EPS": -0.41,
        "Total Revenue": 886,
        "Gross Profit": 48,
        "Operating Income": -4,
        "EBIT": 26,
        "Net Income": -16
    },
    "2017-03-31": {
        "Diluted EPS": -0.09,
        "Total Revenue": 888,
        "Gross Profit": 67,
        "Operating Income": 17,
        "EBIT": 47,
        "Net Income": -4
    },
    "2016-12-31": {
        "Diluted EPS": 0.5,
        "Total Revenue": 932,
        "Gross Profit": 121,
        "Operating Income": 56,
        "EBIT": 88,
        "Net Income": 19
    },
    "2016-09-30": {
        "Diluted EPS": 0.2,
        "Total Revenue": 842,
        "Gross Profit": 74,
        "Operating Income": 31,
        "EBIT": 53,
        "Net Income": 8
    },
    "2016-06-30": {
        "Diluted EPS": 0.21,
        "Total Revenue": 888,
        "Gross Profit": 70,
        "Operating Income": 27,
        "EBIT": 47,
        "Net Income": 8
    },
    "2016-03-31": {
        "Diluted EPS": -0.63,
        "Total Revenue": 749,
        "Gross Profit": 16,
        "Operating Income": -23,
        "EBIT": -1,
        "Net Income": -24
    },
    "2015-12-31": {
        "Diluted EPS": -0.08,
        "Total Revenue": 740,
        "Gross Profit": 51,
        "Operating Income": 13,
        "EBIT": 32,
        "Net Income": -4
    },
    "2015-09-30": {
        "Diluted EPS": 0.16,
        "Total Revenue": 743,
        "Gross Profit": 56,
        "Operating Income": 20,
        "EBIT": 39,
        "Net Income": 6
    },
    "2015-06-30": {
        "Diluted EPS": 0.19,
        "Total Revenue": 744,
        "Gross Profit": 61,
        "Operating Income": 24,
        "EBIT": 42,
        "Net Income": 8
    },
    "2015-03-31": {
        "Diluted EPS": -0.09,
        "Total Revenue": 738,
        "Gross Profit": 39,
        "Operating Income": 4,
        "EBIT": 22,
        "Net Income": -3
    },
    "2014-12-31": {
        "Diluted EPS": 1.07,
        "Total Revenue": 830,
        "Gross Profit": 136,
        "Operating Income": 74,
        "EBIT": 92,
        "Net Income": 42
    },
    "2014-09-30": {
        "Diluted EPS": 1.03,
        "Total Revenue": 834,
        "Gross Profit": 111,
        "Operating Income": 75,
        "EBIT": 94,
        "Net Income": 42
    },
    "2014-06-30": {
        "Diluted EPS": 0.82,
        "Total Revenue": 838,
        "Gross Profit": 78,
        "Operating Income": 59,
        "EBIT": 76,
        "Net Income": 32
    },
    "2014-03-31": {
        "Diluted EPS": 1.04,
        "Total Revenue": 734,
        "Gross Profit": 101,
        "Operating Income": 78,
        "EBIT": 95,
        "Net Income": 43
    },
    "2013-12-31": {
        "Diluted EPS": 0.71,
        "Total Revenue": 713,
        "Gross Profit": 113,
        "Operating Income": 51,
        "EBIT": 66,
        "Net Income": 25
    },
    "2013-09-30": {
        "Diluted EPS": 0.28,
        "Total Revenue": 758,
        "Gross Profit": 41,
        "Operating Income": 26,
        "EBIT": 39,
        "Net Income": 9
    },
    "2013-06-30": {
        "Diluted EPS": 0.19,
        "Total Revenue": 805,
        "Gross Profit": 33,
        "Operating Income": 19,
        "EBIT": 32,
        "Net Income": 6
    },
    "2013-03-31": {
        "Diluted EPS": 0.08,
        "Total Revenue": 765,
        "Gross Profit": 27,
        "Operating Income": 13,
        "EBIT": 26,
        "Net Income": 3
    },
    "2012-12-31": {
        "Diluted EPS": 1.06,
        "Total Revenue": 884,
        "Gross Profit": 42,
        "Operating Income": 68,
        "EBIT": 82,
        "Net Income": 33
    },
    "2012-09-30": {
        "Diluted EPS": -0.03,
        "Total Revenue": 947,
        "Gross Profit": 28,
        "Operating Income": 9,
        "EBIT": 23,
        "Net Income": -1
    },
    "2012-06-30": {
        "Diluted EPS": -0.25,
        "Total Revenue": 870,
        "Gross Profit": 18,
        "Operating Income": -1,
        "EBIT": 13,
        "Net Income": -8
    },
    "2012-03-31": {
        "Diluted EPS": -0.39,
        "Total Revenue": 775,
        "Gross Profit": 9,
        "Operating Income": -11,
        "EBIT": 3,
        "Net Income": -13
    },
    "2011-12-31": {
        "Diluted EPS": 0.35,
        "Total Revenue": 923,
        "Gross Profit": 52,
        "Operating Income": 32,
        "EBIT": 46,
        "Net Income": 13
    },
    "2011-09-30": {
        "Diluted EPS": 0.32,
        "Total Revenue": 957,
        "Gross Profit": 47,
        "Operating Income": 29,
        "EBIT": 42,
        "Net Income": 12
    },
    "2011-06-30": {
        "Diluted EPS": 0.14,
        "Total Revenue": 862,
        "Gross Profit": 35,
        "Operating Income": 18,
        "EBIT": 30,
        "Net Income": 5
    },
    "2011-03-31": {
        "Diluted EPS": 0.2,
        "Total Revenue": 812,
        "Gross Profit": 38,
        "Operating Income": 20,
        "EBIT": 33,
        "Net Income": 8
    },
    "2010-12-31": {
        "Diluted EPS": 0.43,
        "Total Revenue": 758,
        "Gross Profit": 52,
        "Operating Income": 34,
        "EBIT": 45,
        "Net Income": 16
    },
    "2010-09-30": {
        "Diluted EPS": 0.23,
        "Total Revenue": 496,
        "Gross Profit": 32,
        "Operating Income": 17,
        "EBIT": 26,
        "Net Income": 7
    },
    "2010-06-30": {
        "Diluted EPS": 0.27,
        "Total Revenue": 453,
        "Gross Profit": 31,
        "Operating Income": 17,
        "EBIT": 26,
        "Net Income": 9
    },
    "2010-03-31": {
        "Diluted EPS": 0.58,
        "Total Revenue": 426,
        "Gross Profit": 37,
        "Operating Income": 25,
        "EBIT": 33,
        "Net Income": 16
    },
    "2009-12-31": {
        "Diluted EPS": 0.92,
        "Total Revenue": 438,
        "Gross Profit": 46,
        "Operating Income": 31,
        "EBIT": 40,
        "Net Income": 23
    },
    "2009-09-30": {
        "Diluted EPS": 0.22,
        "Total Revenue": 362,
        "Gross Profit": 21,
        "Operating Income": 11,
        "EBIT": 19,
        "Net Income": 5
    },
    "2009-06-30": {
        "Diluted EPS": 0.03,
        "Total Revenue": 285,
        "Gross Profit": 15,
        "Operating Income": 4,
        "EBIT": 11,
        "Net Income": 1
    },
    "2009-03-31": {
        "Diluted EPS": -0.38,
        "Total Revenue": 221,
        "Gross Profit": 2,
        "Operating Income": -7,
        "EBIT": -1,
        "Net Income": -9
    },
    "2023-06-30": {
        "Tax Effect Of Unusual Items": NaN,
        "Tax Rate For Calcs": NaN,
        "Normalized EBITDA": NaN,
        "Total Unusual Items": NaN,
        "Total Unusual Items Excluding Goodwill": NaN,
        "Net Income From Continuing Operation Net Minority Interest": NaN,
        "Reconciled Depreciation": NaN,
        "Reconciled Cost Of Revenue": NaN,
        "EBITDA": NaN,
        "EBIT": NaN,
        "Net Interest Income": NaN,
        "Interest Expense": NaN,
        "Interest Income": NaN,
        "Normalized Income": NaN,
        "Net Income From Continuing And Discontinued Operation": NaN,
        "Total Expenses": NaN,
        "Total Operating Income As Reported": NaN,
        "Diluted Average Shares": 58874000.0,
        "Basic Average Shares": 58874000.0,
        "Diluted EPS": -0.89,
        "Basic EPS": -0.89,
        "Diluted NI Availto Com Stockholders": NaN,
        "Average Dilution Earnings": 0.0,
        "Net Income Common Stockholders": NaN,
        "Net Income": NaN,
        "Minority Interests": NaN,
        "Net Income Including Noncontrolling Interests": NaN,
        "Net Income Continuous Operations": NaN,
        "Earnings From Equity Interest Net Of Tax": NaN,
        "Tax Provision": NaN,
        "Pretax Income": NaN,
        "Other Income Expense": NaN,
        "Other Non Operating Income Expenses": NaN,
        "Special Income Charges": NaN,
        "Gain On Sale Of Ppe": NaN,
        "Net Non Operating Interest Income Expense": NaN,
        "Interest Expense Non Operating": NaN,
        "Interest Income Non Operating": NaN,
        "Operating Income": NaN,
        "Operating Expense": NaN,
        "Other Operating Expenses": 7070000.0,
        "Depreciation Amortization Depletion Income Statement": NaN,
        "Depreciation And Amortization In Income Statement": NaN,
        "Selling General And Administration": NaN,
        "Gross Profit": NaN,
        "Cost Of Revenue": NaN,
        "Total Revenue": NaN,
        "Operating Revenue": NaN
    },
    "2023-09-30": {
        "Tax Effect Of Unusual Items": 1186710.0,
        "Tax Rate For Calcs": 0.21,
        "Normalized EBITDA": 46171000.0,
        "Total Unusual Items": 5651000.0,
        "Total Unusual Items Excluding Goodwill": 5651000.0,
        "Net Income From Continuing Operation Net Minority Interest": 22311000.0,
        "Reconciled Depreciation": 23899000.0,
        "Reconciled Cost Of Revenue": 811299000.0,
        "EBITDA": 51822000.0,
        "EBIT": 27923000.0,
        "Net Interest Income": -7083000.0,
        "Interest Expense": 9550000.0,
        "Interest Income": 2467000.0,
        "Normalized Income": 17846710.0,
        "Net Income From Continuing And Discontinued Operation": 22311000.0,
        "Total Expenses": 877247000.0,
        "Total Operating Income As Reported": 21174000.0,
        "Diluted Average Shares": 67402000.0,
        "Basic Average Shares": 58910000.0,
        "Diluted EPS": 0.35,
        "Basic EPS": 0.38,
        "Diluted NI Availto Com Stockholders": 23512000.0,
        "Average Dilution Earnings": 1201000.0,
        "Net Income Common Stockholders": 22311000.0,
        "Net Income": 22311000.0,
        "Minority Interests": -3981000.0,
        "Net Income Including Noncontrolling Interests": 26292000.0,
        "Net Income Continuous Operations": 26292000.0,
        "Earnings From Equity Interest Net Of Tax": 156000.0,
        "Tax Provision": -7763000.0,
        "Pretax Income": 18373000.0,
        "Other Income Expense": 9933000.0,
        "Other Non Operating Income Expenses": 4282000.0,
        "Special Income Charges": 5651000.0,
        "Gain On Sale Of Ppe": 5651000.0,
        "Net Non Operating Interest Income Expense": -7083000.0,
        "Interest Expense Non Operating": 9550000.0,
        "Interest Income Non Operating": 2467000.0,
        "Operating Income": 15523000.0,
        "Operating Expense": 65948000.0,
        "Other Operating Expenses": 6709000.0,
        "Depreciation Amortization Depletion Income Statement": 23899000.0,
        "Depreciation And Amortization In Income Statement": 23899000.0,
        "Selling General And Administration": 35340000.0,
        "Gross Profit": 81471000.0,
        "Cost Of Revenue": 811299000.0,
        "Total Revenue": 892770000.0,
        "Operating Revenue": 892770000.0
    },
    "2023-12-31": {
        "Tax Effect Of Unusual Items": -81060.0,
        "Tax Rate For Calcs": 0.21,
        "Normalized EBITDA": 45206000.0,
        "Total Unusual Items": -386000.0,
        "Total Unusual Items Excluding Goodwill": -386000.0,
        "Net Income From Continuing Operation Net Minority Interest": 7233000.0,
        "Reconciled Depreciation": 24333000.0,
        "Reconciled Cost Of Revenue": 632443000.0,
        "EBITDA": 44820000.0,
        "EBIT": 20487000.0,
        "Net Interest Income": -5370000.0,
        "Interest Expense": 8674000.0,
        "Interest Income": 3304000.0,
        "Normalized Income": 7537940.0,
        "Net Income From Continuing And Discontinued Operation": 7233000.0,
        "Total Expenses": 695738000.0,
        "Total Operating Income As Reported": 16268000.0,
        "Diluted Average Shares": 58913000.0,
        "Basic Average Shares": 58913000.0,
        "Diluted EPS": 0.12,
        "Basic EPS": 0.12,
        "Diluted NI Availto Com Stockholders": 7233000.0,
        "Average Dilution Earnings": NaN,
        "Net Income Common Stockholders": 7233000.0,
        "Net Income": 7233000.0,
        "Minority Interests": -4745000.0,
        "Net Income Including Noncontrolling Interests": 11978000.0,
        "Net Income Continuous Operations": 11978000.0,
        "Earnings From Equity Interest Net Of Tax": -99000.0,
        "Tax Provision": -264000.0,
        "Pretax Income": 11813000.0,
        "Other Income Expense": 529000.0,
        "Other Non Operating Income Expenses": 915000.0,
        "Special Income Charges": -386000.0,
        "Gain On Sale Of Ppe": -386000.0,
        "Net Non Operating Interest Income Expense": -5370000.0,
        "Interest Expense Non Operating": 8674000.0,
        "Interest Income Non Operating": 3304000.0,
        "Operating Income": 16654000.0,
        "Operating Expense": 63295000.0,
        "Other Operating Expenses": 6122000.0,
        "Depreciation Amortization Depletion Income Statement": 24333000.0,
        "Depreciation And Amortization In Income Statement": 24333000.0,
        "Selling General And Administration": 32840000.0,
        "Gross Profit": 79949000.0,
        "Cost Of Revenue": 632443000.0,
        "Total Revenue": 712392000.0,
        "Operating Revenue": 712392000.0
    },
    "2024-03-31": {
        "Tax Effect Of Unusual Items": 0.0,
        "Tax Rate For Calcs": 0.21,
        "Normalized EBITDA": -20443000.0,
        "Total Unusual Items": NaN,
        "Total Unusual Items Excluding Goodwill": NaN,
        "Net Income From Continuing Operation Net Minority Interest": -51412000.0,
        "Reconciled Depreciation": 21487000.0,
        "Reconciled Cost Of Revenue": 588847000.0,
        "EBITDA": -20443000.0,
        "EBIT": -41930000.0,
        "Net Interest Income": -5276000.0,
        "Interest Expense": 7786000.0,
        "Interest Income": 2510000.0,
        "Normalized Income": -51412000.0,
        "Net Income From Continuing And Discontinued Operation": -51412000.0,
        "Total Expenses": 642103000.0,
        "Total Operating Income As Reported": -44889000.0,
        "Diluted Average Shares": 63341000.0,
        "Basic Average Shares": 63341000.0,
        "Diluted EPS": -0.81,
        "Basic EPS": -0.81,
        "Diluted NI Availto Com Stockholders": -51412000.0,
        "Average Dilution Earnings": NaN,
        "Net Income Common Stockholders": -51412000.0,
        "Net Income": -51412000.0,
        "Minority Interests": -290000.0,
        "Net Income Including Noncontrolling Interests": -51122000.0,
        "Net Income Continuous Operations": -51122000.0,
        "Earnings From Equity Interest Net Of Tax": -1077000.0,
        "Tax Provision": 329000.0,
        "Pretax Income": -49716000.0,
        "Other Income Expense": 449000.0,
        "Other Non Operating Income Expenses": 449000.0,
        "Special Income Charges": NaN,
        "Gain On Sale Of Ppe": NaN,
        "Net Non Operating Interest Income Expense": -5276000.0,
        "Interest Expense Non Operating": 7786000.0,
        "Interest Income Non Operating": 2510000.0,
        "Operating Income": -44889000.0,
        "Operating Expense": 53256000.0,
        "Other Operating Expenses": NaN,
        "Depreciation Amortization Depletion Income Statement": 21487000.0,
        "Depreciation And Amortization In Income Statement": 21487000.0,
        "Selling General And Administration": 31769000.0,
        "Gross Profit": 8367000.0,
        "Cost Of Revenue": 588847000.0,
        "Total Revenue": 597214000.0,
        "Operating Revenue": 597214000.0
    },
    "2024-06-30": {
        "Tax Effect Of Unusual Items": 0.0,
        "Tax Rate For Calcs": 0.011682,
        "Normalized EBITDA": 5708000.0,
        "Total Unusual Items": NaN,
        "Total Unusual Items Excluding Goodwill": NaN,
        "Net Income From Continuing Operation Net Minority Interest": -24350000.0,
        "Reconciled Depreciation": 21584000.0,
        "Reconciled Cost Of Revenue": 581002000.0,
        "EBITDA": 5708000.0,
        "EBIT": -15876000.0,
        "Net Interest Income": -6004000.0,
        "Interest Expense": 7494000.0,
        "Interest Income": 1490000.0,
        "Normalized Income": -24350000.0,
        "Net Income From Continuing And Discontinued Operation": -24350000.0,
        "Total Expenses": 636536000.0,
        "Total Operating Income As Reported": -17711000.0,
        "Diluted Average Shares": 63933000.0,
        "Basic Average Shares": 63933000.0,
        "Diluted EPS": -0.38,
        "Basic EPS": -0.38,
        "Diluted NI Availto Com Stockholders": -24350000.0,
        "Average Dilution Earnings": NaN,
        "Net Income Common Stockholders": -24350000.0,
        "Net Income": -24350000.0,
        "Minority Interests": -312000.0,
        "Net Income Including Noncontrolling Interests": -24038000.0,
        "Net Income Continuous Operations": -24038000.0,
        "Earnings From Equity Interest Net Of Tax": -941000.0,
        "Tax Provision": -273000.0,
        "Pretax Income": -23370000.0,
        "Other Income Expense": 345000.0,
        "Other Non Operating Income Expenses": 345000.0,
        "Special Income Charges": NaN,
        "Gain On Sale Of Ppe": NaN,
        "Net Non Operating Interest Income Expense": -6004000.0,
        "Interest Expense Non Operating": 7494000.0,
        "Interest Income Non Operating": 1490000.0,
        "Operating Income": -17711000.0,
        "Operating Expense": 55534000.0,
        "Other Operating Expenses": NaN,
        "Depreciation Amortization Depletion Income Statement": 21584000.0,
        "Depreciation And Amortization In Income Statement": 21584000.0,
        "Selling General And Administration": 33950000.0,
        "Gross Profit": 37823000.0,
        "Cost Of Revenue": 581002000.0,
        "Total Revenue": 618825000.0,
        "Operating Revenue": 618825000.0
    },
    "2024-09-30": {
        "Tax Effect Of Unusual Items": 6451830.0,
        "Tax Rate For Calcs": 0.21,
        "Normalized EBITDA": 53614000.0,
        "Total Unusual Items": 30723000.0,
        "Total Unusual Items Excluding Goodwill": 30723000.0,
        "Net Income From Continuing Operation Net Minority Interest": 48200000.0,
        "Reconciled Depreciation": 26070000.0,
        "Reconciled Cost Of Revenue": 580626000.0,
        "EBITDA": 84337000.0,
        "EBIT": 58267000.0,
        "Net Interest Income": -8352000.0,
        "Interest Expense": 10089000.0,
        "Interest Income": 1737000.0,
        "Normalized Income": 23928830.0,
        "Net Income From Continuing And Discontinued Operation": 48200000.0,
        "Total Expenses": 633406000.0,
        "Total Operating Income As Reported": 56052000.0,
        "Diluted Average Shares": NaN,
        "Basic Average Shares": NaN,
        "Diluted EPS": NaN,
        "Basic EPS": NaN,
        "Diluted NI Availto Com Stockholders": 49409000.0,
        "Average Dilution Earnings": 1209000.0,
        "Net Income Common Stockholders": 48200000.0,
        "Net Income": 48200000.0,
        "Minority Interests": -437000.0,
        "Net Income Including Noncontrolling Interests": 48637000.0,
        "Net Income Continuous Operations": 48637000.0,
        "Earnings From Equity Interest Net Of Tax": -366000.0,
        "Tax Provision": -825000.0,
        "Pretax Income": 48178000.0,
        "Other Income Expense": 31201000.0,
        "Other Non Operating Income Expenses": 478000.0,
        "Special Income Charges": 30723000.0,
        "Gain On Sale Of Ppe": 30723000.0,
        "Net Non Operating Interest Income Expense": -8352000.0,
        "Interest Expense Non Operating": 10089000.0,
        "Interest Income Non Operating": 1737000.0,
        "Operating Income": 25329000.0,
        "Operating Expense": 52780000.0,
        "Other Operating Expenses": NaN,
        "Depreciation Amortization Depletion Income Statement": 26070000.0,
        "Depreciation And Amortization In Income Statement": 26070000.0,
        "Selling General And Administration": 26710000.0,
        "Gross Profit": 78109000.0,
        "Cost Of Revenue": 580626000.0,
        "Total Revenue": 658735000.0,
        "Operating Revenue": 658735000.0
    }
}