{
    "2023-03-31": {
        "Tax Effect Of Unusual Items": -4890200.0,
        "Tax Rate For Calcs": 0.35,
        "Normalized EBITDA": 113778000.0,
        "Total Unusual Items": -13972000.0,
        "Total Unusual Items Excluding Goodwill": -13972000.0,
        "Net Income From Continuing Operation Net Minority Interest": 26257000.0,
        "Reconciled Depreciation": 27203000.0,
        "Reconciled Cost Of Revenue": 79699000.0,
        "EBITDA": 99806000.0,
        "EBIT": 72603000.0,
        "Net Interest Income": -9828000.0,
        "Interest Expense": 9238000.0,
        "Interest Income": 1092000.0,
        "Normalized Income": 35338800.0,
        "Net Income From Continuing And Discontinued Operation": 26257000.0,
        "Total Expenses": 95286000.0,
        "Rent Expense Supplemental": 1215000.0,
        "Total Operating Income As Reported": 76585000.0,
        "Diluted Average Shares": 58348889.0,
        "Basic Average Shares": 58348889.0,
        "Diluted EPS": 0.45,
        "Basic EPS": 0.45,
        "Diluted NI Availto Com Stockholders": 26257000.0,
        "Net Income Common Stockholders": 26257000.0,
        "Net Income": 26257000.0,
        "Net Income Including Noncontrolling Interests": 26257000.0,
        "Net Income Continuous Operations": 26257000.0,
        "Tax Provision": 37108000.0,
        "Pretax Income": 63365000.0,
        "Other Income Expense": -13972000.0,
        "Special Income Charges": -10580000.0,
        "Impairment Of Capital Assets": 10580000.0,
        "Gain On Sale Of Security": -3392000.0,
        "Net Non Operating Interest Income Expense": -9828000.0,
        "Total Other Finance Cost": 1682000.0,
        "Interest Expense Non Operating": 9238000.0,
        "Interest Income Non Operating": 1092000.0,
        "Operating Income": 87165000.0,
        "Operating Expense": 15587000.0,
        "Other Operating Expenses": 3873000.0,
        "Other Taxes": 817000.0,
        "Selling General And Administration": 10897000.0,
        "Selling And Marketing Expense": 1435000.0,
        "General And Administrative Expense": 9462000.0,
        "Other Gand A": 988000.0,
        "Insurance And Claims": 1124000.0,
        "Salaries And Wages": 7350000.0,
        "Gross Profit": 102752000.0,
        "Cost Of Revenue": 79699000.0,
        "Total Revenue": 182451000.0,
        "Operating Revenue": 182451000.0
    },
    "2022-12-31": {
        "Tax Effect Of Unusual Items": -4023006.074784,
        "Tax Rate For Calcs": 0.344288,
        "Normalized EBITDA": 89580000.0,
        "Total Unusual Items": -11685000.0,
        "Total Unusual Items Excluding Goodwill": -11685000.0,
        "Net Income From Continuing Operation Net Minority Interest": 52235000.0,
        "Reconciled Depreciation": NaN,
        "Reconciled Cost Of Revenue": 107471000.0,
        "EBITDA": 77895000.0,
        "EBIT": 77895000.0,
        "Net Interest Income": -9893000.0,
        "Interest Expense": -1614000.0,
        "Interest Income": NaN,
        "Normalized Income": 59896993.925216,
        "Net Income From Continuing And Discontinued Operation": 52235000.0,
        "Total Expenses": 129892000.0,
        "Rent Expense Supplemental": NaN,
        "Total Operating Income As Reported": 81677000.0,
        "Diluted Average Shares": 58261000.0,
        "Basic Average Shares": 58261000.0,
        "Diluted EPS": 0.895968,
        "Basic EPS": 0.895968,
        "Diluted NI Availto Com Stockholders": 52235000.0,
        "Net Income Common Stockholders": 52235000.0,
        "Net Income": 52235000.0,
        "Net Income Including Noncontrolling Interests": 52235000.0,
        "Net Income Continuous Operations": 52135000.0,
        "Tax Provision": 27374000.0,
        "Pretax Income": 79509000.0,
        "Other Income Expense": -11685000.0,
        "Special Income Charges": -19889000.0,
        "Impairment Of Capital Assets": 19889000.0,
        "Gain On Sale Of Security": 8204000.0,
        "Net Non Operating Interest Income Expense": -9893000.0,
        "Total Other Finance Cost": NaN,
        "Interest Expense Non Operating": -1614000.0,
        "Interest Income Non Operating": NaN,
        "Operating Income": 101087000.0,
        "Operating Expense": 22421000.0,
        "Other Operating Expenses": 4702000.0,
        "Other Taxes": NaN,
        "Selling General And Administration": 17719000.0,
        "Selling And Marketing Expense": 2795000.0,
        "General And Administrative Expense": 14924000.0,
        "Other Gand A": -23443000.0,
        "Insurance And Claims": NaN,
        "Salaries And Wages": NaN,
        "Gross Profit": 123508000.0,
        "Cost Of Revenue": 107471000.0,
        "Total Revenue": 230979000.0,
        "Operating Revenue": 230979000.0
    },
    "2022-09-30": {
        "Tax Effect Of Unusual Items": 11440000.0,
        "Tax Rate For Calcs": 0.4,
        "Normalized EBITDA": 128300000.0,
        "Total Unusual Items": 28600000.0,
        "Total Unusual Items Excluding Goodwill": 28600000.0,
        "Net Income From Continuing Operation Net Minority Interest": 73400000.0,
        "Reconciled Depreciation": 21416000.0,
        "Reconciled Cost Of Revenue": 108500000.0,
        "EBITDA": 156900000.0,
        "EBIT": 156900000.0,
        "Net Interest Income": -13300000.0,
        "Interest Expense": 13300000.0,
        "Interest Income": 783000.0,
        "Normalized Income": 56240000.0,
        "Net Income From Continuing And Discontinued Operation": 73400000.0,
        "Total Expenses": 129700000.0,
        "Rent Expense Supplemental": 2271000.0,
        "Total Operating Income As Reported": 145400000.0,
        "Diluted Average Shares": 59660163.0,
        "Basic Average Shares": 59179032.0,
        "Diluted EPS": 1.23,
        "Basic EPS": 1.24,
        "Diluted NI Availto Com Stockholders": 73400000.0,
        "Net Income Common Stockholders": 73400000.0,
        "Net Income": 73400000.0,
        "Net Income Including Noncontrolling Interests": 73400000.0,
        "Net Income Continuous Operations": 73400000.0,
        "Tax Provision": 70200000.0,
        "Pretax Income": 143600000.0,
        "Other Income Expense": 28600000.0,
        "Special Income Charges": -5900000.0,
        "Impairment Of Capital Assets": 5900000.0,
        "Gain On Sale Of Security": 34500000.0,
        "Net Non Operating Interest Income Expense": -13300000.0,
        "Total Other Finance Cost": 3826000.0,
        "Interest Expense Non Operating": 13300000.0,
        "Interest Income Non Operating": 783000.0,
        "Operating Income": 128600000.0,
        "Operating Expense": 21200000.0,
        "Other Operating Expenses": 4900000.0,
        "Other Taxes": NaN,
        "Selling General And Administration": 16300000.0,
        "Selling And Marketing Expense": 2000000.0,
        "General And Administrative Expense": 14300000.0,
        "Other Gand A": 14300000.0,
        "Insurance And Claims": 973000.0,
        "Salaries And Wages": 9341000.0,
        "Gross Profit": 149800000.0,
        "Cost Of Revenue": 108500000.0,
        "Total Revenue": 258300000.0,
        "Operating Revenue": 258300000.0
    },
    "2022-06-30": {
        "Tax Effect Of Unusual Items": -3374400.0,
        "Tax Rate For Calcs": 0.4,
        "Normalized EBITDA": 178083000.0,
        "Total Unusual Items": -8436000.0,
        "Total Unusual Items Excluding Goodwill": -8436000.0,
        "Net Income From Continuing Operation Net Minority Interest": 67861000.0,
        "Reconciled Depreciation": 23204000.0,
        "Reconciled Cost Of Revenue": 138267000.0,
        "EBITDA": 169647000.0,
        "EBIT": 146443000.0,
        "Net Interest Income": -15486000.0,
        "Interest Expense": 11481000.0,
        "Interest Income": 1128000.0,
        "Normalized Income": 72922600.0,
        "Net Income From Continuing And Discontinued Operation": 67861000.0,
        "Total Expenses": 152345000.0,
        "Rent Expense Supplemental": 1881000.0,
        "Total Operating Income As Reported": 143361000.0,
        "Diluted Average Shares": 60590179.0,
        "Basic Average Shares": 60053982.0,
        "Diluted EPS": 1.12,
        "Basic EPS": 1.13,
        "Diluted NI Availto Com Stockholders": 67861000.0,
        "Net Income Common Stockholders": 67861000.0,
        "Net Income": 67861000.0,
        "Net Income Including Noncontrolling Interests": 67861000.0,
        "Net Income Continuous Operations": 67861000.0,
        "Tax Provision": 67101000.0,
        "Pretax Income": 134962000.0,
        "Other Income Expense": -8436000.0,
        "Special Income Charges": 0.0,
        "Impairment Of Capital Assets": 0.0,
        "Gain On Sale Of Security": -8436000.0,
        "Net Non Operating Interest Income Expense": -15486000.0,
        "Total Other Finance Cost": 5133000.0,
        "Interest Expense Non Operating": 11481000.0,
        "Interest Income Non Operating": 1128000.0,
        "Operating Income": 158884000.0,
        "Operating Expense": 14078000.0,
        "Other Operating Expenses": 2071000.0,
        "Other Taxes": NaN,
        "Selling General And Administration": 12007000.0,
        "Selling And Marketing Expense": 1173000.0,
        "General And Administrative Expense": 10834000.0,
        "Other Gand A": 2490000.0,
        "Insurance And Claims": 1046000.0,
        "Salaries And Wages": 7298000.0,
        "Gross Profit": 172962000.0,
        "Cost Of Revenue": 138267000.0,
        "Total Revenue": 311229000.0,
        "Operating Revenue": 311229000.0
    },
    "2022-03-31": {
        "Diluted EPS": 0.51,
        "Total Revenue": 249,
        "Gross Profit": 169,
        "Operating Income": 59,
        "EBIT": 80,
        "Net Income": 31
    },
    "2021-12-31": {
        "Diluted EPS": 0.6,
        "Total Revenue": 202,
        "Gross Profit": 135,
        "Operating Income": 69,
        "EBIT": 92,
        "Net Income": 37
    },
    "2021-09-30": {
        "Diluted EPS": 0.6,
        "Total Revenue": 174,
        "Gross Profit": 125,
        "Operating Income": 81,
        "EBIT": 105,
        "Net Income": 37
    },
    "2021-06-30": {
        "Diluted EPS": -0.04,
        "Total Revenue": 166,
        "Gross Profit": 113,
        "Operating Income": 19,
        "EBIT": 40,
        "Net Income": -2
    },
    "2021-03-31": {
        "Diluted EPS": -0.17,
        "Total Revenue": 147,
        "Gross Profit": 104,
        "Operating Income": 16,
        "EBIT": 38,
        "Net Income": -10
    },
    "2020-12-31": {
        "Diluted EPS": -1.96,
        "Total Revenue": 107,
        "Gross Profit": 72,
        "Operating Income": -83,
        "EBIT": -54,
        "Net Income": -119
    },
    "2020-09-30": {
        "Diluted EPS": -0.07,
        "Total Revenue": 98,
        "Gross Profit": 70,
        "Operating Income": 28,
        "EBIT": 55,
        "Net Income": -4
    },
    "2020-06-30": {
        "Diluted EPS": -0.33,
        "Total Revenue": 56,
        "Gross Profit": 35,
        "Operating Income": -21,
        "EBIT": 2,
        "Net Income": -20
    },
    "2020-03-31": {
        "Diluted EPS": -1.48,
        "Total Revenue": 133,
        "Gross Profit": 92,
        "Operating Income": -35,
        "EBIT": 4,
        "Net Income": -90
    },
    "2019-12-31": {
        "Diluted EPS": 0.02,
        "Total Revenue": 158,
        "Gross Profit": 116,
        "Operating Income": 32,
        "EBIT": 60,
        "Net Income": 0
    },
    "2019-09-30": {
        "Diluted EPS": 0.11,
        "Total Revenue": 151,
        "Gross Profit": 109,
        "Operating Income": 56,
        "EBIT": 83,
        "Net Income": 7
    },
    "2019-06-30": {
        "Diluted EPS": 0.49,
        "Total Revenue": 170,
        "Gross Profit": 123,
        "Operating Income": 77,
        "EBIT": 101,
        "Net Income": 31
    },
    "2019-03-31": {
        "Diluted EPS": 0.3,
        "Total Revenue": 150,
        "Gross Profit": 111,
        "Operating Income": 46,
        "EBIT": 71,
        "Net Income": 20
    },
    "2018-12-31": {
        "Diluted EPS": 0.51,
        "Total Revenue": 151,
        "Gross Profit": 104,
        "Operating Income": 83,
        "EBIT": 107,
        "Net Income": 33
    },
    "2018-09-30": {
        "Diluted EPS": 0.33,
        "Total Revenue": 167,
        "Gross Profit": 118,
        "Operating Income": 71,
        "EBIT": 95,
        "Net Income": 21
    },
    "2018-06-30": {
        "Diluted EPS": -0.01,
        "Total Revenue": 159,
        "Gross Profit": 115,
        "Operating Income": 52,
        "EBIT": 76,
        "Net Income": -1
    },
    "2018-03-31": {
        "Diluted EPS": 0.28,
        "Total Revenue": 124,
        "Gross Profit": 90,
        "Operating Income": 50,
        "EBIT": 70,
        "Net Income": 18
    },
    "2017-12-31": {
        "Diluted EPS": -0.06,
        "Total Revenue": 106,
        "Gross Profit": 76,
        "Operating Income": 19,
        "EBIT": 39,
        "Net Income": -4
    },
    "2017-09-30": {
        "Diluted EPS": -0.33,
        "Total Revenue": 82,
        "Gross Profit": 56,
        "Operating Income": 16,
        "EBIT": 35,
        "Net Income": -20
    },
    "2017-06-30": {
        "Diluted EPS": -0.06,
        "Total Revenue": 75,
        "Gross Profit": 50,
        "Operating Income": 16,
        "EBIT": 36,
        "Net Income": -3
    },
    "2017-03-31": {
        "Diluted EPS": 0.05,
        "Total Revenue": 67,
        "Gross Profit": 49,
        "Operating Income": 28,
        "EBIT": 44,
        "Net Income": 4
    },
    "2016-12-31": {
        "Diluted EPS": -0.35,
        "Total Revenue": 60,
        "Gross Profit": 39,
        "Operating Income": -6,
        "EBIT": 11,
        "Net Income": -20
    },
    "2016-09-30": {
        "Diluted EPS": -0.3,
        "Total Revenue": 50,
        "Gross Profit": 30,
        "Operating Income": -14,
        "EBIT": 7,
        "Net Income": -18
    },
    "2016-06-30": {
        "Diluted EPS": -0.02,
        "Total Revenue": 46,
        "Gross Profit": 32,
        "Operating Income": 3,
        "EBIT": 19,
        "Net Income": -1
    },
    "2016-03-31": {
        "Diluted EPS": -0.15,
        "Total Revenue": 37,
        "Gross Profit": 24,
        "Operating Income": -11,
        "EBIT": 10,
        "Net Income": -9
    },
    "2015-12-31": {
        "Diluted EPS": -2.71,
        "Total Revenue": 45,
        "Gross Profit": 23,
        "Operating Income": -201,
        "EBIT": -170,
        "Net Income": -158
    },
    "2015-09-30": {
        "Diluted EPS": -0.63,
        "Total Revenue": 48,
        "Gross Profit": 30,
        "Operating Income": -15,
        "EBIT": 9,
        "Net Income": -36
    },
    "2015-06-30": {
        "Diluted EPS": -0.13,
        "Total Revenue": 62,
        "Gross Profit": 40,
        "Operating Income": 0,
        "EBIT": 25,
        "Net Income": -8
    },
    "2015-03-31": {
        "Diluted EPS": -0.57,
        "Total Revenue": 54,
        "Gross Profit": 31,
        "Operating Income": -17,
        "EBIT": 9,
        "Net Income": -33
    },
    "2014-12-31": {
        "Diluted EPS": -0.46,
        "Total Revenue": 81,
        "Gross Profit": 119,
        "Operating Income": -62,
        "EBIT": -35,
        "Net Income": -29
    },
    "2014-09-30": {
        "Diluted EPS": 0.14,
        "Total Revenue": 132,
        "Gross Profit": 64,
        "Operating Income": 38,
        "EBIT": 64,
        "Net Income": 9
    },
    "2014-06-30": {
        "Diluted EPS": 0.4,
        "Total Revenue": 131,
        "Gross Profit": 67,
        "Operating Income": 42,
        "EBIT": 68,
        "Net Income": 22
    },
    "2014-03-31": {
        "Diluted EPS": 0.1,
        "Total Revenue": 85,
        "Gross Profit": 47,
        "Operating Income": 23,
        "EBIT": 45,
        "Net Income": 7
    },
    "2013-12-31": {
        "Diluted EPS": 0.13,
        "Total Revenue": 88,
        "Gross Profit": 15,
        "Operating Income": -103,
        "EBIT": -103,
        "Net Income": 6
    },
    "2013-09-30": {
        "Diluted EPS": 0.15,
        "Total Revenue": 90,
        "Gross Profit": 90,
        "Operating Income": 90,
        "EBIT": 90,
        "Net Income": 7
    },
    "2013-06-30": {
        "Diluted EPS": 0.04,
        "Total Revenue": 71,
        "Gross Profit": 71,
        "Operating Income": 71,
        "EBIT": 71,
        "Net Income": 2
    },
    "2013-03-31": {
        "Diluted EPS": 0.14,
        "Total Revenue": 90,
        "Gross Profit": 51,
        "Operating Income": 27,
        "EBIT": 42,
        "Net Income": 6
    },
    "2012-12-31": {
        "Diluted EPS": 0.0,
        "Total Revenue": NaN,
        "Gross Profit": NaN,
        "Operating Income": NaN,
        "EBIT": NaN,
        "Net Income": NaN
    },
    "2012-09-30": {
        "Diluted EPS": 0.0,
        "Total Revenue": NaN,
        "Gross Profit": NaN,
        "Operating Income": NaN,
        "EBIT": NaN,
        "Net Income": NaN
    },
    "2011-12-31": {
        "Diluted EPS": 0.0,
        "Total Revenue": NaN,
        "Gross Profit": NaN,
        "Operating Income": NaN,
        "EBIT": NaN,
        "Net Income": NaN
    },
    "2023-06-30": {
        "Tax Effect Of Unusual Items": -3699389.271331,
        "Tax Rate For Calcs": 0.33045,
        "Normalized EBITDA": 100402000.0,
        "Total Unusual Items": -11195000.0,
        "Total Unusual Items Excluding Goodwill": -11195000.0,
        "Net Income From Continuing Operation Net Minority Interest": 33750000.0,
        "Reconciled Depreciation": 29357000.0,
        "Reconciled Cost Of Revenue": 90046000.0,
        "EBITDA": 89207000.0,
        "EBIT": 59850000.0,
        "Net Interest Income": -9520000.0,
        "Interest Expense": 9443000.0,
        "Interest Income": 1720000.0,
        "Normalized Income": 41245610.728669,
        "Net Income From Continuing And Discontinued Operation": 33750000.0,
        "Total Expenses": 111204000.0,
        "Rent Expense Supplemental": 552000.0,
        "Total Operating Income As Reported": 69509000.0,
        "Diluted Average Shares": 57203390.0,
        "Basic Average Shares": 57203390.0,
        "Diluted EPS": 0.59,
        "Basic EPS": 0.59,
        "Diluted NI Availto Com Stockholders": 33750000.0,
        "Net Income Common Stockholders": 33750000.0,
        "Net Income": 33750000.0,
        "Net Income Including Noncontrolling Interests": 33750000.0,
        "Net Income Continuous Operations": 33750000.0,
        "Tax Provision": 16657000.0,
        "Pretax Income": 50407000.0,
        "Other Income Expense": -11195000.0,
        "Special Income Charges": -1613000.0,
        "Impairment Of Capital Assets": 1613000.0,
        "Gain On Sale Of Security": -9582000.0,
        "Net Non Operating Interest Income Expense": -9520000.0,
        "Total Other Finance Cost": 1797000.0,
        "Interest Expense Non Operating": 9443000.0,
        "Interest Income Non Operating": 1720000.0,
        "Operating Income": 71122000.0,
        "Operating Expense": 21158000.0,
        "Other Operating Expenses": 7594000.0,
        "Other Taxes": 647000.0,
        "Selling General And Administration": 12917000.0,
        "Selling And Marketing Expense": 1438000.0,
        "General And Administrative Expense": 11479000.0,
        "Other Gand A": 1931000.0,
        "Insurance And Claims": 854000.0,
        "Salaries And Wages": 8694000.0,
        "Gross Profit": 92280000.0,
        "Cost Of Revenue": 90046000.0,
        "Total Revenue": 182326000.0,
        "Operating Revenue": 182326000.0
    },
    "2023-09-30": {
        "Tax Effect Of Unusual Items": -4654300.0,
        "Tax Rate For Calcs": 0.35,
        "Normalized EBITDA": 118412000.0,
        "Total Unusual Items": -13298000.0,
        "Total Unusual Items Excluding Goodwill": -13298000.0,
        "Net Income From Continuing Operation Net Minority Interest": 24768000.0,
        "Reconciled Depreciation": 29819000.0,
        "Reconciled Cost Of Revenue": 88027000.0,
        "EBITDA": 105114000.0,
        "EBIT": 75295000.0,
        "Net Interest Income": -10598000.0,
        "Interest Expense": 9363000.0,
        "Interest Income": 1856000.0,
        "Normalized Income": 33411700.0,
        "Net Income From Continuing And Discontinued Operation": 24768000.0,
        "Total Expenses": 102306000.0,
        "Rent Expense Supplemental": 579000.0,
        "Total Operating Income As Reported": 80482000.0,
        "Diluted Average Shares": 56290909.0,
        "Basic Average Shares": 56290909.0,
        "Diluted EPS": 0.44,
        "Basic EPS": 0.44,
        "Diluted NI Availto Com Stockholders": 24768000.0,
        "Net Income Common Stockholders": 24768000.0,
        "Net Income": 24768000.0,
        "Net Income Including Noncontrolling Interests": 24768000.0,
        "Net Income Continuous Operations": 24768000.0,
        "Tax Provision": 41164000.0,
        "Pretax Income": 65932000.0,
        "Other Income Expense": -13298000.0,
        "Special Income Charges": -9346000.0,
        "Impairment Of Capital Assets": 9346000.0,
        "Gain On Sale Of Security": -3952000.0,
        "Net Non Operating Interest Income Expense": -10598000.0,
        "Total Other Finance Cost": 3091000.0,
        "Interest Expense Non Operating": 9363000.0,
        "Interest Income Non Operating": 1856000.0,
        "Operating Income": 89828000.0,
        "Operating Expense": 14279000.0,
        "Other Operating Expenses": -1041000.0,
        "Other Taxes": 916000.0,
        "Selling General And Administration": 14404000.0,
        "Selling And Marketing Expense": 2694000.0,
        "General And Administrative Expense": 11710000.0,
        "Other Gand A": 2782000.0,
        "Insurance And Claims": 974000.0,
        "Salaries And Wages": 7954000.0,
        "Gross Profit": 104107000.0,
        "Cost Of Revenue": 88027000.0,
        "Total Revenue": 192134000.0,
        "Operating Revenue": 192785000.0
    },
    "2023-12-31": {
        "Tax Effect Of Unusual Items": -5037744.232151,
        "Tax Rate For Calcs": 0.244563,
        "Normalized EBITDA": 99210000.0,
        "Total Unusual Items": -20599000.0,
        "Total Unusual Items Excluding Goodwill": -20599000.0,
        "Net Income From Continuing Operation Net Minority Interest": 26293000.0,
        "Reconciled Depreciation": 34555000.0,
        "Reconciled Cost Of Revenue": 95487000.0,
        "EBITDA": 78611000.0,
        "EBIT": 44056000.0,
        "Net Interest Income": -9632000.0,
        "Interest Expense": 9251000.0,
        "Interest Income": 1569000.0,
        "Normalized Income": 41854255.767849,
        "Net Income From Continuing And Discontinued Operation": 26293000.0,
        "Total Expenses": 134027000.0,
        "Rent Expense Supplemental": 1968000.0,
        "Total Operating Income As Reported": 44331000.0,
        "Diluted Average Shares": 55892000.0,
        "Basic Average Shares": 55892000.0,
        "Diluted EPS": 0.47055,
        "Basic EPS": 0.47055,
        "Diluted NI Availto Com Stockholders": 26293000.0,
        "Net Income Common Stockholders": 26293000.0,
        "Net Income": 26293000.0,
        "Net Income Including Noncontrolling Interests": 26293000.0,
        "Net Income Continuous Operations": 26293000.0,
        "Tax Provision": 8512000.0,
        "Pretax Income": 34805000.0,
        "Other Income Expense": -20599000.0,
        "Special Income Charges": -21356000.0,
        "Impairment Of Capital Assets": 21356000.0,
        "Gain On Sale Of Security": 757000.0,
        "Net Non Operating Interest Income Expense": -9632000.0,
        "Total Other Finance Cost": 1950000.0,
        "Interest Expense Non Operating": 9251000.0,
        "Interest Income Non Operating": 1569000.0,
        "Operating Income": 65036000.0,
        "Operating Expense": 38540000.0,
        "Other Operating Expenses": 22085000.0,
        "Other Taxes": 1199000.0,
        "Selling General And Administration": 15256000.0,
        "Selling And Marketing Expense": 3455000.0,
        "General And Administrative Expense": 11801000.0,
        "Other Gand A": 1774000.0,
        "Insurance And Claims": 938000.0,
        "Salaries And Wages": 9089000.0,
        "Gross Profit": 103576000.0,
        "Cost Of Revenue": 95487000.0,
        "Total Revenue": 199063000.0,
        "Operating Revenue": 199873000.0
    },
    "2024-03-31": {
        "Tax Effect Of Unusual Items": 57400.0,
        "Tax Rate For Calcs": 0.35,
        "Normalized EBITDA": 112714000.0,
        "Total Unusual Items": 164000.0,
        "Total Unusual Items Excluding Goodwill": 164000.0,
        "Net Income From Continuing Operation Net Minority Interest": 30192000.0,
        "Reconciled Depreciation": 28659000.0,
        "Reconciled Cost Of Revenue": 67199000.0,
        "EBITDA": 112878000.0,
        "EBIT": 84219000.0,
        "Net Interest Income": -9054000.0,
        "Interest Expense": 9154000.0,
        "Interest Income": 2083000.0,
        "Normalized Income": 30085400.0,
        "Net Income From Continuing And Discontinued Operation": 30192000.0,
        "Total Expenses": 83461000.0,
        "Rent Expense Supplemental": 1428000.0,
        "Total Operating Income As Reported": 83955000.0,
        "Diluted Average Shares": 55911111.0,
        "Basic Average Shares": 54894545.0,
        "Diluted EPS": 0.54,
        "Basic EPS": 0.55,
        "Diluted NI Availto Com Stockholders": 30192000.0,
        "Net Income Common Stockholders": 30192000.0,
        "Net Income": 30192000.0,
        "Net Income Including Noncontrolling Interests": 30192000.0,
        "Net Income Continuous Operations": 30192000.0,
        "Tax Provision": 44873000.0,
        "Pretax Income": 75065000.0,
        "Other Income Expense": 164000.0,
        "Special Income Charges": 0.0,
        "Impairment Of Capital Assets": 0.0,
        "Gain On Sale Of Security": 164000.0,
        "Net Non Operating Interest Income Expense": -9054000.0,
        "Total Other Finance Cost": 1983000.0,
        "Interest Expense Non Operating": 9154000.0,
        "Interest Income Non Operating": 2083000.0,
        "Operating Income": 83955000.0,
        "Operating Expense": 16262000.0,
        "Other Operating Expenses": 2159000.0,
        "Other Taxes": 775000.0,
        "Selling General And Administration": 13328000.0,
        "Selling And Marketing Expense": 3245000.0,
        "General And Administrative Expense": 10083000.0,
        "Other Gand A": 1287000.0,
        "Insurance And Claims": 819000.0,
        "Salaries And Wages": 7977000.0,
        "Gross Profit": 100217000.0,
        "Cost Of Revenue": 67199000.0,
        "Total Revenue": 167416000.0,
        "Operating Revenue": 167501000.0
    },
    "2024-06-30": {
        "Tax Effect Of Unusual Items": 894950.0,
        "Tax Rate For Calcs": 0.35,
        "Normalized EBITDA": 128304000.0,
        "Total Unusual Items": 2557000.0,
        "Total Unusual Items Excluding Goodwill": 2557000.0,
        "Net Income From Continuing Operation Net Minority Interest": 25738000.0,
        "Reconciled Depreciation": 34333000.0,
        "Reconciled Cost Of Revenue": 75743000.0,
        "EBITDA": 130861000.0,
        "EBIT": 96528000.0,
        "Net Interest Income": -8776000.0,
        "Interest Expense": 9028000.0,
        "Interest Income": 2109000.0,
        "Normalized Income": 24075950.0,
        "Net Income From Continuing And Discontinued Operation": 25738000.0,
        "Total Expenses": 96485000.0,
        "Rent Expense Supplemental": 1658000.0,
        "Total Operating Income As Reported": 90321000.0,
        "Diluted Average Shares": 53620833.0,
        "Basic Average Shares": 52526531.0,
        "Diluted EPS": 0.48,
        "Basic EPS": 0.49,
        "Diluted NI Availto Com Stockholders": 25738000.0,
        "Net Income Common Stockholders": 25738000.0,
        "Net Income": 25738000.0,
        "Net Income Including Noncontrolling Interests": 25738000.0,
        "Net Income Continuous Operations": 25738000.0,
        "Tax Provision": 61762000.0,
        "Pretax Income": 87500000.0,
        "Other Income Expense": 2557000.0,
        "Special Income Charges": -3398000.0,
        "Impairment Of Capital Assets": 3398000.0,
        "Gain On Sale Of Security": 5955000.0,
        "Net Non Operating Interest Income Expense": -8776000.0,
        "Total Other Finance Cost": 1857000.0,
        "Interest Expense Non Operating": 9028000.0,
        "Interest Income Non Operating": 2109000.0,
        "Operating Income": 93719000.0,
        "Operating Expense": 20742000.0,
        "Other Operating Expenses": 3247000.0,
        "Other Taxes": 1087000.0,
        "Selling General And Administration": 16408000.0,
        "Selling And Marketing Expense": 3161000.0,
        "General And Administrative Expense": 13247000.0,
        "Other Gand A": 3621000.0,
        "Insurance And Claims": 813000.0,
        "Salaries And Wages": 8813000.0,
        "Gross Profit": 114461000.0,
        "Cost Of Revenue": 75743000.0,
        "Total Revenue": 190204000.0,
        "Operating Revenue": 190204000.0
    },
    "2024-09-30": {
        "Tax Effect Of Unusual Items": -3547600.0,
        "Tax Rate For Calcs": 0.35,
        "Normalized EBITDA": 98936000.0,
        "Total Unusual Items": -10136000.0,
        "Total Unusual Items Excluding Goodwill": -10136000.0,
        "Net Income From Continuing Operation Net Minority Interest": 25105000.0,
        "Reconciled Depreciation": 33053000.0,
        "Reconciled Cost Of Revenue": 72874000.0,
        "EBITDA": 88800000.0,
        "EBIT": 55747000.0,
        "Net Interest Income": -9150000.0,
        "Interest Expense": 9092000.0,
        "Interest Income": 1484000.0,
        "Normalized Income": 31693400.0,
        "Net Income From Continuing And Discontinued Operation": 25105000.0,
        "Total Expenses": 93563000.0,
        "Rent Expense Supplemental": 1317000.0,
        "Total Operating Income As Reported": 54716000.0,
        "Diluted Average Shares": 52302083.0,
        "Basic Average Shares": 51234694.0,
        "Diluted EPS": 0.48,
        "Basic EPS": 0.49,
        "Diluted NI Availto Com Stockholders": 25105000.0,
        "Net Income Common Stockholders": 25105000.0,
        "Net Income": 25105000.0,
        "Net Income Including Noncontrolling Interests": 25105000.0,
        "Net Income Continuous Operations": 25105000.0,
        "Tax Provision": 21550000.0,
        "Pretax Income": 46655000.0,
        "Other Income Expense": -10136000.0,
        "Special Income Charges": -11225000.0,
        "Impairment Of Capital Assets": 11225000.0,
        "Gain On Sale Of Security": 1089000.0,
        "Net Non Operating Interest Income Expense": -9150000.0,
        "Total Other Finance Cost": 1542000.0,
        "Interest Expense Non Operating": 9092000.0,
        "Interest Income Non Operating": 1484000.0,
        "Operating Income": 65941000.0,
        "Operating Expense": 20689000.0,
        "Other Operating Expenses": 4478000.0,
        "Other Taxes": 1064000.0,
        "Selling General And Administration": 15147000.0,
        "Selling And Marketing Expense": 2335000.0,
        "General And Administrative Expense": 12812000.0,
        "Other Gand A": 3286000.0,
        "Insurance And Claims": 740000.0,
        "Salaries And Wages": 8786000.0,
        "Gross Profit": 86630000.0,
        "Cost Of Revenue": 72874000.0,
        "Total Revenue": 159504000.0,
        "Operating Revenue": 159504000.0
    }
}