{
    "2023-03-31": {
        "Tax Effect Of Unusual Items": 0.0,
        "Tax Rate For Calcs": 0.216489,
        "Normalized EBITDA": -35160000.0,
        "Total Unusual Items": -9000.0,
        "Total Unusual Items Excluding Goodwill": -9000.0,
        "Net Income From Continuing Operation Net Minority Interest": -29869000.0,
        "Reconciled Depreciation": 1809000.0,
        "Reconciled Cost Of Revenue": 122218000.0,
        "EBITDA": -35160000.0,
        "EBIT": -36969000.0,
        "Net Interest Income": -1153000.0,
        "Interest Expense": 1153000.0,
        "Normalized Income": -29869000.0,
        "Net Income From Continuing And Discontinued Operation": -29869000.0,
        "Total Expenses": 214534000.0,
        "Total Operating Income As Reported": -39814000.0,
        "Diluted Average Shares": 155402000.0,
        "Basic Average Shares": 155402000.0,
        "Diluted EPS": -0.19,
        "Basic EPS": -0.19,
        "Diluted NI Availto Com Stockholders": -29869000.0,
        "Average Dilution Earnings": 0.0,
        "Net Income Common Stockholders": -29869000.0,
        "Net Income": -29869000.0,
        "Net Income Including Noncontrolling Interests": -29869000.0,
        "Net Income Continuous Operations": -29869000.0,
        "Tax Provision": -8253000.0,
        "Pretax Income": -38122000.0,
        "Other Income Expense": 2845000.0,
        "Other Non Operating Income Expenses": 2845000.0,
        "Special Income Charges": -9000.0,
        "Restructuring And Mergern Acquisition": 9000.0,
        "Net Non Operating Interest Income Expense": -1153000.0,
        "Interest Expense Non Operating": 1153000.0,
        "Operating Income": -39814000.0,
        "Operating Expense": 92316000.0,
        "Research And Development": 38185000.0,
        "Selling General And Administration": 54131000.0,
        "Selling And Marketing Expense": 38055000.0,
        "General And Administrative Expense": 16076000.0,
        "Other Gand A": 16076000.0,
        "Salaries And Wages": 5102000.0,
        "Gross Profit": 52502000.0,
        "Cost Of Revenue": 122218000.0,
        "Total Revenue": 174720000.0,
        "Operating Revenue": 174720000.0
    },
    "2022-12-31": {
        "Tax Effect Of Unusual Items": 0.0,
        "Tax Rate For Calcs": 0.21,
        "Normalized EBITDA": 5950000.0,
        "Total Unusual Items": -7000.0,
        "Total Unusual Items Excluding Goodwill": -7000.0,
        "Net Income From Continuing Operation Net Minority Interest": 3073000.0,
        "Reconciled Depreciation": 1980000.0,
        "Reconciled Cost Of Revenue": 216718000.0,
        "EBITDA": 5950000.0,
        "EBIT": 3970000.0,
        "Net Interest Income": -1310000.0,
        "Interest Expense": 1310000.0,
        "Normalized Income": 3073000.0,
        "Net Income From Continuing And Discontinued Operation": 3073000.0,
        "Total Expenses": 319314000.0,
        "Total Operating Income As Reported": 1707000.0,
        "Diluted Average Shares": 172124000.0,
        "Basic Average Shares": 155340000.0,
        "Diluted EPS": 0.02,
        "Basic EPS": 0.02,
        "Diluted NI Availto Com Stockholders": 3073000.0,
        "Average Dilution Earnings": NaN,
        "Net Income Common Stockholders": 3073000.0,
        "Net Income": 3073000.0,
        "Net Income Including Noncontrolling Interests": 3073000.0,
        "Net Income Continuous Operations": 3073000.0,
        "Tax Provision": -413000.0,
        "Pretax Income": 2660000.0,
        "Other Income Expense": 2263000.0,
        "Other Non Operating Income Expenses": 2263000.0,
        "Special Income Charges": -7000.0,
        "Restructuring And Mergern Acquisition": 7000.0,
        "Net Non Operating Interest Income Expense": -1310000.0,
        "Interest Expense Non Operating": 1310000.0,
        "Operating Income": 1707000.0,
        "Operating Expense": 102596000.0,
        "Research And Development": 36026000.0,
        "Selling General And Administration": 66570000.0,
        "Selling And Marketing Expense": 51079000.0,
        "General And Administrative Expense": 15491000.0,
        "Other Gand A": 15491000.0,
        "Salaries And Wages": 4868000.0,
        "Gross Profit": 104303000.0,
        "Cost Of Revenue": 216718000.0,
        "Total Revenue": 321021000.0,
        "Operating Revenue": 321021000.0
    },
    "2022-09-30": {
        "Tax Effect Of Unusual Items": 759.881003,
        "Tax Rate For Calcs": 0.253294,
        "Normalized EBITDA": 26747000.0,
        "Total Unusual Items": 3000.0,
        "Total Unusual Items Excluding Goodwill": 3000.0,
        "Net Income From Continuing Operation Net Minority Interest": 17570000.0,
        "Reconciled Depreciation": 2035000.0,
        "Reconciled Cost Of Revenue": 189085000.0,
        "EBITDA": 26750000.0,
        "EBIT": 24715000.0,
        "Net Interest Income": -1185000.0,
        "Interest Expense": 1185000.0,
        "Normalized Income": 17567759.881003,
        "Net Income From Continuing And Discontinued Operation": 17570000.0,
        "Total Expenses": 280702000.0,
        "Total Operating Income As Reported": 24431000.0,
        "Diluted Average Shares": 173184000.0,
        "Basic Average Shares": 155819000.0,
        "Diluted EPS": 0.1,
        "Basic EPS": 0.11,
        "Diluted NI Availto Com Stockholders": 18055000.0,
        "Average Dilution Earnings": 485000.0,
        "Net Income Common Stockholders": 17570000.0,
        "Net Income": 17570000.0,
        "Net Income Including Noncontrolling Interests": 17570000.0,
        "Net Income Continuous Operations": 17570000.0,
        "Tax Provision": 5960000.0,
        "Pretax Income": 23530000.0,
        "Other Income Expense": 287000.0,
        "Other Non Operating Income Expenses": 284000.0,
        "Special Income Charges": 3000.0,
        "Restructuring And Mergern Acquisition": -3000.0,
        "Net Non Operating Interest Income Expense": -1185000.0,
        "Interest Expense Non Operating": 1185000.0,
        "Operating Income": 24428000.0,
        "Operating Expense": 91617000.0,
        "Research And Development": 36043000.0,
        "Selling General And Administration": 55574000.0,
        "Selling And Marketing Expense": 39259000.0,
        "General And Administrative Expense": 16315000.0,
        "Other Gand A": 11812000.0,
        "Salaries And Wages": 4503000.0,
        "Gross Profit": 116045000.0,
        "Cost Of Revenue": 189085000.0,
        "Total Revenue": 305130000.0,
        "Operating Revenue": 305130000.0
    },
    "2022-06-30": {
        "Tax Effect Of Unusual Items": -3179.916318,
        "Tax Rate For Calcs": 0.041841,
        "Normalized EBITDA": 6496000.0,
        "Total Unusual Items": -76000.0,
        "Total Unusual Items Excluding Goodwill": -76000.0,
        "Net Income From Continuing Operation Net Minority Interest": 2519000.0,
        "Reconciled Depreciation": 2253000.0,
        "Reconciled Cost Of Revenue": 154681000.0,
        "EBITDA": 6420000.0,
        "EBIT": 4167000.0,
        "Net Interest Income": -1538000.0,
        "Interest Expense": 1538000.0,
        "Normalized Income": 2591820.083682,
        "Net Income From Continuing And Discontinued Operation": 2519000.0,
        "Total Expenses": 245954000.0,
        "Total Operating Income As Reported": 4655000.0,
        "Diluted Average Shares": 176860000.0,
        "Basic Average Shares": 156645000.0,
        "Diluted EPS": 0.02,
        "Basic EPS": 0.02,
        "Diluted NI Availto Com Stockholders": 3234000.0,
        "Average Dilution Earnings": 715000.0,
        "Net Income Common Stockholders": 2519000.0,
        "Net Income": 2519000.0,
        "Net Income Including Noncontrolling Interests": 2519000.0,
        "Net Income Continuous Operations": 2519000.0,
        "Tax Provision": 110000.0,
        "Pretax Income": 2629000.0,
        "Other Income Expense": -564000.0,
        "Other Non Operating Income Expenses": -488000.0,
        "Special Income Charges": -76000.0,
        "Restructuring And Mergern Acquisition": 76000.0,
        "Net Non Operating Interest Income Expense": -1538000.0,
        "Interest Expense Non Operating": 1538000.0,
        "Operating Income": 4731000.0,
        "Operating Expense": 91273000.0,
        "Research And Development": 36218000.0,
        "Selling General And Administration": 55055000.0,
        "Selling And Marketing Expense": 37161000.0,
        "General And Administrative Expense": 17894000.0,
        "Other Gand A": 12531000.0,
        "Salaries And Wages": 5363000.0,
        "Gross Profit": 96004000.0,
        "Cost Of Revenue": 154681000.0,
        "Total Revenue": 250685000.0,
        "Operating Revenue": 250685000.0
    },
    "2023-06-30": {
        "Tax Effect Of Unusual Items": 0.0,
        "Tax Rate For Calcs": 0.188496,
        "Normalized EBITDA": -18323000.0,
        "Total Unusual Items": 0.0,
        "Total Unusual Items Excluding Goodwill": 0.0,
        "Net Income From Continuing Operation Net Minority Interest": -17212000.0,
        "Reconciled Depreciation": 1748000.0,
        "Reconciled Cost Of Revenue": 165248000.0,
        "EBITDA": -18323000.0,
        "EBIT": -20071000.0,
        "Net Interest Income": -1139000.0,
        "Interest Expense": 1139000.0,
        "Normalized Income": -17212000.0,
        "Net Income From Continuing And Discontinued Operation": -17212000.0,
        "Total Expenses": 263514000.0,
        "Total Operating Income As Reported": -22494000.0,
        "Diluted Average Shares": 154562000.0,
        "Basic Average Shares": 154562000.0,
        "Diluted EPS": -0.11,
        "Basic EPS": -0.11,
        "Diluted NI Availto Com Stockholders": -17212000.0,
        "Average Dilution Earnings": 0.0,
        "Net Income Common Stockholders": -17212000.0,
        "Net Income": -17212000.0,
        "Net Income Including Noncontrolling Interests": -17212000.0,
        "Net Income Continuous Operations": -17212000.0,
        "Tax Provision": -3998000.0,
        "Pretax Income": -21210000.0,
        "Other Income Expense": 2423000.0,
        "Other Non Operating Income Expenses": 2423000.0,
        "Special Income Charges": 0.0,
        "Restructuring And Mergern Acquisition": 0.0,
        "Net Non Operating Interest Income Expense": -1139000.0,
        "Interest Expense Non Operating": 1139000.0,
        "Operating Income": -22494000.0,
        "Operating Expense": 98266000.0,
        "Research And Development": 41903000.0,
        "Selling General And Administration": 56363000.0,
        "Selling And Marketing Expense": 37547000.0,
        "General And Administrative Expense": 18816000.0,
        "Other Gand A": 13151000.0,
        "Salaries And Wages": 5665000.0,
        "Gross Profit": 75772000.0,
        "Cost Of Revenue": 165248000.0,
        "Total Revenue": 241020000.0,
        "Operating Revenue": 241020000.0
    },
    "2022-03-31": {
        "Diluted EPS": 0.04,
        "Total Revenue": 217,
        "Gross Profit": 90,
        "Operating Income": 8,
        "EBIT": 10,
        "Net Income": 6
    },
    "2021-12-31": {
        "Diluted EPS": 0.32,
        "Total Revenue": 391,
        "Gross Profit": 161,
        "Operating Income": 59,
        "EBIT": 61,
        "Net Income": 53
    },
    "2021-09-30": {
        "Diluted EPS": 1.92,
        "Total Revenue": 317,
        "Gross Profit": 138,
        "Operating Income": 49,
        "EBIT": 51,
        "Net Income": 312
    },
    "2021-06-30": {
        "Diluted EPS": 0.1,
        "Total Revenue": 250,
        "Gross Profit": 99,
        "Operating Income": 10,
        "EBIT": 12,
        "Net Income": 17
    },
    "2021-03-31": {
        "Diluted EPS": -0.07,
        "Total Revenue": 204,
        "Gross Profit": 79,
        "Operating Income": -4,
        "EBIT": 0,
        "Net Income": -10
    },
    "2020-12-31": {
        "Diluted EPS": 0.3,
        "Total Revenue": 358,
        "Gross Profit": 136,
        "Operating Income": 55,
        "EBIT": 59,
        "Net Income": 44
    },
    "2020-09-30": {
        "Diluted EPS": 0.02,
        "Total Revenue": 281,
        "Gross Profit": 99,
        "Operating Income": 9,
        "EBIT": 14,
        "Net Income": 3
    },
    "2020-06-30": {
        "Diluted EPS": -0.34,
        "Total Revenue": 134,
        "Gross Profit": 41,
        "Operating Income": -45,
        "EBIT": -40,
        "Net Income": -51
    },
    "2020-03-31": {
        "Diluted EPS": -0.43,
        "Total Revenue": 119,
        "Gross Profit": 38,
        "Operating Income": -56,
        "EBIT": -50,
        "Net Income": -64
    },
    "2019-12-31": {
        "Diluted EPS": 0.66,
        "Total Revenue": 528,
        "Gross Profit": 202,
        "Operating Income": 96,
        "EBIT": 103,
        "Net Income": 96
    },
    "2019-09-30": {
        "Diluted EPS": -0.51,
        "Total Revenue": 131,
        "Gross Profit": 28,
        "Operating Income": -71,
        "EBIT": -65,
        "Net Income": -75
    },
    "2019-06-30": {
        "Diluted EPS": -0.08,
        "Total Revenue": 292,
        "Gross Profit": 102,
        "Operating Income": -7,
        "EBIT": 0,
        "Net Income": -11
    },
    "2019-03-31": {
        "Diluted EPS": -0.17,
        "Total Revenue": 243,
        "Gross Profit": 80,
        "Operating Income": -20,
        "EBIT": -13,
        "Net Income": -24
    },
    "2018-12-31": {
        "Diluted EPS": 0.23,
        "Total Revenue": 377,
        "Gross Profit": 142,
        "Operating Income": 33,
        "EBIT": 40,
        "Net Income": 32
    },
    "2018-09-30": {
        "Diluted EPS": -0.19,
        "Total Revenue": 286,
        "Gross Profit": 91,
        "Operating Income": -21,
        "EBIT": -12,
        "Net Income": -27
    },
    "2018-06-30": {
        "Diluted EPS": -0.27,
        "Total Revenue": 283,
        "Gross Profit": 83,
        "Operating Income": -31,
        "EBIT": -22,
        "Net Income": -37
    },
    "2018-03-31": {
        "Diluted EPS": -0.55,
        "Total Revenue": 202,
        "Gross Profit": 45,
        "Operating Income": -75,
        "EBIT": -66,
        "Net Income": -76
    },
    "2017-12-31": {
        "Diluted EPS": -0.42,
        "Total Revenue": 335,
        "Gross Profit": 80,
        "Operating Income": -58,
        "EBIT": -49,
        "Net Income": -56
    },
    "2017-09-30": {
        "Diluted EPS": 0.1,
        "Total Revenue": 330,
        "Gross Profit": 131,
        "Operating Income": 8,
        "EBIT": 17,
        "Net Income": 15
    },
    "2017-06-30": {
        "Diluted EPS": -0.22,
        "Total Revenue": 297,
        "Gross Profit": 106,
        "Operating Income": -25,
        "EBIT": -14,
        "Net Income": -31
    },
    "2017-03-31": {
        "Diluted EPS": -0.78,
        "Total Revenue": 219,
        "Gross Profit": 69,
        "Operating Income": -88,
        "EBIT": -77,
        "Net Income": -111
    },
    "2016-12-31": {
        "Diluted EPS": -0.83,
        "Total Revenue": 541,
        "Gross Profit": 212,
        "Operating Income": -27,
        "EBIT": -15,
        "Net Income": -116
    },
    "2016-09-30": {
        "Diluted EPS": -0.74,
        "Total Revenue": 241,
        "Gross Profit": 97,
        "Operating Income": -116,
        "EBIT": -103,
        "Net Income": -104
    },
    "2016-06-30": {
        "Diluted EPS": -0.66,
        "Total Revenue": 221,
        "Gross Profit": 93,
        "Operating Income": -109,
        "EBIT": -100,
        "Net Income": -92
    },
    "2016-03-31": {
        "Diluted EPS": -0.78,
        "Total Revenue": 184,
        "Gross Profit": 60,
        "Operating Income": -121,
        "EBIT": -113,
        "Net Income": -107
    },
    "2015-12-31": {
        "Diluted EPS": -0.23,
        "Total Revenue": 437,
        "Gross Profit": 129,
        "Operating Income": -41,
        "EBIT": -32,
        "Net Income": -34
    },
    "2015-09-30": {
        "Diluted EPS": 0.13,
        "Total Revenue": 400,
        "Gross Profit": 187,
        "Operating Income": 28,
        "EBIT": 35,
        "Net Income": 19
    },
    "2015-06-30": {
        "Diluted EPS": 0.24,
        "Total Revenue": 420,
        "Gross Profit": 194,
        "Operating Income": 46,
        "EBIT": 53,
        "Net Income": 35
    },
    "2015-03-31": {
        "Diluted EPS": 0.11,
        "Total Revenue": 363,
        "Gross Profit": 164,
        "Operating Income": 22,
        "EBIT": 28,
        "Net Income": 17
    },
    "2014-12-31": {
        "Diluted EPS": 0.98,
        "Total Revenue": 634,
        "Gross Profit": 304,
        "Operating Income": 174,
        "EBIT": 179,
        "Net Income": 109
    },
    "2014-09-30": {
        "Diluted EPS": 0.1,
        "Total Revenue": 280,
        "Gross Profit": 124,
        "Operating Income": 13,
        "EBIT": 18,
        "Net Income": 15
    },
    "2014-06-30": {
        "Diluted EPS": -0.24,
        "Total Revenue": 245,
        "Gross Profit": 103,
        "Operating Income": -17,
        "EBIT": -12,
        "Net Income": -20
    },
    "2014-03-31": {
        "Diluted EPS": 0.08,
        "Total Revenue": 236,
        "Gross Profit": 97,
        "Operating Income": 17,
        "EBIT": 20,
        "Net Income": 8
    },
    "2013-12-31": {
        "Diluted EPS": 0.33,
        "Total Revenue": 361,
        "Gross Profit": 152,
        "Operating Income": 71,
        "EBIT": 74,
        "Net Income": 33
    },
    "2013-09-30": {
        "Diluted EPS": -0.01,
        "Total Revenue": 192,
        "Gross Profit": 64,
        "Operating Income": -1,
        "EBIT": 3,
        "Net Income": -1
    },
    "2013-06-30": {
        "Diluted EPS": -0.06,
        "Total Revenue": 177,
        "Gross Profit": 57,
        "Operating Income": -6,
        "EBIT": -3,
        "Net Income": -5
    },
    "2013-03-31": {
        "Diluted EPS": 0.18,
        "Total Revenue": 255,
        "Gross Profit": 89,
        "Operating Income": 35,
        "EBIT": 37,
        "Net Income": 17
    },
    "2012-12-31": {
        "Diluted EPS": 0.0,
        "Total Revenue": NaN,
        "Gross Profit": NaN,
        "Operating Income": NaN,
        "EBIT": NaN,
        "Net Income": NaN
    },
    "2011-12-31": {
        "Diluted EPS": 0.0,
        "Total Revenue": NaN,
        "Gross Profit": NaN,
        "Operating Income": NaN,
        "EBIT": NaN,
        "Net Income": NaN
    },
    "2023-09-30": {
        "Tax Effect Of Unusual Items": 0.0,
        "Tax Rate For Calcs": 0.21,
        "Normalized EBITDA": -380000.0,
        "Total Unusual Items": NaN,
        "Total Unusual Items Excluding Goodwill": NaN,
        "Net Income From Continuing Operation Net Minority Interest": -3684000.0,
        "Reconciled Depreciation": 1444000.0,
        "Reconciled Cost Of Revenue": 200095000.0,
        "EBITDA": -380000.0,
        "EBIT": -1824000.0,
        "Net Interest Income": -1171000.0,
        "Interest Expense": 1171000.0,
        "Normalized Income": -3684000.0,
        "Net Income From Continuing And Discontinued Operation": -3684000.0,
        "Total Expenses": 298086000.0,
        "Total Operating Income As Reported": -3787000.0,
        "Diluted Average Shares": 152409000.0,
        "Basic Average Shares": 152409000.0,
        "Diluted EPS": -0.02,
        "Basic EPS": -0.02,
        "Diluted NI Availto Com Stockholders": -3684000.0,
        "Average Dilution Earnings": NaN,
        "Net Income Common Stockholders": -3684000.0,
        "Net Income": -3684000.0,
        "Net Income Including Noncontrolling Interests": -3684000.0,
        "Net Income Continuous Operations": -3684000.0,
        "Tax Provision": 689000.0,
        "Pretax Income": -2995000.0,
        "Other Income Expense": 1963000.0,
        "Other Non Operating Income Expenses": 1963000.0,
        "Special Income Charges": NaN,
        "Restructuring And Mergern Acquisition": NaN,
        "Net Non Operating Interest Income Expense": -1171000.0,
        "Interest Expense Non Operating": 1171000.0,
        "Operating Income": -3787000.0,
        "Operating Expense": 97991000.0,
        "Research And Development": 41708000.0,
        "Selling General And Administration": 56283000.0,
        "Selling And Marketing Expense": 41254000.0,
        "General And Administrative Expense": 15029000.0,
        "Other Gand A": 15029000.0,
        "Salaries And Wages": NaN,
        "Gross Profit": 94204000.0,
        "Cost Of Revenue": 200095000.0,
        "Total Revenue": 294299000.0,
        "Operating Revenue": 294299000.0
    }
}