{
    "2023-03-31": {
        "Tax Effect Of Unusual Items": NaN,
        "Tax Rate For Calcs": NaN,
        "Normalized EBITDA": NaN,
        "Total Unusual Items": NaN,
        "Total Unusual Items Excluding Goodwill": NaN,
        "Net Income From Continuing Operation Net Minority Interest": NaN,
        "Reconciled Depreciation": NaN,
        "Reconciled Cost Of Revenue": NaN,
        "EBITDA": NaN,
        "EBIT": NaN,
        "Net Interest Income": NaN,
        "Interest Expense": NaN,
        "Interest Income": NaN,
        "Normalized Income": NaN,
        "Net Income From Continuing And Discontinued Operation": NaN,
        "Total Expenses": NaN,
        "Total Operating Income As Reported": NaN,
        "Diluted Average Shares": NaN,
        "Basic Average Shares": NaN,
        "Diluted EPS": NaN,
        "Basic EPS": NaN,
        "Diluted NI Availto Com Stockholders": NaN,
        "Net Income Common Stockholders": NaN,
        "Net Income": NaN,
        "Minority Interests": NaN,
        "Net Income Including Noncontrolling Interests": NaN,
        "Net Income Continuous Operations": NaN,
        "Tax Provision": NaN,
        "Pretax Income": NaN,
        "Other Income Expense": NaN,
        "Other Non Operating Income Expenses": -1000000.0,
        "Special Income Charges": NaN,
        "Write Off": NaN,
        "Restructuring And Mergern Acquisition": NaN,
        "Earnings From Equity Interest": NaN,
        "Gain On Sale Of Security": NaN,
        "Net Non Operating Interest Income Expense": NaN,
        "Interest Expense Non Operating": NaN,
        "Interest Income Non Operating": NaN,
        "Operating Income": NaN,
        "Operating Expense": NaN,
        "Other Operating Expenses": NaN,
        "Research And Development": NaN,
        "Selling General And Administration": NaN,
        "Selling And Marketing Expense": NaN,
        "General And Administrative Expense": NaN,
        "Other Gand A": NaN,
        "Gross Profit": NaN,
        "Cost Of Revenue": NaN,
        "Total Revenue": NaN,
        "Operating Revenue": NaN
    },
    "2022-12-31": {
        "Tax Effect Of Unusual Items": NaN,
        "Tax Rate For Calcs": NaN,
        "Normalized EBITDA": NaN,
        "Total Unusual Items": NaN,
        "Total Unusual Items Excluding Goodwill": NaN,
        "Net Income From Continuing Operation Net Minority Interest": NaN,
        "Reconciled Depreciation": NaN,
        "Reconciled Cost Of Revenue": NaN,
        "EBITDA": NaN,
        "EBIT": NaN,
        "Net Interest Income": NaN,
        "Interest Expense": NaN,
        "Interest Income": NaN,
        "Normalized Income": NaN,
        "Net Income From Continuing And Discontinued Operation": NaN,
        "Total Expenses": NaN,
        "Total Operating Income As Reported": NaN,
        "Diluted Average Shares": NaN,
        "Basic Average Shares": NaN,
        "Diluted EPS": NaN,
        "Basic EPS": NaN,
        "Diluted NI Availto Com Stockholders": NaN,
        "Net Income Common Stockholders": NaN,
        "Net Income": NaN,
        "Minority Interests": 5000000.0,
        "Net Income Including Noncontrolling Interests": NaN,
        "Net Income Continuous Operations": NaN,
        "Tax Provision": NaN,
        "Pretax Income": NaN,
        "Other Income Expense": NaN,
        "Other Non Operating Income Expenses": -17000000.0,
        "Special Income Charges": NaN,
        "Write Off": NaN,
        "Restructuring And Mergern Acquisition": NaN,
        "Earnings From Equity Interest": NaN,
        "Gain On Sale Of Security": NaN,
        "Net Non Operating Interest Income Expense": NaN,
        "Interest Expense Non Operating": NaN,
        "Interest Income Non Operating": NaN,
        "Operating Income": NaN,
        "Operating Expense": NaN,
        "Other Operating Expenses": NaN,
        "Research And Development": NaN,
        "Selling General And Administration": NaN,
        "Selling And Marketing Expense": NaN,
        "General And Administrative Expense": NaN,
        "Other Gand A": NaN,
        "Gross Profit": NaN,
        "Cost Of Revenue": NaN,
        "Total Revenue": NaN,
        "Operating Revenue": NaN
    },
    "2022-09-30": {
        "Tax Effect Of Unusual Items": NaN,
        "Tax Rate For Calcs": NaN,
        "Normalized EBITDA": NaN,
        "Total Unusual Items": NaN,
        "Total Unusual Items Excluding Goodwill": NaN,
        "Net Income From Continuing Operation Net Minority Interest": NaN,
        "Reconciled Depreciation": NaN,
        "Reconciled Cost Of Revenue": NaN,
        "EBITDA": NaN,
        "EBIT": NaN,
        "Net Interest Income": NaN,
        "Interest Expense": NaN,
        "Interest Income": NaN,
        "Normalized Income": NaN,
        "Net Income From Continuing And Discontinued Operation": NaN,
        "Total Expenses": NaN,
        "Total Operating Income As Reported": NaN,
        "Diluted Average Shares": NaN,
        "Basic Average Shares": NaN,
        "Diluted EPS": NaN,
        "Basic EPS": NaN,
        "Diluted NI Availto Com Stockholders": NaN,
        "Net Income Common Stockholders": NaN,
        "Net Income": NaN,
        "Minority Interests": 15000000.0,
        "Net Income Including Noncontrolling Interests": NaN,
        "Net Income Continuous Operations": NaN,
        "Tax Provision": NaN,
        "Pretax Income": NaN,
        "Other Income Expense": NaN,
        "Other Non Operating Income Expenses": NaN,
        "Special Income Charges": NaN,
        "Write Off": NaN,
        "Restructuring And Mergern Acquisition": NaN,
        "Earnings From Equity Interest": NaN,
        "Gain On Sale Of Security": NaN,
        "Net Non Operating Interest Income Expense": NaN,
        "Interest Expense Non Operating": NaN,
        "Interest Income Non Operating": NaN,
        "Operating Income": NaN,
        "Operating Expense": NaN,
        "Other Operating Expenses": NaN,
        "Research And Development": NaN,
        "Selling General And Administration": NaN,
        "Selling And Marketing Expense": NaN,
        "General And Administrative Expense": NaN,
        "Other Gand A": NaN,
        "Gross Profit": NaN,
        "Cost Of Revenue": NaN,
        "Total Revenue": NaN,
        "Operating Revenue": NaN
    },
    "2022-06-30": {
        "Tax Effect Of Unusual Items": -6000000.0,
        "Tax Rate For Calcs": 0.4,
        "Normalized EBITDA": -333000000.0,
        "Total Unusual Items": -15000000.0,
        "Total Unusual Items Excluding Goodwill": -15000000.0,
        "Net Income From Continuing Operation Net Minority Interest": -547000000.0,
        "Reconciled Depreciation": 37000000.0,
        "Reconciled Cost Of Revenue": 337000000.0,
        "EBITDA": -348000000.0,
        "EBIT": -385000000.0,
        "Net Interest Income": -185000000.0,
        "Interest Expense": 185000000.0,
        "Interest Income": NaN,
        "Normalized Income": -538000000.0,
        "Net Income From Continuing And Discontinued Operation": -547000000.0,
        "Total Expenses": 690000000.0,
        "Total Operating Income As Reported": -384000000.0,
        "Diluted Average Shares": 3825093000.0,
        "Basic Average Shares": 3825093000.0,
        "Diluted EPS": -0.15,
        "Basic EPS": -0.15,
        "Diluted NI Availto Com Stockholders": -547000000.0,
        "Net Income Common Stockholders": -547000000.0,
        "Net Income": -547000000.0,
        "Minority Interests": 25000000.0,
        "Net Income Including Noncontrolling Interests": -572000000.0,
        "Net Income Continuous Operations": -572000000.0,
        "Tax Provision": 2000000.0,
        "Pretax Income": -570000000.0,
        "Other Income Expense": -16000000.0,
        "Other Non Operating Income Expenses": NaN,
        "Special Income Charges": -15000000.0,
        "Write Off": 15000000.0,
        "Restructuring And Mergern Acquisition": NaN,
        "Earnings From Equity Interest": -1000000.0,
        "Gain On Sale Of Security": NaN,
        "Net Non Operating Interest Income Expense": -185000000.0,
        "Interest Expense Non Operating": 185000000.0,
        "Interest Income Non Operating": NaN,
        "Operating Income": -369000000.0,
        "Operating Expense": 353000000.0,
        "Other Operating Expenses": -2000000.0,
        "Research And Development": 121000000.0,
        "Selling General And Administration": 234000000.0,
        "Selling And Marketing Expense": 72000000.0,
        "General And Administrative Expense": 162000000.0,
        "Other Gand A": 162000000.0,
        "Gross Profit": -16000000.0,
        "Cost Of Revenue": 337000000.0,
        "Total Revenue": 321000000.0,
        "Operating Revenue": 321000000.0
    },
    "2022-03-31": {
        "Diluted EPS": -0.11,
        "Total Revenue": 228,
        "Gross Profit": -82,
        "Operating Income": -445,
        "EBIT": -411,
        "Net Income": -423
    },
    "2021-12-31": {
        "Diluted EPS": 3.34,
        "Total Revenue": 123,
        "Gross Profit": -174,
        "Operating Income": -534,
        "EBIT": -437,
        "Net Income": NaN
    },
    "2021-09-30": {
        "Diluted EPS": -3.66,
        "Total Revenue": 157,
        "Gross Profit": -109,
        "Operating Income": -401,
        "EBIT": -315,
        "Net Income": -970
    },
    "2021-06-30": {
        "Diluted EPS": -2.89,
        "Total Revenue": 179,
        "Gross Profit": -87,
        "Operating Income": -389,
        "EBIT": -303,
        "Net Income": -768
    },
    "2021-03-31": {
        "Diluted EPS": -3.18,
        "Total Revenue": 216,
        "Gross Profit": -25,
        "Operating Income": -231,
        "EBIT": -147,
        "Net Income": -666
    },
    "2020-12-31": {
        "Diluted EPS": 0.0,
        "Total Revenue": NaN,
        "Gross Profit": NaN,
        "Operating Income": NaN,
        "EBIT": NaN,
        "Net Income": NaN
    },
    "2020-09-30": {
        "Diluted EPS": 0.0,
        "Total Revenue": NaN,
        "Gross Profit": NaN,
        "Operating Income": NaN,
        "EBIT": NaN,
        "Net Income": NaN
    },
    "2020-06-30": {
        "Diluted EPS": 2.74,
        "Total Revenue": NaN,
        "Gross Profit": NaN,
        "Operating Income": -1,
        "EBIT": -1,
        "Net Income": 34
    },
    "2019-12-31": {
        "Diluted EPS": 0.0,
        "Total Revenue": NaN,
        "Gross Profit": NaN,
        "Operating Income": NaN,
        "EBIT": NaN,
        "Net Income": NaN
    },
    "2023-06-30": {
        "Tax Effect Of Unusual Items": NaN,
        "Tax Rate For Calcs": NaN,
        "Normalized EBITDA": NaN,
        "Total Unusual Items": NaN,
        "Total Unusual Items Excluding Goodwill": NaN,
        "Net Income From Continuing Operation Net Minority Interest": NaN,
        "Reconciled Depreciation": NaN,
        "Reconciled Cost Of Revenue": NaN,
        "EBITDA": NaN,
        "EBIT": NaN,
        "Net Interest Income": NaN,
        "Interest Expense": 18000000.0,
        "Interest Income": NaN,
        "Normalized Income": NaN,
        "Net Income From Continuing And Discontinued Operation": NaN,
        "Total Expenses": NaN,
        "Total Operating Income As Reported": NaN,
        "Diluted Average Shares": NaN,
        "Basic Average Shares": NaN,
        "Diluted EPS": NaN,
        "Basic EPS": NaN,
        "Diluted NI Availto Com Stockholders": NaN,
        "Net Income Common Stockholders": NaN,
        "Net Income": NaN,
        "Minority Interests": 13000000.0,
        "Net Income Including Noncontrolling Interests": NaN,
        "Net Income Continuous Operations": NaN,
        "Tax Provision": NaN,
        "Pretax Income": NaN,
        "Other Income Expense": NaN,
        "Other Non Operating Income Expenses": NaN,
        "Special Income Charges": NaN,
        "Write Off": NaN,
        "Restructuring And Mergern Acquisition": NaN,
        "Earnings From Equity Interest": NaN,
        "Gain On Sale Of Security": NaN,
        "Net Non Operating Interest Income Expense": NaN,
        "Interest Expense Non Operating": 18000000.0,
        "Interest Income Non Operating": NaN,
        "Operating Income": NaN,
        "Operating Expense": NaN,
        "Other Operating Expenses": NaN,
        "Research And Development": NaN,
        "Selling General And Administration": NaN,
        "Selling And Marketing Expense": NaN,
        "General And Administrative Expense": NaN,
        "Other Gand A": NaN,
        "Gross Profit": NaN,
        "Cost Of Revenue": NaN,
        "Total Revenue": NaN,
        "Operating Revenue": NaN
    },
    "2023-09-30": {
        "Tax Effect Of Unusual Items": -6970000.0,
        "Tax Rate For Calcs": 0.17,
        "Normalized EBITDA": 13000000.0,
        "Total Unusual Items": -41000000.0,
        "Total Unusual Items Excluding Goodwill": -41000000.0,
        "Net Income From Continuing Operation Net Minority Interest": -91000000.0,
        "Reconciled Depreciation": 37000000.0,
        "Reconciled Cost Of Revenue": 375000000.0,
        "EBITDA": -28000000.0,
        "EBIT": -65000000.0,
        "Net Interest Income": 36000000.0,
        "Interest Expense": 18000000.0,
        "Interest Income": 54000000.0,
        "Normalized Income": -56970000.0,
        "Net Income From Continuing And Discontinued Operation": -91000000.0,
        "Total Expenses": 675000000.0,
        "Total Operating Income As Reported": -93000000.0,
        "Diluted Average Shares": 3907945000.0,
        "Basic Average Shares": 3907945000.0,
        "Diluted EPS": -0.02,
        "Basic EPS": -0.02,
        "Diluted NI Availto Com Stockholders": -91000000.0,
        "Net Income Common Stockholders": -91000000.0,
        "Net Income": -91000000.0,
        "Minority Interests": 8000000.0,
        "Net Income Including Noncontrolling Interests": -99000000.0,
        "Net Income Continuous Operations": -99000000.0,
        "Tax Provision": 16000000.0,
        "Pretax Income": -83000000.0,
        "Other Income Expense": -59000000.0,
        "Other Non Operating Income Expenses": -14000000.0,
        "Special Income Charges": -19000000.0,
        "Write Off": 18000000.0,
        "Restructuring And Mergern Acquisition": 1000000.0,
        "Earnings From Equity Interest": -4000000.0,
        "Gain On Sale Of Security": -22000000.0,
        "Net Non Operating Interest Income Expense": 36000000.0,
        "Interest Expense Non Operating": 18000000.0,
        "Interest Income Non Operating": 54000000.0,
        "Operating Income": -60000000.0,
        "Operating Expense": 300000000.0,
        "Other Operating Expenses": -6000000.0,
        "Research And Development": 99000000.0,
        "Selling General And Administration": 207000000.0,
        "Selling And Marketing Expense": 76000000.0,
        "General And Administrative Expense": 131000000.0,
        "Other Gand A": 131000000.0,
        "Gross Profit": 240000000.0,
        "Cost Of Revenue": 375000000.0,
        "Total Revenue": 615000000.0,
        "Operating Revenue": 615000000.0
    },
    "2023-12-31": {
        "Tax Effect Of Unusual Items": 850000.0,
        "Tax Rate For Calcs": 0.17,
        "Normalized EBITDA": 58000000.0,
        "Total Unusual Items": 5000000.0,
        "Total Unusual Items Excluding Goodwill": 5000000.0,
        "Net Income From Continuing Operation Net Minority Interest": 62000000.0,
        "Reconciled Depreciation": 37000000.0,
        "Reconciled Cost Of Revenue": 377000000.0,
        "EBITDA": 63000000.0,
        "EBIT": 26000000.0,
        "Net Interest Income": 23000000.0,
        "Interest Expense": 18000000.0,
        "Interest Income": 41000000.0,
        "Normalized Income": 57850000.0,
        "Net Income From Continuing And Discontinued Operation": 62000000.0,
        "Total Expenses": 693000000.0,
        "Total Operating Income As Reported": -45000000.0,
        "Diluted Average Shares": 3916321000.0,
        "Basic Average Shares": 3916321000.0,
        "Diluted EPS": 0.01,
        "Basic EPS": 0.01,
        "Diluted NI Availto Com Stockholders": 62000000.0,
        "Net Income Common Stockholders": 62000000.0,
        "Net Income": 62000000.0,
        "Minority Interests": NaN,
        "Net Income Including Noncontrolling Interests": 11000000.0,
        "Net Income Continuous Operations": 11000000.0,
        "Tax Provision": -3000000.0,
        "Pretax Income": 8000000.0,
        "Other Income Expense": 25000000.0,
        "Other Non Operating Income Expenses": 20000000.0,
        "Special Income Charges": -25000000.0,
        "Write Off": 21000000.0,
        "Restructuring And Mergern Acquisition": 4000000.0,
        "Earnings From Equity Interest": 0.0,
        "Gain On Sale Of Security": 30000000.0,
        "Net Non Operating Interest Income Expense": 23000000.0,
        "Interest Expense Non Operating": 18000000.0,
        "Interest Income Non Operating": 41000000.0,
        "Operating Income": -40000000.0,
        "Operating Expense": 316000000.0,
        "Other Operating Expenses": -5000000.0,
        "Research And Development": 102000000.0,
        "Selling General And Administration": 219000000.0,
        "Selling And Marketing Expense": 84000000.0,
        "General And Administrative Expense": 135000000.0,
        "Other Gand A": 135000000.0,
        "Gross Profit": 276000000.0,
        "Cost Of Revenue": 377000000.0,
        "Total Revenue": 653000000.0,
        "Operating Revenue": 653000000.0
    },
    "2024-03-31": {
        "Tax Effect Of Unusual Items": -6120000.0,
        "Tax Rate For Calcs": 0.17,
        "Normalized EBITDA": 26000000.0,
        "Total Unusual Items": -36000000.0,
        "Total Unusual Items Excluding Goodwill": -36000000.0,
        "Net Income From Continuing Operation Net Minority Interest": -104000000.0,
        "Reconciled Depreciation": 40000000.0,
        "Reconciled Cost Of Revenue": 394000000.0,
        "EBITDA": -10000000.0,
        "EBIT": -50000000.0,
        "Net Interest Income": -8000000.0,
        "Interest Expense": 52000000.0,
        "Interest Income": 44000000.0,
        "Normalized Income": -74120000.0,
        "Net Income From Continuing And Discontinued Operation": -104000000.0,
        "Total Expenses": 706000000.0,
        "Total Operating Income As Reported": -75000000.0,
        "Diluted Average Shares": 3935353000.0,
        "Basic Average Shares": 3935353000.0,
        "Diluted EPS": -0.03,
        "Basic EPS": -0.03,
        "Diluted NI Availto Com Stockholders": -104000000.0,
        "Net Income Common Stockholders": -104000000.0,
        "Net Income": -104000000.0,
        "Minority Interests": 11000000.0,
        "Net Income Including Noncontrolling Interests": -115000000.0,
        "Net Income Continuous Operations": -115000000.0,
        "Tax Provision": 13000000.0,
        "Pretax Income": -102000000.0,
        "Other Income Expense": -41000000.0,
        "Other Non Operating Income Expenses": -1000000.0,
        "Special Income Charges": -21000000.0,
        "Write Off": 20000000.0,
        "Restructuring And Mergern Acquisition": 1000000.0,
        "Earnings From Equity Interest": -4000000.0,
        "Gain On Sale Of Security": -15000000.0,
        "Net Non Operating Interest Income Expense": -8000000.0,
        "Interest Expense Non Operating": 52000000.0,
        "Interest Income Non Operating": 44000000.0,
        "Operating Income": -53000000.0,
        "Operating Expense": 312000000.0,
        "Other Operating Expenses": -2000000.0,
        "Research And Development": 116000000.0,
        "Selling General And Administration": 198000000.0,
        "Selling And Marketing Expense": 71000000.0,
        "General And Administrative Expense": 127000000.0,
        "Other Gand A": 127000000.0,
        "Gross Profit": 259000000.0,
        "Cost Of Revenue": 394000000.0,
        "Total Revenue": 653000000.0,
        "Operating Revenue": 653000000.0
    },
    "2024-06-30": {
        "Tax Effect Of Unusual Items": -5610000.0,
        "Tax Rate For Calcs": 0.17,
        "Normalized EBITDA": 47000000.0,
        "Total Unusual Items": -33000000.0,
        "Total Unusual Items Excluding Goodwill": -33000000.0,
        "Net Income From Continuing Operation Net Minority Interest": -53000000.0,
        "Reconciled Depreciation": 34000000.0,
        "Reconciled Cost Of Revenue": 387000000.0,
        "EBITDA": 14000000.0,
        "EBIT": -20000000.0,
        "Net Interest Income": 15000000.0,
        "Interest Expense": 31000000.0,
        "Interest Income": 46000000.0,
        "Normalized Income": -25610000.0,
        "Net Income From Continuing And Discontinued Operation": -53000000.0,
        "Total Expenses": 698000000.0,
        "Total Operating Income As Reported": -56000000.0,
        "Diluted Average Shares": 3964775000.0,
        "Basic Average Shares": 3964775000.0,
        "Diluted EPS": -0.01,
        "Basic EPS": -0.01,
        "Diluted NI Availto Com Stockholders": -53000000.0,
        "Net Income Common Stockholders": -53000000.0,
        "Net Income": -53000000.0,
        "Minority Interests": 16000000.0,
        "Net Income Including Noncontrolling Interests": -69000000.0,
        "Net Income Continuous Operations": -69000000.0,
        "Tax Provision": 18000000.0,
        "Pretax Income": -51000000.0,
        "Other Income Expense": -32000000.0,
        "Other Non Operating Income Expenses": NaN,
        "Special Income Charges": -23000000.0,
        "Write Off": 20000000.0,
        "Restructuring And Mergern Acquisition": 3000000.0,
        "Earnings From Equity Interest": 0.0,
        "Gain On Sale Of Security": -10000000.0,
        "Net Non Operating Interest Income Expense": 15000000.0,
        "Interest Expense Non Operating": 31000000.0,
        "Interest Income Non Operating": 46000000.0,
        "Operating Income": -34000000.0,
        "Operating Expense": 311000000.0,
        "Other Operating Expenses": -2000000.0,
        "Research And Development": 104000000.0,
        "Selling General And Administration": 209000000.0,
        "Selling And Marketing Expense": 79000000.0,
        "General And Administrative Expense": 130000000.0,
        "Other Gand A": 130000000.0,
        "Gross Profit": 277000000.0,
        "Cost Of Revenue": 387000000.0,
        "Total Revenue": 664000000.0,
        "Operating Revenue": 664000000.0
    },
    "2024-09-30": {
        "Tax Effect Of Unusual Items": -2720000.0,
        "Tax Rate For Calcs": 0.17,
        "Normalized EBITDA": 74000000.0,
        "Total Unusual Items": -16000000.0,
        "Total Unusual Items Excluding Goodwill": -16000000.0,
        "Net Income From Continuing Operation Net Minority Interest": 26000000.0,
        "Reconciled Depreciation": 36000000.0,
        "Reconciled Cost Of Revenue": 409000000.0,
        "EBITDA": 58000000.0,
        "EBIT": 22000000.0,
        "Net Interest Income": 81000000.0,
        "Interest Expense": NaN,
        "Interest Income": 81000000.0,
        "Normalized Income": 39280000.0,
        "Net Income From Continuing And Discontinued Operation": 26000000.0,
        "Total Expenses": 694000000.0,
        "Total Operating Income As Reported": -38000000.0,
        "Diluted Average Shares": 4251379000.0,
        "Basic Average Shares": 4042521000.0,
        "Diluted EPS": 0.01,
        "Basic EPS": 0.01,
        "Diluted NI Availto Com Stockholders": 26000000.0,
        "Net Income Common Stockholders": 26000000.0,
        "Net Income": 26000000.0,
        "Minority Interests": 11000000.0,
        "Net Income Including Noncontrolling Interests": 15000000.0,
        "Net Income Continuous Operations": 15000000.0,
        "Tax Provision": 32000000.0,
        "Pretax Income": 47000000.0,
        "Other Income Expense": -56000000.0,
        "Other Non Operating Income Expenses": -38000000.0,
        "Special Income Charges": -22000000.0,
        "Write Off": 19000000.0,
        "Restructuring And Mergern Acquisition": 3000000.0,
        "Earnings From Equity Interest": -2000000.0,
        "Gain On Sale Of Security": 6000000.0,
        "Net Non Operating Interest Income Expense": 81000000.0,
        "Interest Expense Non Operating": NaN,
        "Interest Income Non Operating": 81000000.0,
        "Operating Income": 22000000.0,
        "Operating Expense": 285000000.0,
        "Other Operating Expenses": -6000000.0,
        "Research And Development": 97000000.0,
        "Selling General And Administration": 194000000.0,
        "Selling And Marketing Expense": 82000000.0,
        "General And Administrative Expense": 112000000.0,
        "Other Gand A": 112000000.0,
        "Gross Profit": 307000000.0,
        "Cost Of Revenue": 409000000.0,
        "Total Revenue": 716000000.0,
        "Operating Revenue": 716000000.0
    }
}