{
    "2023-03-31": {
        "Tax Effect Of Unusual Items": 0.0,
        "Tax Rate For Calcs": 0.218,
        "Normalized EBITDA": 79415000.0,
        "Net Income From Continuing Operation Net Minority Interest": 64180000.0,
        "Reconciled Depreciation": 754000.0,
        "Reconciled Cost Of Revenue": 327455000.0,
        "EBITDA": 79415000.0,
        "EBIT": 78661000.0,
        "Normalized Income": 64180000.0,
        "Net Income From Continuing And Discontinued Operation": 64180000.0,
        "Total Expenses": 373400000.0,
        "Diluted Average Shares": 46351000.0,
        "Basic Average Shares": 45945000.0,
        "Diluted EPS": 1.37,
        "Basic EPS": 1.38,
        "Diluted NI Availto Com Stockholders": 63461000.0,
        "Net Income Common Stockholders": 63461000.0,
        "Preferred Stock Dividends": 719000.0,
        "Net Income": 64180000.0,
        "Minority Interests": -3961000.0,
        "Net Income Including Noncontrolling Interests": 68141000.0,
        "Net Income Continuous Operations": 68141000.0,
        "Tax Provision": 19031000.0,
        "Pretax Income": 87172000.0,
        "Other Income Expense": 8511000.0,
        "Other Non Operating Income Expenses": 4290000.0,
        "Earnings From Equity Interest": 4221000.0,
        "Operating Income": 78661000.0,
        "Operating Expense": 45945000.0,
        "Research And Development": NaN,
        "Selling General And Administration": 45945000.0,
        "General And Administrative Expense": NaN,
        "Other Gand A": NaN,
        "Gross Profit": 124606000.0,
        "Cost Of Revenue": 327455000.0,
        "Total Revenue": 452061000.0,
        "Operating Revenue": 452061000.0
    },
    "2022-12-31": {
        "Tax Effect Of Unusual Items": 0.0,
        "Tax Rate For Calcs": 0.215383,
        "Normalized EBITDA": 68475000.0,
        "Net Income From Continuing Operation Net Minority Interest": 55547000.0,
        "Reconciled Depreciation": 650000.0,
        "Reconciled Cost Of Revenue": 318635000.0,
        "EBITDA": 68475000.0,
        "EBIT": 67825000.0,
        "Normalized Income": 55547000.0,
        "Net Income From Continuing And Discontinued Operation": 55547000.0,
        "Total Expenses": 363264000.0,
        "Diluted Average Shares": 46332000.0,
        "Basic Average Shares": 45994000.0,
        "Diluted EPS": 1.18,
        "Basic EPS": 1.19,
        "Diluted NI Availto Com Stockholders": 54828000.0,
        "Net Income Common Stockholders": 54828000.0,
        "Preferred Stock Dividends": 719000.0,
        "Net Income": 55547000.0,
        "Minority Interests": -5617000.0,
        "Net Income Including Noncontrolling Interests": 61164000.0,
        "Net Income Continuous Operations": 61164000.0,
        "Tax Provision": 16790000.0,
        "Pretax Income": 77954000.0,
        "Other Income Expense": 10129000.0,
        "Other Non Operating Income Expenses": 4410000.0,
        "Earnings From Equity Interest": 5719000.0,
        "Operating Income": 67825000.0,
        "Operating Expense": 44629000.0,
        "Research And Development": NaN,
        "Selling General And Administration": 44629000.0,
        "General And Administrative Expense": NaN,
        "Other Gand A": NaN,
        "Gross Profit": 112454000.0,
        "Cost Of Revenue": 318635000.0,
        "Total Revenue": 431089000.0,
        "Operating Revenue": 431089000.0
    },
    "2022-09-30": {
        "Tax Effect Of Unusual Items": 0.0,
        "Tax Rate For Calcs": 0.174,
        "Normalized EBITDA": 90660000.0,
        "Net Income From Continuing Operation Net Minority Interest": 73520000.0,
        "Reconciled Depreciation": 592000.0,
        "Reconciled Cost Of Revenue": 274625000.0,
        "EBITDA": 90660000.0,
        "EBIT": 90068000.0,
        "Normalized Income": 73520000.0,
        "Net Income From Continuing And Discontinued Operation": 73520000.0,
        "Total Expenses": 317876000.0,
        "Diluted Average Shares": 46390000.0,
        "Basic Average Shares": 46032000.0,
        "Diluted EPS": 1.57,
        "Basic EPS": 1.58,
        "Diluted NI Availto Com Stockholders": 72801000.0,
        "Net Income Common Stockholders": 72801000.0,
        "Preferred Stock Dividends": 719000.0,
        "Net Income": 73520000.0,
        "Minority Interests": -7113000.0,
        "Net Income Including Noncontrolling Interests": 80633000.0,
        "Net Income Continuous Operations": 80633000.0,
        "Tax Provision": 16963000.0,
        "Pretax Income": 97596000.0,
        "Other Income Expense": 7528000.0,
        "Other Non Operating Income Expenses": 1831000.0,
        "Earnings From Equity Interest": 5697000.0,
        "Operating Income": 90068000.0,
        "Operating Expense": 43251000.0,
        "Research And Development": NaN,
        "Selling General And Administration": 43251000.0,
        "General And Administrative Expense": NaN,
        "Other Gand A": NaN,
        "Gross Profit": 133319000.0,
        "Cost Of Revenue": 274625000.0,
        "Total Revenue": 407944000.0,
        "Operating Revenue": 407944000.0
    },
    "2022-06-30": {
        "Tax Effect Of Unusual Items": 0.0,
        "Tax Rate For Calcs": 0.219,
        "Normalized EBITDA": 127598000.0,
        "Net Income From Continuing Operation Net Minority Interest": 101256000.0,
        "Reconciled Depreciation": 500000.0,
        "Reconciled Cost Of Revenue": 356248000.0,
        "EBITDA": 127598000.0,
        "EBIT": 127098000.0,
        "Normalized Income": 101256000.0,
        "Net Income From Continuing And Discontinued Operation": 101256000.0,
        "Total Expenses": 398046000.0,
        "Diluted Average Shares": 48384000.0,
        "Basic Average Shares": 48046000.0,
        "Diluted EPS": 2.08,
        "Basic EPS": 2.09,
        "Diluted NI Availto Com Stockholders": 100537000.0,
        "Net Income Common Stockholders": 100537000.0,
        "Preferred Stock Dividends": 719000.0,
        "Net Income": 101256000.0,
        "Minority Interests": -6748000.0,
        "Net Income Including Noncontrolling Interests": 108004000.0,
        "Net Income Continuous Operations": 108004000.0,
        "Tax Provision": 30278000.0,
        "Pretax Income": 138282000.0,
        "Other Income Expense": 11184000.0,
        "Other Non Operating Income Expenses": 2661000.0,
        "Earnings From Equity Interest": 8523000.0,
        "Operating Income": 127098000.0,
        "Operating Expense": 41798000.0,
        "Research And Development": NaN,
        "Selling General And Administration": 41798000.0,
        "Gross Profit": 168896000.0,
        "Cost Of Revenue": 356248000.0,
        "Total Revenue": 525144000.0,
        "Operating Revenue": 525144000.0
    },
    "2023-06-30": {
        "Tax Effect Of Unusual Items": 0.0,
        "Tax Rate For Calcs": 0.222,
        "Normalized EBITDA": 94536000.0,
        "Net Income From Continuing Operation Net Minority Interest": 75270000.0,
        "Reconciled Depreciation": 830000.0,
        "Reconciled Cost Of Revenue": 313354000.0,
        "EBITDA": 94536000.0,
        "EBIT": 93706000.0,
        "Normalized Income": 75270000.0,
        "Net Income From Continuing And Discontinued Operation": 75270000.0,
        "Total Expenses": 362583000.0,
        "Diluted Average Shares": 45755000.0,
        "Basic Average Shares": 45371000.0,
        "Diluted EPS": 1.63,
        "Basic EPS": 1.64,
        "Diluted NI Availto Com Stockholders": 75270000.0,
        "Net Income Common Stockholders": 75270000.0,
        "Preferred Stock Dividends": NaN,
        "Net Income": 75270000.0,
        "Minority Interests": -5794000.0,
        "Net Income Including Noncontrolling Interests": 81064000.0,
        "Net Income Continuous Operations": 81064000.0,
        "Tax Provision": 23148000.0,
        "Pretax Income": 104212000.0,
        "Other Income Expense": 10506000.0,
        "Other Non Operating Income Expenses": 4807000.0,
        "Earnings From Equity Interest": 5699000.0,
        "Operating Income": 93706000.0,
        "Operating Expense": 49229000.0,
        "Research And Development": 90000.0,
        "Selling General And Administration": 49139000.0,
        "General And Administrative Expense": 49139000.0,
        "Other Gand A": 49139000.0,
        "Gross Profit": 142935000.0,
        "Cost Of Revenue": 313354000.0,
        "Total Revenue": 456289000.0,
        "Operating Revenue": 456289000.0
    },
    "2022-03-31": {
        "Diluted EPS": 1.2,
        "Total Revenue": 394,
        "Gross Profit": 108,
        "Operating Income": 74,
        "EBIT": 75,
        "Net Income": 61
    },
    "2021-12-31": {
        "Diluted EPS": 1.24,
        "Total Revenue": 452,
        "Gross Profit": 111,
        "Operating Income": 74,
        "EBIT": 74,
        "Net Income": 63
    },
    "2021-09-30": {
        "Diluted EPS": 0.95,
        "Total Revenue": 342,
        "Gross Profit": 91,
        "Operating Income": 58,
        "EBIT": 58,
        "Net Income": 49
    },
    "2021-06-30": {
        "Diluted EPS": 1.02,
        "Total Revenue": 374,
        "Gross Profit": 101,
        "Operating Income": 67,
        "EBIT": 68,
        "Net Income": 52
    },
    "2021-03-31": {
        "Diluted EPS": 0.51,
        "Total Revenue": 234,
        "Gross Profit": 59,
        "Operating Income": 30,
        "EBIT": 30,
        "Net Income": 26
    },
    "2020-12-31": {
        "Diluted EPS": 0.59,
        "Total Revenue": 254,
        "Gross Profit": 64,
        "Operating Income": 33,
        "EBIT": 34,
        "Net Income": 29
    },
    "2020-09-30": {
        "Diluted EPS": 0.68,
        "Total Revenue": 276,
        "Gross Profit": 68,
        "Operating Income": 38,
        "EBIT": 39,
        "Net Income": 35
    },
    "2020-06-30": {
        "Diluted EPS": 0.66,
        "Total Revenue": 233,
        "Gross Profit": 54,
        "Operating Income": 28,
        "EBIT": 29,
        "Net Income": 34
    },
    "2020-03-31": {
        "Diluted EPS": 0.31,
        "Total Revenue": 213,
        "Gross Profit": 49,
        "Operating Income": 22,
        "EBIT": 23,
        "Net Income": 16
    },
    "2019-12-31": {
        "Diluted EPS": 0.31,
        "Total Revenue": 230,
        "Gross Profit": 49,
        "Operating Income": 18,
        "EBIT": 19,
        "Net Income": 16
    },
    "2019-09-30": {
        "Diluted EPS": 0.31,
        "Total Revenue": 209,
        "Gross Profit": 45,
        "Operating Income": 18,
        "EBIT": 19,
        "Net Income": 16
    },
    "2019-06-30": {
        "Diluted EPS": 0.29,
        "Total Revenue": 184,
        "Gross Profit": 40,
        "Operating Income": 18,
        "EBIT": 19,
        "Net Income": 14
    },
    "2019-03-31": {
        "Diluted EPS": 0.25,
        "Total Revenue": 169,
        "Gross Profit": 35,
        "Operating Income": 12,
        "EBIT": 13,
        "Net Income": 13
    },
    "2018-12-31": {
        "Diluted EPS": 0.27,
        "Total Revenue": 185,
        "Gross Profit": 44,
        "Operating Income": 20,
        "EBIT": 21,
        "Net Income": 13
    },
    "2018-09-30": {
        "Diluted EPS": 0.24,
        "Total Revenue": 152,
        "Gross Profit": 37,
        "Operating Income": 17,
        "EBIT": 18,
        "Net Income": 12
    },
    "2018-06-30": {
        "Diluted EPS": 0.29,
        "Total Revenue": 157,
        "Gross Profit": 41,
        "Operating Income": 21,
        "EBIT": 22,
        "Net Income": 15
    },
    "2018-03-31": {
        "Diluted EPS": 0.22,
        "Total Revenue": 129,
        "Gross Profit": 33,
        "Operating Income": 15,
        "EBIT": 15,
        "Net Income": 11
    },
    "2017-12-31": {
        "Diluted EPS": -0.18,
        "Total Revenue": 140,
        "Gross Profit": 49,
        "Operating Income": 19,
        "EBIT": 19,
        "Net Income": -8
    },
    "2017-09-30": {
        "Diluted EPS": 0.19,
        "Total Revenue": 114,
        "Gross Profit": 25,
        "Operating Income": 16,
        "EBIT": 16,
        "Net Income": 9
    },
    "2017-06-30": {
        "Diluted EPS": 0.16,
        "Total Revenue": 105,
        "Gross Profit": 23,
        "Operating Income": 13,
        "EBIT": 14,
        "Net Income": 8
    },
    "2017-03-31": {
        "Diluted EPS": 0.13,
        "Total Revenue": 99,
        "Gross Profit": 21,
        "Operating Income": 12,
        "EBIT": 12,
        "Net Income": 6
    },
    "2016-12-31": {
        "Diluted EPS": 0.16,
        "Total Revenue": 130,
        "Gross Profit": 31,
        "Operating Income": 20,
        "EBIT": 20,
        "Net Income": 8
    },
    "2016-09-30": {
        "Diluted EPS": 0.13,
        "Total Revenue": 92,
        "Gross Profit": 21,
        "Operating Income": 11,
        "EBIT": 11,
        "Net Income": 6
    },
    "2016-06-30": {
        "Diluted EPS": 0.14,
        "Total Revenue": 99,
        "Gross Profit": 22,
        "Operating Income": 12,
        "EBIT": 12,
        "Net Income": 7
    },
    "2016-03-31": {
        "Diluted EPS": 0.06,
        "Total Revenue": 70,
        "Gross Profit": 14,
        "Operating Income": 5,
        "EBIT": 5,
        "Net Income": 3
    },
    "2015-12-31": {
        "Diluted EPS": 0.07,
        "Total Revenue": 86,
        "Gross Profit": 13,
        "Operating Income": 7,
        "EBIT": 7,
        "Net Income": 5
    },
    "2015-09-30": {
        "Diluted EPS": 0.06,
        "Total Revenue": 75,
        "Gross Profit": 16,
        "Operating Income": 7,
        "EBIT": 8,
        "Net Income": 3
    },
    "2015-06-30": {
        "Diluted EPS": 0.12,
        "Total Revenue": 72,
        "Gross Profit": 17,
        "Operating Income": 9,
        "EBIT": 9,
        "Net Income": 4
    },
    "2015-03-31": {
        "Diluted EPS": 0.13,
        "Total Revenue": 58,
        "Gross Profit": 16,
        "Operating Income": 8,
        "EBIT": 8,
        "Net Income": 4
    },
    "2014-12-31": {
        "Diluted EPS": 1.74,
        "Total Revenue": 68,
        "Gross Profit": 11,
        "Operating Income": 9,
        "EBIT": 9,
        "Net Income": 32
    },
    "2014-09-30": {
        "Diluted EPS": 0.33,
        "Total Revenue": 50,
        "Gross Profit": 15,
        "Operating Income": 6,
        "EBIT": 6,
        "Net Income": 4
    },
    "2014-06-30": {
        "Diluted EPS": 0.67,
        "Total Revenue": 66,
        "Gross Profit": 16,
        "Operating Income": 11,
        "EBIT": 11,
        "Net Income": 7
    },
    "2014-03-31": {
        "Diluted EPS": 0.66,
        "Total Revenue": 63,
        "Gross Profit": 16,
        "Operating Income": 10,
        "EBIT": 10,
        "Net Income": 7
    },
    "2013-12-31": {
        "Diluted EPS": 5.36,
        "Total Revenue": NaN,
        "Gross Profit": NaN,
        "Operating Income": -159,
        "EBIT": -180,
        "Net Income": 45
    },
    "2013-09-30": {
        "Diluted EPS": -0.84,
        "Total Revenue": NaN,
        "Gross Profit": NaN,
        "Operating Income": -1,
        "EBIT": 6,
        "Net Income": -4
    },
    "2013-06-30": {
        "Diluted EPS": -0.77,
        "Total Revenue": NaN,
        "Gross Profit": NaN,
        "Operating Income": -1,
        "EBIT": 6,
        "Net Income": -4
    },
    "2013-03-31": {
        "Diluted EPS": -0.87,
        "Total Revenue": NaN,
        "Gross Profit": NaN,
        "Operating Income": -1,
        "EBIT": 6,
        "Net Income": -5
    },
    "2012-12-31": {
        "Diluted EPS": 7.31,
        "Total Revenue": -305,
        "Gross Profit": 41,
        "Operating Income": 40,
        "EBIT": 19,
        "Net Income": 47
    },
    "2012-09-30": {
        "Diluted EPS": -1.88,
        "Total Revenue": 116,
        "Gross Profit": -8,
        "Operating Income": -10,
        "EBIT": -3,
        "Net Income": -10
    },
    "2012-06-30": {
        "Diluted EPS": -2.05,
        "Total Revenue": 123,
        "Gross Profit": -8,
        "Operating Income": -11,
        "EBIT": -4,
        "Net Income": -11
    },
    "2012-03-31": {
        "Diluted EPS": -1.83,
        "Total Revenue": 139,
        "Gross Profit": -7,
        "Operating Income": -9,
        "EBIT": -2,
        "Net Income": -9
    },
    "2011-12-31": {
        "Diluted EPS": 1.38,
        "Total Revenue": 164,
        "Gross Profit": 9,
        "Operating Income": 6,
        "EBIT": 13,
        "Net Income": 4
    },
    "2011-09-30": {
        "Diluted EPS": 0.36,
        "Total Revenue": 163,
        "Gross Profit": 7,
        "Operating Income": 5,
        "EBIT": 12,
        "Net Income": 2
    },
    "2011-06-30": {
        "Diluted EPS": -1.38,
        "Total Revenue": 169,
        "Gross Profit": -4,
        "Operating Income": -6,
        "EBIT": 1,
        "Net Income": -7
    },
    "2011-03-31": {
        "Diluted EPS": -2.2,
        "Total Revenue": 158,
        "Gross Profit": -2,
        "Operating Income": -5,
        "EBIT": 4,
        "Net Income": -8
    },
    "2010-12-31": {
        "Diluted EPS": -1.0,
        "Total Revenue": 141,
        "Gross Profit": 5,
        "Operating Income": 2,
        "EBIT": 10,
        "Net Income": -1
    },
    "2010-09-30": {
        "Diluted EPS": -1.0,
        "Total Revenue": 115,
        "Gross Profit": 5,
        "Operating Income": 1,
        "EBIT": 8,
        "Net Income": -1
    },
    "2010-06-30": {
        "Diluted EPS": -7.4,
        "Total Revenue": 96,
        "Gross Profit": -6,
        "Operating Income": -9,
        "EBIT": -2,
        "Net Income": -9
    },
    "2010-03-31": {
        "Diluted EPS": -6.4,
        "Total Revenue": 101,
        "Gross Profit": -5,
        "Operating Income": -8,
        "EBIT": -1,
        "Net Income": -8
    },
    "2009-12-31": {
        "Diluted EPS": 6.2,
        "Total Revenue": 120,
        "Gross Profit": 15,
        "Operating Income": 12,
        "EBIT": 19,
        "Net Income": 7
    },
    "2009-09-30": {
        "Diluted EPS": -5.2,
        "Total Revenue": 91,
        "Gross Profit": 2,
        "Operating Income": -4,
        "EBIT": 3,
        "Net Income": -6
    },
    "2009-06-30": {
        "Diluted EPS": -5.6,
        "Total Revenue": 106,
        "Gross Profit": -1,
        "Operating Income": -5,
        "EBIT": 2,
        "Net Income": -7
    },
    "2009-03-31": {
        "Diluted EPS": -6.8,
        "Total Revenue": 97,
        "Gross Profit": -5,
        "Operating Income": -8,
        "EBIT": -1,
        "Net Income": -8
    },
    "2023-09-30": {
        "Tax Effect Of Unusual Items": 0.0,
        "Tax Rate For Calcs": 0.214,
        "Normalized EBITDA": 92987000.0,
        "Net Income From Continuing Operation Net Minority Interest": 72156000.0,
        "Reconciled Depreciation": 858000.0,
        "Reconciled Cost Of Revenue": 279965000.0,
        "EBITDA": 92987000.0,
        "EBIT": 92129000.0,
        "Normalized Income": 72156000.0,
        "Net Income From Continuing And Discontinued Operation": 72156000.0,
        "Total Expenses": 326849000.0,
        "Diluted Average Shares": 45792000.0,
        "Basic Average Shares": 45320000.0,
        "Diluted EPS": 1.56,
        "Basic EPS": 1.58,
        "Diluted NI Availto Com Stockholders": 71437000.0,
        "Net Income Common Stockholders": 71437000.0,
        "Preferred Stock Dividends": 719000.0,
        "Net Income": 72156000.0,
        "Minority Interests": -4955000.0,
        "Net Income Including Noncontrolling Interests": 77111000.0,
        "Net Income Continuous Operations": 77111000.0,
        "Tax Provision": 20975000.0,
        "Pretax Income": 98086000.0,
        "Other Income Expense": 5957000.0,
        "Other Non Operating Income Expenses": 4612000.0,
        "Earnings From Equity Interest": 1345000.0,
        "Operating Income": 92129000.0,
        "Operating Expense": 46884000.0,
        "Research And Development": 106000.0,
        "Selling General And Administration": 46778000.0,
        "General And Administrative Expense": 46778000.0,
        "Other Gand A": 46778000.0,
        "Gross Profit": 139013000.0,
        "Cost Of Revenue": 279965000.0,
        "Total Revenue": 418978000.0,
        "Operating Revenue": 418978000.0
    },
    "2023-12-31": {
        "Tax Effect Of Unusual Items": 0.0,
        "Tax Rate For Calcs": 0.210952,
        "Normalized EBITDA": 91812000.0,
        "Net Income From Continuing Operation Net Minority Interest": 73020000.0,
        "Reconciled Depreciation": 1103000.0,
        "Reconciled Cost Of Revenue": 308754000.0,
        "EBITDA": 91812000.0,
        "EBIT": 90709000.0,
        "Normalized Income": 73020000.0,
        "Net Income From Continuing And Discontinued Operation": 73020000.0,
        "Total Expenses": 359673000.0,
        "Diluted Average Shares": NaN,
        "Basic Average Shares": NaN,
        "Diluted EPS": NaN,
        "Basic EPS": NaN,
        "Diluted NI Availto Com Stockholders": 72301000.0,
        "Net Income Common Stockholders": 72301000.0,
        "Preferred Stock Dividends": 719000.0,
        "Net Income": 73020000.0,
        "Minority Interests": -7339000.0,
        "Net Income Including Noncontrolling Interests": 80359000.0,
        "Net Income Continuous Operations": 80359000.0,
        "Tax Provision": 21484000.0,
        "Pretax Income": 101843000.0,
        "Other Income Expense": 11134000.0,
        "Other Non Operating Income Expenses": 5657000.0,
        "Earnings From Equity Interest": 5477000.0,
        "Operating Income": 90709000.0,
        "Operating Expense": 50919000.0,
        "Research And Development": NaN,
        "Selling General And Administration": 51224000.0,
        "General And Administrative Expense": NaN,
        "Other Gand A": NaN,
        "Gross Profit": 141628000.0,
        "Cost Of Revenue": 308754000.0,
        "Total Revenue": 450382000.0,
        "Operating Revenue": 450382000.0
    }
}