{
    "2023-06-30": {
        "Tax Effect Of Unusual Items": 0.0,
        "Tax Rate For Calcs": 0.21,
        "Normalized EBITDA": 30861000.0,
        "Net Income From Continuing Operation Net Minority Interest": 10477000.0,
        "Reconciled Depreciation": 7114000.0,
        "Reconciled Cost Of Revenue": 115434000.0,
        "EBITDA": 30861000.0,
        "EBIT": 23747000.0,
        "Net Interest Income": -10485000.0,
        "Interest Expense": 10485000.0,
        "Normalized Income": 10477000.0,
        "Net Income From Continuing And Discontinued Operation": 10477000.0,
        "Total Expenses": 146741000.0,
        "Total Operating Income As Reported": 24283000.0,
        "Diluted Average Shares": 26192500.0,
        "Basic Average Shares": 26192500.0,
        "Diluted EPS": 0.4,
        "Basic EPS": 0.4,
        "Diluted NI Availto Com Stockholders": 10477000.0,
        "Net Income Common Stockholders": 10477000.0,
        "Net Income": 10477000.0,
        "Net Income Including Noncontrolling Interests": 10477000.0,
        "Net Income Continuous Operations": 10477000.0,
        "Tax Provision": 2785000.0,
        "Pretax Income": 13262000.0,
        "Other Income Expense": -536000.0,
        "Other Non Operating Income Expenses": -536000.0,
        "Net Non Operating Interest Income Expense": -10485000.0,
        "Interest Expense Non Operating": 10485000.0,
        "Operating Income": 24283000.0,
        "Operating Expense": 27375000.0,
        "Depreciation Amortization Depletion Income Statement": 3182000.0,
        "Depreciation And Amortization In Income Statement": 3182000.0,
        "Amortization": 3182000.0,
        "Amortization Of Intangibles Income Statement": 3182000.0,
        "Selling General And Administration": 24193000.0,
        "Gross Profit": 51658000.0,
        "Cost Of Revenue": 119366000.0,
        "Total Revenue": 171024000.0,
        "Operating Revenue": 171024000.0
    },
    "2023-03-31": {
        "Tax Effect Of Unusual Items": 0.0,
        "Tax Rate For Calcs": 0.231,
        "Normalized EBITDA": 25706000.0,
        "Net Income From Continuing Operation Net Minority Interest": 6520000.0,
        "Reconciled Depreciation": 7044000.0,
        "Reconciled Cost Of Revenue": 111090000.0,
        "EBITDA": 25706000.0,
        "EBIT": 18662000.0,
        "Net Interest Income": -10187000.0,
        "Interest Expense": 10187000.0,
        "Normalized Income": 6520000.0,
        "Net Income From Continuing And Discontinued Operation": 6520000.0,
        "Total Expenses": 141371000.0,
        "Total Operating Income As Reported": 19095000.0,
        "Diluted Average Shares": 26080000.0,
        "Basic Average Shares": 26080000.0,
        "Diluted EPS": 0.25,
        "Basic EPS": 0.25,
        "Diluted NI Availto Com Stockholders": 6520000.0,
        "Net Income Common Stockholders": 6520000.0,
        "Net Income": 6520000.0,
        "Net Income Including Noncontrolling Interests": 6520000.0,
        "Net Income Continuous Operations": 6520000.0,
        "Tax Provision": 1955000.0,
        "Pretax Income": 8475000.0,
        "Other Income Expense": -433000.0,
        "Other Non Operating Income Expenses": -433000.0,
        "Net Non Operating Interest Income Expense": -10187000.0,
        "Interest Expense Non Operating": 10187000.0,
        "Operating Income": 19095000.0,
        "Operating Expense": 26428000.0,
        "Depreciation Amortization Depletion Income Statement": 3191000.0,
        "Depreciation And Amortization In Income Statement": 3191000.0,
        "Amortization": 3191000.0,
        "Amortization Of Intangibles Income Statement": 3191000.0,
        "Selling General And Administration": 23237000.0,
        "Gross Profit": 45523000.0,
        "Cost Of Revenue": 114943000.0,
        "Total Revenue": 160466000.0,
        "Operating Revenue": 160466000.0
    },
    "2022-12-31": {
        "Tax Effect Of Unusual Items": 0.0,
        "Tax Rate For Calcs": 0.230257,
        "Normalized EBITDA": 19512000.0,
        "Net Income From Continuing Operation Net Minority Interest": 2427000.0,
        "Reconciled Depreciation": 6997000.0,
        "Reconciled Cost Of Revenue": 105505000.0,
        "EBITDA": 19512000.0,
        "EBIT": 12515000.0,
        "Net Interest Income": -9362000.0,
        "Interest Expense": 9362000.0,
        "Normalized Income": 2427000.0,
        "Net Income From Continuing And Discontinued Operation": 2427000.0,
        "Total Expenses": 133494000.0,
        "Total Operating Income As Reported": 12507000.0,
        "Diluted Average Shares": 26966667.0,
        "Basic Average Shares": 26966667.0,
        "Diluted EPS": 0.09,
        "Basic EPS": 0.09,
        "Diluted NI Availto Com Stockholders": 2427000.0,
        "Net Income Common Stockholders": 2427000.0,
        "Net Income": 2427000.0,
        "Net Income Including Noncontrolling Interests": 2427000.0,
        "Net Income Continuous Operations": 2427000.0,
        "Tax Provision": 726000.0,
        "Pretax Income": 3153000.0,
        "Other Income Expense": 8000.0,
        "Other Non Operating Income Expenses": 8000.0,
        "Net Non Operating Interest Income Expense": -9362000.0,
        "Interest Expense Non Operating": 9362000.0,
        "Operating Income": 12507000.0,
        "Operating Expense": 24131000.0,
        "Depreciation Amortization Depletion Income Statement": 3139000.0,
        "Depreciation And Amortization In Income Statement": 3139000.0,
        "Amortization": 3139000.0,
        "Amortization Of Intangibles Income Statement": 3139000.0,
        "Selling General And Administration": 20992000.0,
        "Gross Profit": 36638000.0,
        "Cost Of Revenue": 109363000.0,
        "Total Revenue": 146001000.0,
        "Operating Revenue": 146001000.0
    },
    "2022-09-30": {
        "Tax Effect Of Unusual Items": 0.0,
        "Tax Rate For Calcs": 0.08676,
        "Normalized EBITDA": 13164000.0,
        "Net Income From Continuing Operation Net Minority Interest": 2221000.0,
        "Reconciled Depreciation": 3176000.0,
        "Reconciled Cost Of Revenue": 113229000.0,
        "EBITDA": 13164000.0,
        "EBIT": 9988000.0,
        "Net Interest Income": -7556000.0,
        "Interest Expense": 7556000.0,
        "Normalized Income": 2221000.0,
        "Net Income From Continuing And Discontinued Operation": 2221000.0,
        "Total Expenses": 138481000.0,
        "Total Operating Income As Reported": 15311000.0,
        "Diluted Average Shares": 24677778.0,
        "Basic Average Shares": 24677778.0,
        "Diluted EPS": 0.09,
        "Basic EPS": 0.09,
        "Diluted NI Availto Com Stockholders": 2221000.0,
        "Net Income Common Stockholders": 2221000.0,
        "Net Income": 2221000.0,
        "Net Income Including Noncontrolling Interests": 2221000.0,
        "Net Income Continuous Operations": 2221000.0,
        "Tax Provision": 211000.0,
        "Pretax Income": 2432000.0,
        "Other Income Expense": -5323000.0,
        "Other Non Operating Income Expenses": -5323000.0,
        "Net Non Operating Interest Income Expense": -7556000.0,
        "Interest Expense Non Operating": 7556000.0,
        "Operating Income": 15311000.0,
        "Operating Expense": 25252000.0,
        "Depreciation Amortization Depletion Income Statement": 3176000.0,
        "Depreciation And Amortization In Income Statement": 3176000.0,
        "Amortization": 3176000.0,
        "Amortization Of Intangibles Income Statement": 3176000.0,
        "Selling General And Administration": 22076000.0,
        "Gross Profit": 40563000.0,
        "Cost Of Revenue": 113229000.0,
        "Total Revenue": 153792000.0,
        "Operating Revenue": 153792000.0
    },
    "2022-06-30": {
        "Tax Effect Of Unusual Items": 0.0,
        "Tax Rate For Calcs": 0.210151,
        "Normalized EBITDA": 2279000.0,
        "Net Income From Continuing Operation Net Minority Interest": -996000.0,
        "Reconciled Depreciation": 1218000.0,
        "Reconciled Cost Of Revenue": 90828000.0,
        "EBITDA": 2279000.0,
        "EBIT": 1061000.0,
        "Net Interest Income": -2322000.0,
        "Interest Expense": 2322000.0,
        "Normalized Income": -996000.0,
        "Net Income From Continuing And Discontinued Operation": -996000.0,
        "Total Expenses": 116160000.0,
        "Total Operating Income As Reported": 2907000.0,
        "Diluted Average Shares": 26079115.0,
        "Basic Average Shares": 26079115.0,
        "Diluted EPS": -0.04,
        "Basic EPS": -0.04,
        "Diluted NI Availto Com Stockholders": -996000.0,
        "Net Income Common Stockholders": -996000.0,
        "Net Income": -996000.0,
        "Net Income Including Noncontrolling Interests": -996000.0,
        "Net Income Continuous Operations": -996000.0,
        "Tax Provision": -265000.0,
        "Pretax Income": -1261000.0,
        "Other Income Expense": -1846000.0,
        "Other Non Operating Income Expenses": -1846000.0,
        "Net Non Operating Interest Income Expense": -2322000.0,
        "Interest Expense Non Operating": 2322000.0,
        "Operating Income": 2907000.0,
        "Operating Expense": 25332000.0,
        "Depreciation Amortization Depletion Income Statement": 1218000.0,
        "Depreciation And Amortization In Income Statement": 1218000.0,
        "Amortization": 1218000.0,
        "Amortization Of Intangibles Income Statement": 1218000.0,
        "Selling General And Administration": 24114000.0,
        "Gross Profit": 28239000.0,
        "Cost Of Revenue": 90828000.0,
        "Total Revenue": 119067000.0,
        "Operating Revenue": 119067000.0
    },
    "2022-03-31": {
        "Diluted EPS": 0.29,
        "Total Revenue": 102,
        "Gross Profit": 25,
        "Operating Income": 9,
        "EBIT": 12,
        "Net Income": 8
    },
    "2021-12-31": {
        "Diluted EPS": 0.25,
        "Total Revenue": 94,
        "Gross Profit": 22,
        "Operating Income": 8,
        "EBIT": 11,
        "Net Income": 7
    },
    "2021-09-30": {
        "Diluted EPS": 0.34,
        "Total Revenue": 102,
        "Gross Profit": 26,
        "Operating Income": 12,
        "EBIT": 14,
        "Net Income": 9
    },
    "2021-06-30": {
        "Diluted EPS": 0.27,
        "Total Revenue": 93,
        "Gross Profit": 25,
        "Operating Income": 11,
        "EBIT": 14,
        "Net Income": 7
    },
    "2021-03-31": {
        "Diluted EPS": 0.28,
        "Total Revenue": 89,
        "Gross Profit": 23,
        "Operating Income": 9,
        "EBIT": 12,
        "Net Income": 7
    },
    "2020-12-31": {
        "Diluted EPS": 0.26,
        "Total Revenue": 83,
        "Gross Profit": 21,
        "Operating Income": 8,
        "EBIT": 11,
        "Net Income": 7
    },
    "2020-09-30": {
        "Diluted EPS": 0.28,
        "Total Revenue": 89,
        "Gross Profit": 23,
        "Operating Income": 10,
        "EBIT": 13,
        "Net Income": 7
    },
    "2020-06-30": {
        "Diluted EPS": 0.22,
        "Total Revenue": 86,
        "Gross Profit": 22,
        "Operating Income": 9,
        "EBIT": 12,
        "Net Income": 6
    },
    "2020-03-31": {
        "Diluted EPS": 0.21,
        "Total Revenue": 92,
        "Gross Profit": 23,
        "Operating Income": 9,
        "EBIT": 12,
        "Net Income": 5
    },
    "2019-12-31": {
        "Diluted EPS": 0.32,
        "Total Revenue": 94,
        "Gross Profit": 25,
        "Operating Income": 10,
        "EBIT": 13,
        "Net Income": 8
    },
    "2019-09-30": {
        "Diluted EPS": 0.37,
        "Total Revenue": 99,
        "Gross Profit": 26,
        "Operating Income": 12,
        "EBIT": 15,
        "Net Income": 10
    },
    "2019-06-30": {
        "Diluted EPS": 0.4,
        "Total Revenue": 108,
        "Gross Profit": 28,
        "Operating Income": 13,
        "EBIT": 17,
        "Net Income": 10
    },
    "2019-03-31": {
        "Diluted EPS": 0.28,
        "Total Revenue": 97,
        "Gross Profit": 23,
        "Operating Income": 9,
        "EBIT": 13,
        "Net Income": 7
    },
    "2018-12-31": {
        "Diluted EPS": 0.36,
        "Total Revenue": 103,
        "Gross Profit": 27,
        "Operating Income": 11,
        "EBIT": 14,
        "Net Income": 9
    },
    "2018-09-30": {
        "Diluted EPS": 0.41,
        "Total Revenue": 103,
        "Gross Profit": 27,
        "Operating Income": 13,
        "EBIT": 17,
        "Net Income": 11
    },
    "2018-06-30": {
        "Diluted EPS": 0.39,
        "Total Revenue": 112,
        "Gross Profit": 30,
        "Operating Income": 15,
        "EBIT": 19,
        "Net Income": 10
    },
    "2018-03-31": {
        "Diluted EPS": 0.37,
        "Total Revenue": 97,
        "Gross Profit": 26,
        "Operating Income": 12,
        "EBIT": 15,
        "Net Income": 10
    },
    "2017-12-31": {
        "Diluted EPS": 0.31,
        "Total Revenue": 95,
        "Gross Profit": 25,
        "Operating Income": 12,
        "EBIT": 15,
        "Net Income": 8
    },
    "2017-09-30": {
        "Diluted EPS": 0.22,
        "Total Revenue": 94,
        "Gross Profit": 26,
        "Operating Income": 8,
        "EBIT": 16,
        "Net Income": 6
    },
    "2017-06-30": {
        "Diluted EPS": 0.3,
        "Total Revenue": 98,
        "Gross Profit": 27,
        "Operating Income": 13,
        "EBIT": 17,
        "Net Income": 8
    },
    "2017-03-31": {
        "Diluted EPS": 0.19,
        "Total Revenue": 93,
        "Gross Profit": 22,
        "Operating Income": 9,
        "EBIT": 12,
        "Net Income": 5
    },
    "2016-12-31": {
        "Diluted EPS": 0.19,
        "Total Revenue": 94,
        "Gross Profit": 24,
        "Operating Income": 8,
        "EBIT": 14,
        "Net Income": 5
    },
    "2016-09-30": {
        "Diluted EPS": 0.27,
        "Total Revenue": 91,
        "Gross Profit": 23,
        "Operating Income": 10,
        "EBIT": 14,
        "Net Income": 7
    },
    "2016-06-30": {
        "Diluted EPS": 0.25,
        "Total Revenue": 96,
        "Gross Profit": 23,
        "Operating Income": 10,
        "EBIT": 13,
        "Net Income": 7
    },
    "2016-03-31": {
        "Diluted EPS": 0.24,
        "Total Revenue": 100,
        "Gross Profit": 23,
        "Operating Income": 9,
        "EBIT": 13,
        "Net Income": 6
    },
    "2015-12-31": {
        "Diluted EPS": 0.21,
        "Total Revenue": 99,
        "Gross Profit": 21,
        "Operating Income": 7,
        "EBIT": 11,
        "Net Income": 5
    },
    "2015-09-30": {
        "Diluted EPS": 0.22,
        "Total Revenue": 104,
        "Gross Profit": 23,
        "Operating Income": 9,
        "EBIT": 13,
        "Net Income": 6
    },
    "2015-06-30": {
        "Diluted EPS": 0.25,
        "Total Revenue": 104,
        "Gross Profit": 24,
        "Operating Income": 10,
        "EBIT": 14,
        "Net Income": 7
    },
    "2015-03-31": {
        "Diluted EPS": 0.28,
        "Total Revenue": 99,
        "Gross Profit": 24,
        "Operating Income": 11,
        "EBIT": 14,
        "Net Income": 7
    },
    "2014-12-31": {
        "Diluted EPS": 0.3,
        "Total Revenue": 105,
        "Gross Profit": 25,
        "Operating Income": 11,
        "EBIT": 15,
        "Net Income": 8
    },
    "2014-09-30": {
        "Diluted EPS": 0.36,
        "Total Revenue": 110,
        "Gross Profit": 28,
        "Operating Income": 14,
        "EBIT": 18,
        "Net Income": 9
    },
    "2014-06-30": {
        "Diluted EPS": 0.34,
        "Total Revenue": 110,
        "Gross Profit": 27,
        "Operating Income": 13,
        "EBIT": 17,
        "Net Income": 9
    },
    "2014-03-31": {
        "Diluted EPS": 0.38,
        "Total Revenue": 110,
        "Gross Profit": 28,
        "Operating Income": 15,
        "EBIT": 18,
        "Net Income": 10
    },
    "2013-12-31": {
        "Diluted EPS": 0.28,
        "Total Revenue": 92,
        "Gross Profit": 21,
        "Operating Income": 8,
        "EBIT": 12,
        "Net Income": 7
    },
    "2013-09-30": {
        "Diluted EPS": 0.3,
        "Total Revenue": 101,
        "Gross Profit": 24,
        "Operating Income": 12,
        "EBIT": 15,
        "Net Income": 8
    },
    "2013-06-30": {
        "Diluted EPS": 0.35,
        "Total Revenue": 106,
        "Gross Profit": 26,
        "Operating Income": 14,
        "EBIT": 17,
        "Net Income": 9
    },
    "2013-03-31": {
        "Diluted EPS": 0.22,
        "Total Revenue": 92,
        "Gross Profit": 21,
        "Operating Income": 8,
        "EBIT": 12,
        "Net Income": 6
    },
    "2012-12-31": {
        "Diluted EPS": 0.31,
        "Total Revenue": 89,
        "Gross Profit": 19,
        "Operating Income": 5,
        "EBIT": 8,
        "Net Income": 4
    },
    "2012-09-30": {
        "Diluted EPS": 0.08,
        "Total Revenue": 92,
        "Gross Profit": 22,
        "Operating Income": 10,
        "EBIT": 13,
        "Net Income": 7
    },
    "2012-06-30": {
        "Diluted EPS": 0.29,
        "Total Revenue": 93,
        "Gross Profit": 23,
        "Operating Income": 11,
        "EBIT": 14,
        "Net Income": 8
    },
    "2012-03-31": {
        "Diluted EPS": 0.39,
        "Total Revenue": 103,
        "Gross Profit": 27,
        "Operating Income": 15,
        "EBIT": 18,
        "Net Income": 10
    },
    "2011-12-31": {
        "Diluted EPS": 0.2,
        "Total Revenue": 93,
        "Gross Profit": 20,
        "Operating Income": 7,
        "EBIT": 10,
        "Net Income": 5
    },
    "2011-09-30": {
        "Diluted EPS": 0.3,
        "Total Revenue": 90,
        "Gross Profit": 22,
        "Operating Income": 12,
        "EBIT": 14,
        "Net Income": 8
    },
    "2011-06-30": {
        "Diluted EPS": 0.34,
        "Total Revenue": 92,
        "Gross Profit": 24,
        "Operating Income": 13,
        "EBIT": 16,
        "Net Income": 9
    },
    "2011-03-31": {
        "Diluted EPS": 0.27,
        "Total Revenue": 84,
        "Gross Profit": 21,
        "Operating Income": 11,
        "EBIT": 13,
        "Net Income": 7
    },
    "2010-12-31": {
        "Diluted EPS": 0.37,
        "Total Revenue": 85,
        "Gross Profit": 25,
        "Operating Income": 14,
        "EBIT": 17,
        "Net Income": 10
    },
    "2010-09-30": {
        "Diluted EPS": 0.23,
        "Total Revenue": 74,
        "Gross Profit": 19,
        "Operating Income": 9,
        "EBIT": 12,
        "Net Income": 6
    },
    "2010-06-30": {
        "Diluted EPS": 0.22,
        "Total Revenue": 72,
        "Gross Profit": 17,
        "Operating Income": 9,
        "EBIT": 12,
        "Net Income": 6
    },
    "2010-03-31": {
        "Diluted EPS": 0.17,
        "Total Revenue": 66,
        "Gross Profit": 15,
        "Operating Income": 7,
        "EBIT": 9,
        "Net Income": 4
    },
    "2009-12-31": {
        "Diluted EPS": 0.14,
        "Total Revenue": 62,
        "Gross Profit": 15,
        "Operating Income": 5,
        "EBIT": 8,
        "Net Income": 4
    },
    "2009-09-30": {
        "Diluted EPS": 0.2,
        "Total Revenue": 64,
        "Gross Profit": 16,
        "Operating Income": 8,
        "EBIT": 10,
        "Net Income": 5
    },
    "2009-06-30": {
        "Diluted EPS": 0.19,
        "Total Revenue": 68,
        "Gross Profit": 16,
        "Operating Income": 7,
        "EBIT": 9,
        "Net Income": 5
    },
    "2009-03-31": {
        "Diluted EPS": 0.17,
        "Total Revenue": 72,
        "Gross Profit": 15,
        "Operating Income": 6,
        "EBIT": 8,
        "Net Income": 5
    },
    "2023-09-30": {
        "Tax Effect Of Unusual Items": 0.0,
        "Tax Rate For Calcs": 0.183,
        "Normalized EBITDA": 28497000.0,
        "Net Income From Continuing Operation Net Minority Interest": 8978000.0,
        "Reconciled Depreciation": 7038000.0,
        "Reconciled Cost Of Revenue": 115310000.0,
        "EBITDA": 28497000.0,
        "EBIT": 21459000.0,
        "Net Interest Income": -10475000.0,
        "Interest Expense": 10475000.0,
        "Normalized Income": 8978000.0,
        "Net Income From Continuing And Discontinued Operation": 8978000.0,
        "Total Expenses": 145581000.0,
        "Total Operating Income As Reported": 21875000.0,
        "Diluted Average Shares": 26405882.0,
        "Basic Average Shares": 26405882.0,
        "Diluted EPS": 0.34,
        "Basic EPS": 0.34,
        "Diluted NI Availto Com Stockholders": 8978000.0,
        "Net Income Common Stockholders": 8978000.0,
        "Net Income": 8978000.0,
        "Net Income Including Noncontrolling Interests": 8978000.0,
        "Net Income Continuous Operations": 8978000.0,
        "Tax Provision": 2006000.0,
        "Pretax Income": 10984000.0,
        "Other Income Expense": -416000.0,
        "Other Non Operating Income Expenses": -416000.0,
        "Net Non Operating Interest Income Expense": -10475000.0,
        "Interest Expense Non Operating": 10475000.0,
        "Operating Income": 21875000.0,
        "Operating Expense": 26259000.0,
        "Depreciation Amortization Depletion Income Statement": 3026000.0,
        "Depreciation And Amortization In Income Statement": 3026000.0,
        "Amortization": 3026000.0,
        "Amortization Of Intangibles Income Statement": 3026000.0,
        "Selling General And Administration": 23233000.0,
        "Gross Profit": 48134000.0,
        "Cost Of Revenue": 119322000.0,
        "Total Revenue": 167456000.0,
        "Operating Revenue": 167456000.0
    },
    "2023-12-31": {
        "Tax Effect Of Unusual Items": 0.0,
        "Tax Rate For Calcs": 0.201423,
        "Normalized EBITDA": 28666000.0,
        "Net Income From Continuing Operation Net Minority Interest": 8976000.0,
        "Reconciled Depreciation": 7300000.0,
        "Reconciled Cost Of Revenue": 105481000.0,
        "EBITDA": 28666000.0,
        "EBIT": 21366000.0,
        "Net Interest Income": -10126000.0,
        "Interest Expense": 10126000.0,
        "Normalized Income": 8976000.0,
        "Net Income From Continuing And Discontinued Operation": 8976000.0,
        "Total Expenses": 138777000.0,
        "Total Operating Income As Reported": 21788000.0,
        "Diluted Average Shares": 26400000.0,
        "Basic Average Shares": 26400000.0,
        "Diluted EPS": 0.34,
        "Basic EPS": 0.34,
        "Diluted NI Availto Com Stockholders": 8976000.0,
        "Net Income Common Stockholders": 8976000.0,
        "Net Income": 8976000.0,
        "Net Income Including Noncontrolling Interests": 8976000.0,
        "Net Income Continuous Operations": 8976000.0,
        "Tax Provision": 2264000.0,
        "Pretax Income": 11240000.0,
        "Other Income Expense": -422000.0,
        "Other Non Operating Income Expenses": -422000.0,
        "Net Non Operating Interest Income Expense": -10126000.0,
        "Interest Expense Non Operating": 10126000.0,
        "Operating Income": 21788000.0,
        "Operating Expense": 29150000.0,
        "Depreciation Amortization Depletion Income Statement": 3154000.0,
        "Depreciation And Amortization In Income Statement": 3154000.0,
        "Amortization": 3154000.0,
        "Amortization Of Intangibles Income Statement": 3154000.0,
        "Selling General And Administration": 25996000.0,
        "Gross Profit": 50938000.0,
        "Cost Of Revenue": 109627000.0,
        "Total Revenue": 160565000.0,
        "Operating Revenue": 160565000.0
    },
    "2024-03-31": {
        "Tax Effect Of Unusual Items": 0.0,
        "Tax Rate For Calcs": 0.218,
        "Normalized EBITDA": 27222000.0,
        "Net Income From Continuing Operation Net Minority Interest": 7884000.0,
        "Reconciled Depreciation": 7065000.0,
        "Reconciled Cost Of Revenue": 106886000.0,
        "EBITDA": 27222000.0,
        "EBIT": 20157000.0,
        "Net Interest Income": -10073000.0,
        "Interest Expense": 10073000.0,
        "Normalized Income": 7884000.0,
        "Net Income From Continuing And Discontinued Operation": 7884000.0,
        "Total Expenses": 138839000.0,
        "Total Operating Income As Reported": 20429000.0,
        "Diluted Average Shares": 26201093.0,
        "Basic Average Shares": 26201093.0,
        "Diluted EPS": 0.3,
        "Basic EPS": 0.3,
        "Diluted NI Availto Com Stockholders": 7884000.0,
        "Net Income Common Stockholders": 7884000.0,
        "Net Income": 7884000.0,
        "Net Income Including Noncontrolling Interests": 7884000.0,
        "Net Income Continuous Operations": 7884000.0,
        "Tax Provision": 2200000.0,
        "Pretax Income": 10084000.0,
        "Other Income Expense": -272000.0,
        "Other Non Operating Income Expenses": -272000.0,
        "Net Non Operating Interest Income Expense": -10073000.0,
        "Interest Expense Non Operating": 10073000.0,
        "Operating Income": 20429000.0,
        "Operating Expense": 27965000.0,
        "Depreciation Amortization Depletion Income Statement": 3077000.0,
        "Depreciation And Amortization In Income Statement": 3077000.0,
        "Amortization": 3077000.0,
        "Amortization Of Intangibles Income Statement": 3077000.0,
        "Selling General And Administration": 24888000.0,
        "Gross Profit": 48394000.0,
        "Cost Of Revenue": 110874000.0,
        "Total Revenue": 159268000.0,
        "Operating Revenue": 159268000.0
    },
    "2024-06-30": {
        "Tax Effect Of Unusual Items": 0.0,
        "Tax Rate For Calcs": 0.219,
        "Normalized EBITDA": 26742000.0,
        "Net Income From Continuing Operation Net Minority Interest": 8335000.0,
        "Reconciled Depreciation": 7024000.0,
        "Reconciled Cost Of Revenue": 111510000.0,
        "EBITDA": 26742000.0,
        "EBIT": 19718000.0,
        "Net Interest Income": -9048000.0,
        "Interest Expense": 9048000.0,
        "Normalized Income": 8335000.0,
        "Net Income From Continuing And Discontinued Operation": 8335000.0,
        "Total Expenses": 143464000.0,
        "Total Operating Income As Reported": 26049000.0,
        "Diluted Average Shares": 26220809.0,
        "Basic Average Shares": 26220809.0,
        "Diluted EPS": 0.32,
        "Basic EPS": 0.32,
        "Diluted NI Availto Com Stockholders": 8335000.0,
        "Net Income Common Stockholders": 8335000.0,
        "Net Income": 8335000.0,
        "Net Income Including Noncontrolling Interests": 8335000.0,
        "Net Income Continuous Operations": 8335000.0,
        "Tax Provision": 2335000.0,
        "Pretax Income": 10670000.0,
        "Other Income Expense": -6331000.0,
        "Other Non Operating Income Expenses": -6331000.0,
        "Net Non Operating Interest Income Expense": -9048000.0,
        "Interest Expense Non Operating": 9048000.0,
        "Operating Income": 26049000.0,
        "Operating Expense": 28030000.0,
        "Depreciation Amortization Depletion Income Statement": 3100000.0,
        "Depreciation And Amortization In Income Statement": 3100000.0,
        "Amortization": 3100000.0,
        "Amortization Of Intangibles Income Statement": 3100000.0,
        "Selling General And Administration": 24930000.0,
        "Gross Profit": 54079000.0,
        "Cost Of Revenue": 115434000.0,
        "Total Revenue": 169513000.0,
        "Operating Revenue": 169513000.0
    }
}