{
    "2023-03-31": {
        "Tax Effect Of Unusual Items": 0.0,
        "Tax Rate For Calcs": 0.0,
        "Normalized EBITDA": -3591000.0,
        "Total Unusual Items": 2142000.0,
        "Total Unusual Items Excluding Goodwill": 2142000.0,
        "Net Income From Continuing Operation Net Minority Interest": -8842000.0,
        "Reconciled Depreciation": 3820000.0,
        "Reconciled Cost Of Revenue": 9735000.0,
        "EBIT": -5269000.0,
        "Net Interest Income": -3573000.0,
        "Interest Expense": 3573000.0,
        "Normalized Income": -10984000.0,
        "Net Income From Continuing And Discontinued Operation": -8171000.0,
        "Total Expenses": 22568000.0,
        "Total Operating Income As Reported": -5667000.0,
        "Diluted Average Shares": 5342700.0,
        "Basic Average Shares": 5342700.0,
        "Diluted EPS": -1.5,
        "Basic EPS": -1.5,
        "Diluted NI Availto Com Stockholders": -8171000.0,
        "Net Income Common Stockholders": -8171000.0,
        "Net Income": -8171000.0,
        "Net Income Including Noncontrolling Interests": -8171000.0,
        "Net Income Discontinuous Operations": 671000.0,
        "Net Income Continuous Operations": -8842000.0,
        "Tax Provision": 0.0,
        "Pretax Income": -8842000.0,
        "Other Income Expense": 2142000.0,
        "Other Non Operating Income Expenses": NaN,
        "Special Income Charges": 2142000.0,
        "Gain On Sale Of Ppe": 2142000.0,
        "Impairment Of Capital Assets": NaN,
        "Restructuring And Mergern Acquisition": NaN,
        "Net Non Operating Interest Income Expense": -3573000.0,
        "Interest Expense Non Operating": 3573000.0,
        "Operating Income": -7411000.0,
        "Operating Expense": 12833000.0,
        "Other Operating Expenses": NaN,
        "Depreciation Amortization Depletion Income Statement": 3820000.0,
        "Depreciation And Amortization In Income Statement": 3820000.0,
        "Depreciation Income Statement": 3820000.0,
        "Selling General And Administration": 9013000.0,
        "Gross Profit": 5422000.0,
        "Cost Of Revenue": 9735000.0,
        "Total Revenue": 15157000.0,
        "Operating Revenue": 15157000.0
    },
    "2022-12-31": {
        "Tax Effect Of Unusual Items": -26660.608663,
        "Tax Rate For Calcs": 0.000259,
        "Normalized EBITDA": -12869000.0,
        "Total Unusual Items": -102897000.0,
        "Total Unusual Items Excluding Goodwill": -102897000.0,
        "Net Income From Continuing Operation Net Minority Interest": -135048000.0,
        "Reconciled Depreciation": 13435000.0,
        "Reconciled Cost Of Revenue": 14089000.0,
        "EBIT": -129201000.0,
        "Net Interest Income": -5882000.0,
        "Interest Expense": 5882000.0,
        "Normalized Income": -32177660.608663,
        "Net Income From Continuing And Discontinued Operation": -139581000.0,
        "Total Expenses": 42166000.0,
        "Total Operating Income As Reported": -129051000.0,
        "Diluted Average Shares": 4463200.0,
        "Basic Average Shares": 4463200.0,
        "Diluted EPS": -30.177868,
        "Basic EPS": -30.177868,
        "Diluted NI Availto Com Stockholders": -139581000.0,
        "Net Income Common Stockholders": -139581000.0,
        "Net Income": -139581000.0,
        "Net Income Including Noncontrolling Interests": -139581000.0,
        "Net Income Discontinuous Operations": -4533000.0,
        "Net Income Continuous Operations": -135048000.0,
        "Tax Provision": -35000.0,
        "Pretax Income": -135083000.0,
        "Other Income Expense": -103047000.0,
        "Other Non Operating Income Expenses": -150000.0,
        "Special Income Charges": -102897000.0,
        "Gain On Sale Of Ppe": 1910000.0,
        "Impairment Of Capital Assets": 104807000.0,
        "Restructuring And Mergern Acquisition": NaN,
        "Net Non Operating Interest Income Expense": -5882000.0,
        "Interest Expense Non Operating": 5882000.0,
        "Operating Income": -26154000.0,
        "Operating Expense": 28077000.0,
        "Other Operating Expenses": 5585000.0,
        "Depreciation Amortization Depletion Income Statement": 13435000.0,
        "Depreciation And Amortization In Income Statement": 13435000.0,
        "Depreciation Income Statement": NaN,
        "Selling General And Administration": 9057000.0,
        "Gross Profit": 1923000.0,
        "Cost Of Revenue": 14089000.0,
        "Total Revenue": 16012000.0,
        "Operating Revenue": 16012000.0
    },
    "2022-09-30": {
        "Tax Effect Of Unusual Items": -400400.0,
        "Tax Rate For Calcs": 0.4,
        "Normalized EBITDA": -2832000.0,
        "Total Unusual Items": -1001000.0,
        "Total Unusual Items Excluding Goodwill": -1001000.0,
        "Net Income From Continuing Operation Net Minority Interest": -23177000.0,
        "Reconciled Depreciation": 13835000.0,
        "Reconciled Cost Of Revenue": 22095000.0,
        "EBIT": -17668000.0,
        "Net Interest Income": -5430000.0,
        "Interest Expense": 5430000.0,
        "Normalized Income": -22576400.0,
        "Net Income From Continuing And Discontinued Operation": -23177000.0,
        "Total Expenses": 46170000.0,
        "Total Operating Income As Reported": -17053000.0,
        "Diluted Average Shares": 4223900.0,
        "Basic Average Shares": 4223900.0,
        "Diluted EPS": -5.5,
        "Basic EPS": -5.5,
        "Diluted NI Availto Com Stockholders": -23177000.0,
        "Net Income Common Stockholders": -23177000.0,
        "Net Income": -23177000.0,
        "Net Income Including Noncontrolling Interests": -23177000.0,
        "Net Income Discontinuous Operations": NaN,
        "Net Income Continuous Operations": -23177000.0,
        "Tax Provision": 79000.0,
        "Pretax Income": -23098000.0,
        "Other Income Expense": -857000.0,
        "Other Non Operating Income Expenses": 144000.0,
        "Special Income Charges": -1001000.0,
        "Gain On Sale Of Ppe": -759000.0,
        "Impairment Of Capital Assets": 0.0,
        "Restructuring And Mergern Acquisition": 242000.0,
        "Net Non Operating Interest Income Expense": -5430000.0,
        "Interest Expense Non Operating": 5430000.0,
        "Operating Income": -16811000.0,
        "Operating Expense": 24075000.0,
        "Other Operating Expenses": NaN,
        "Depreciation Amortization Depletion Income Statement": 13835000.0,
        "Depreciation And Amortization In Income Statement": 13835000.0,
        "Depreciation Income Statement": NaN,
        "Selling General And Administration": 10240000.0,
        "Gross Profit": 7264000.0,
        "Cost Of Revenue": 22095000.0,
        "Total Revenue": 29359000.0,
        "Operating Revenue": 29359000.0
    },
    "2022-06-30": {
        "Tax Effect Of Unusual Items": -28546400.0,
        "Tax Rate For Calcs": 0.4,
        "Normalized EBITDA": -9250000.0,
        "Total Unusual Items": -71366000.0,
        "Total Unusual Items Excluding Goodwill": -71366000.0,
        "Net Income From Continuing Operation Net Minority Interest": -107882000.0,
        "Reconciled Depreciation": 4867000.0,
        "Reconciled Cost Of Revenue": 18409000.0,
        "EBIT": -85483000.0,
        "Net Interest Income": -6910000.0,
        "Interest Expense": 6910000.0,
        "Normalized Income": -65062400.0,
        "Net Income From Continuing And Discontinued Operation": -107882000.0,
        "Total Expenses": 45473000.0,
        "Total Operating Income As Reported": -86119000.0,
        "Diluted Average Shares": 4156000.0,
        "Basic Average Shares": 4156000.0,
        "Diluted EPS": -25.96,
        "Basic EPS": -25.96,
        "Diluted NI Availto Com Stockholders": -107882000.0,
        "Net Income Common Stockholders": -107882000.0,
        "Net Income": -107882000.0,
        "Net Income Including Noncontrolling Interests": -107882000.0,
        "Net Income Discontinuous Operations": NaN,
        "Net Income Continuous Operations": -107882000.0,
        "Tax Provision": 15489000.0,
        "Pretax Income": -92393000.0,
        "Other Income Expense": -71349000.0,
        "Other Non Operating Income Expenses": 17000.0,
        "Special Income Charges": -71366000.0,
        "Gain On Sale Of Ppe": 619000.0,
        "Impairment Of Capital Assets": 71500000.0,
        "Restructuring And Mergern Acquisition": 485000.0,
        "Net Non Operating Interest Income Expense": -6910000.0,
        "Interest Expense Non Operating": 6910000.0,
        "Operating Income": -14134000.0,
        "Operating Expense": 27064000.0,
        "Other Operating Expenses": 11109000.0,
        "Depreciation Amortization Depletion Income Statement": 4867000.0,
        "Depreciation And Amortization In Income Statement": 4867000.0,
        "Depreciation Income Statement": NaN,
        "Selling General And Administration": 11088000.0,
        "Gross Profit": 12930000.0,
        "Cost Of Revenue": 18409000.0,
        "Total Revenue": 31339000.0,
        "Operating Revenue": 31339000.0
    },
    "2022-03-31": {
        "Diluted EPS": -0.1,
        "Total Revenue": 29,
        "Gross Profit": 17,
        "Operating Income": 1,
        "EBIT": 5,
        "Net Income": 0
    },
    "2021-12-31": {
        "Diluted EPS": -10.9,
        "Total Revenue": 34,
        "Gross Profit": 25,
        "Operating Income": 37,
        "EBIT": 40,
        "Net Income": -41
    },
    "2021-09-30": {
        "Diluted EPS": -2.6,
        "Total Revenue": 36,
        "Gross Profit": 26,
        "Operating Income": -12,
        "EBIT": -9,
        "Net Income": -8
    },
    "2021-06-30": {
        "Diluted EPS": 1.0,
        "Total Revenue": 16,
        "Gross Profit": 11,
        "Operating Income": 5,
        "EBIT": 7,
        "Net Income": 4
    },
    "2021-03-31": {
        "Diluted EPS": 0.2,
        "Total Revenue": 11,
        "Gross Profit": 6,
        "Operating Income": 2,
        "EBIT": 3,
        "Net Income": 1
    },
    "2020-12-31": {
        "Diluted EPS": 0.0,
        "Total Revenue": NaN,
        "Gross Profit": NaN,
        "Operating Income": NaN,
        "EBIT": NaN,
        "Net Income": NaN
    },
    "2020-09-30": {
        "Diluted EPS": 0.0,
        "Total Revenue": 6,
        "Gross Profit": 2,
        "Operating Income": -1,
        "EBIT": -1,
        "Net Income": 0
    },
    "2019-12-31": {
        "Diluted EPS": 0.0,
        "Total Revenue": NaN,
        "Gross Profit": NaN,
        "Operating Income": NaN,
        "EBIT": NaN,
        "Net Income": NaN
    },
    "2023-06-30": {
        "Tax Effect Of Unusual Items": 0.0,
        "Tax Rate For Calcs": 0.0,
        "Normalized EBITDA": -3484000.0,
        "Total Unusual Items": 8000.0,
        "Total Unusual Items Excluding Goodwill": 8000.0,
        "Net Income From Continuing Operation Net Minority Interest": -9753000.0,
        "Reconciled Depreciation": 3165000.0,
        "Reconciled Cost Of Revenue": 11141000.0,
        "EBIT": -6641000.0,
        "Net Interest Income": -3112000.0,
        "Interest Expense": 3112000.0,
        "Normalized Income": -9761000.0,
        "Net Income From Continuing And Discontinued Operation": -10042000.0,
        "Total Expenses": 21355000.0,
        "Total Operating Income As Reported": -6637000.0,
        "Diluted Average Shares": 6399000.0,
        "Basic Average Shares": 6399000.0,
        "Diluted EPS": -1.57,
        "Basic EPS": -1.57,
        "Diluted NI Availto Com Stockholders": -10042000.0,
        "Net Income Common Stockholders": -10042000.0,
        "Net Income": -10042000.0,
        "Net Income Including Noncontrolling Interests": -10042000.0,
        "Net Income Discontinuous Operations": -289000.0,
        "Net Income Continuous Operations": -9753000.0,
        "Tax Provision": 0.0,
        "Pretax Income": -9753000.0,
        "Other Income Expense": 4000.0,
        "Other Non Operating Income Expenses": -4000.0,
        "Special Income Charges": 8000.0,
        "Gain On Sale Of Ppe": 8000.0,
        "Impairment Of Capital Assets": 0.0,
        "Restructuring And Mergern Acquisition": NaN,
        "Net Non Operating Interest Income Expense": -3112000.0,
        "Interest Expense Non Operating": 3112000.0,
        "Operating Income": -6645000.0,
        "Operating Expense": 10214000.0,
        "Other Operating Expenses": NaN,
        "Depreciation Amortization Depletion Income Statement": 3165000.0,
        "Depreciation And Amortization In Income Statement": 3165000.0,
        "Depreciation Income Statement": 3165000.0,
        "Selling General And Administration": 7049000.0,
        "Gross Profit": 3569000.0,
        "Cost Of Revenue": 11141000.0,
        "Total Revenue": 14710000.0,
        "Operating Revenue": 14710000.0
    }
}