{
    "2023-03-31": {
        "Tax Effect Of Unusual Items": 0.0,
        "Tax Rate For Calcs": 0.17,
        "Normalized EBITDA": 16003000.0,
        "Net Income From Continuing Operation Net Minority Interest": -4294000.0,
        "Reconciled Depreciation": 15710000.0,
        "Reconciled Cost Of Revenue": 69752000.0,
        "EBITDA": 16003000.0,
        "EBIT": 293000.0,
        "Net Interest Income": -4169000.0,
        "Interest Expense": 4523000.0,
        "Interest Income": 354000.0,
        "Normalized Income": -4294000.0,
        "Net Income From Continuing And Discontinued Operation": -4294000.0,
        "Total Expenses": 76846000.0,
        "Rent Expense Supplemental": 4157000.0,
        "Diluted NI Availto Com Stockholders": -4294000.0,
        "Net Income Common Stockholders": -4294000.0,
        "Net Income": -4294000.0,
        "Minority Interests": NaN,
        "Net Income Including Noncontrolling Interests": -4294000.0,
        "Net Income Discontinuous Operations": NaN,
        "Net Income Continuous Operations": -4294000.0,
        "Tax Provision": 64000.0,
        "Pretax Income": -4230000.0,
        "Other Income Expense": NaN,
        "Earnings From Equity Interest": 0.0,
        "Net Non Operating Interest Income Expense": -4169000.0,
        "Interest Expense Non Operating": 4523000.0,
        "Interest Income Non Operating": 354000.0,
        "Operating Income": -61000.0,
        "Operating Expense": 7094000.0,
        "Other Operating Expenses": 92000.0,
        "Selling General And Administration": 7002000.0,
        "General And Administrative Expense": 7002000.0,
        "Other Gand A": 7002000.0,
        "Gross Profit": 7033000.0,
        "Cost Of Revenue": 69752000.0,
        "Total Revenue": 76785000.0,
        "Operating Revenue": 76734000.0
    },
    "2022-12-31": {
        "Tax Effect Of Unusual Items": 0.0,
        "Tax Rate For Calcs": 0.17,
        "Normalized EBITDA": 16719000.0,
        "Net Income From Continuing Operation Net Minority Interest": -4582000.0,
        "Reconciled Depreciation": 17177000.0,
        "Reconciled Cost Of Revenue": 58393000.0,
        "EBITDA": 16719000.0,
        "EBIT": -458000.0,
        "Net Interest Income": -3955000.0,
        "Interest Expense": 3743000.0,
        "Interest Income": 1388000.0,
        "Normalized Income": -4582000.0,
        "Net Income From Continuing And Discontinued Operation": -4582000.0,
        "Total Expenses": 81910000.0,
        "Rent Expense Supplemental": 6777000.0,
        "Diluted NI Availto Com Stockholders": -4582000.0,
        "Net Income Common Stockholders": -4582000.0,
        "Net Income": -4582000.0,
        "Minority Interests": 0.0,
        "Net Income Including Noncontrolling Interests": -4582000.0,
        "Net Income Discontinuous Operations": 0.0,
        "Net Income Continuous Operations": -4582000.0,
        "Tax Provision": 381000.0,
        "Pretax Income": -4201000.0,
        "Other Income Expense": 289000.0,
        "Earnings From Equity Interest": -2000.0,
        "Net Non Operating Interest Income Expense": -3955000.0,
        "Interest Expense Non Operating": 3743000.0,
        "Interest Income Non Operating": 1388000.0,
        "Operating Income": -535000.0,
        "Operating Expense": 23517000.0,
        "Other Operating Expenses": 3798000.0,
        "Selling General And Administration": 19719000.0,
        "General And Administrative Expense": 19719000.0,
        "Other Gand A": 19719000.0,
        "Gross Profit": 22982000.0,
        "Cost Of Revenue": 58393000.0,
        "Total Revenue": 81375000.0,
        "Operating Revenue": 81764000.0
    },
    "2022-09-30": {
        "Tax Effect Of Unusual Items": 0.0,
        "Tax Rate For Calcs": 0.003822,
        "Normalized EBITDA": 43210000.0,
        "Net Income From Continuing Operation Net Minority Interest": 22154000.0,
        "Reconciled Depreciation": 16555000.0,
        "Reconciled Cost Of Revenue": 68734000.0,
        "EBITDA": 43210000.0,
        "EBIT": 26655000.0,
        "Net Interest Income": -3845000.0,
        "Interest Expense": 4416000.0,
        "Interest Income": 571000.0,
        "Normalized Income": 22154000.0,
        "Net Income From Continuing And Discontinued Operation": 22154000.0,
        "Total Expenses": 81129000.0,
        "Rent Expense Supplemental": 17616000.0,
        "Diluted Average Shares": 19457130.0,
        "Basic Average Shares": 18996493.0,
        "Diluted EPS": 1.14,
        "Basic EPS": 1.17,
        "Diluted NI Availto Com Stockholders": 22154000.0,
        "Net Income Common Stockholders": 22154000.0,
        "Net Income": 22154000.0,
        "Minority Interests": 0.0,
        "Net Income Including Noncontrolling Interests": 22154000.0,
        "Net Income Discontinuous Operations": 0.0,
        "Net Income Continuous Operations": 22154000.0,
        "Tax Provision": 85000.0,
        "Pretax Income": 22239000.0,
        "Other Income Expense": -4000.0,
        "Earnings From Equity Interest": -4000.0,
        "Net Non Operating Interest Income Expense": -3845000.0,
        "Interest Expense Non Operating": 4416000.0,
        "Interest Income Non Operating": 571000.0,
        "Operating Income": 26088000.0,
        "Operating Expense": 12395000.0,
        "Other Operating Expenses": -65000.0,
        "Selling General And Administration": 12460000.0,
        "General And Administrative Expense": 12460000.0,
        "Other Gand A": 12460000.0,
        "Gross Profit": 38483000.0,
        "Cost Of Revenue": 68734000.0,
        "Total Revenue": 107217000.0,
        "Operating Revenue": 107006000.0
    },
    "2022-06-30": {
        "Tax Effect Of Unusual Items": 0.0,
        "Tax Rate For Calcs": 0.002811,
        "Normalized EBITDA": 77537000.0,
        "Net Income From Continuing Operation Net Minority Interest": 56764000.0,
        "Reconciled Depreciation": 16308000.0,
        "Reconciled Cost Of Revenue": 96985000.0,
        "EBITDA": 77537000.0,
        "EBIT": 61229000.0,
        "Net Interest Income": -4139000.0,
        "Interest Expense": 4305000.0,
        "Interest Income": 166000.0,
        "Normalized Income": 56764000.0,
        "Net Income From Continuing And Discontinued Operation": 56764000.0,
        "Total Expenses": 100518000.0,
        "Rent Expense Supplemental": 18579000.0,
        "Diluted Average Shares": 19418662.0,
        "Basic Average Shares": 18958025.0,
        "Diluted EPS": 2.92,
        "Basic EPS": 2.99,
        "Diluted NI Availto Com Stockholders": 56764000.0,
        "Net Income Common Stockholders": 56764000.0,
        "Net Income": 56764000.0,
        "Minority Interests": 0.0,
        "Net Income Including Noncontrolling Interests": 56764000.0,
        "Net Income Discontinuous Operations": 0.0,
        "Net Income Continuous Operations": 56764000.0,
        "Tax Provision": 160000.0,
        "Pretax Income": 56924000.0,
        "Other Income Expense": -1000.0,
        "Earnings From Equity Interest": -1000.0,
        "Net Non Operating Interest Income Expense": -4139000.0,
        "Interest Expense Non Operating": 4305000.0,
        "Interest Income Non Operating": 166000.0,
        "Operating Income": 61064000.0,
        "Operating Expense": 3533000.0,
        "Other Operating Expenses": -4096000.0,
        "Selling General And Administration": 7629000.0,
        "General And Administrative Expense": 7629000.0,
        "Other Gand A": 7629000.0,
        "Gross Profit": 64597000.0,
        "Cost Of Revenue": 96985000.0,
        "Total Revenue": 161582000.0,
        "Operating Revenue": 161582000.0
    },
    "2022-03-31": {
        "Diluted EPS": 1.52,
        "Total Revenue": 110,
        "Gross Profit": 41,
        "Operating Income": 32,
        "EBIT": 49,
        "Net Income": 29
    },
    "2021-12-31": {
        "Diluted EPS": 2.62,
        "Total Revenue": 142,
        "Gross Profit": 67,
        "Operating Income": 56,
        "EBIT": 71,
        "Net Income": 53
    },
    "2021-09-30": {
        "Diluted EPS": 2.19,
        "Total Revenue": 135,
        "Gross Profit": 62,
        "Operating Income": 52,
        "EBIT": 67,
        "Net Income": 44
    },
    "2021-06-30": {
        "Diluted EPS": 1.01,
        "Total Revenue": 110,
        "Gross Profit": 36,
        "Operating Income": 31,
        "EBIT": 47,
        "Net Income": 20
    },
    "2021-03-31": {
        "Diluted EPS": 0.12,
        "Total Revenue": 68,
        "Gross Profit": 13,
        "Operating Income": 6,
        "EBIT": 21,
        "Net Income": 2
    },
    "2020-12-31": {
        "Diluted EPS": 0.0,
        "Total Revenue": NaN,
        "Gross Profit": NaN,
        "Operating Income": NaN,
        "EBIT": NaN,
        "Net Income": NaN
    },
    "2020-09-30": {
        "Diluted EPS": -0.75,
        "Total Revenue": 54,
        "Gross Profit": 2,
        "Operating Income": -11,
        "EBIT": 2,
        "Net Income": -14
    },
    "2020-06-30": {
        "Diluted EPS": -0.62,
        "Total Revenue": 85,
        "Gross Profit": 2,
        "Operating Income": -8,
        "EBIT": -8,
        "Net Income": -12
    },
    "2019-12-31": {
        "Diluted EPS": 0.0,
        "Total Revenue": NaN,
        "Gross Profit": NaN,
        "Operating Income": NaN,
        "EBIT": NaN,
        "Net Income": NaN
    },
    "2023-06-30": {
        "Tax Effect Of Unusual Items": 0.0,
        "Tax Rate For Calcs": 0.039522,
        "Normalized EBITDA": 24931000.0,
        "Net Income From Continuing Operation Net Minority Interest": 5541000.0,
        "Reconciled Depreciation": 14645000.0,
        "Reconciled Cost Of Revenue": 92619000.0,
        "EBITDA": 24931000.0,
        "EBIT": 10286000.0,
        "Net Interest Income": -3887000.0,
        "Interest Expense": 4517000.0,
        "Interest Income": 630000.0,
        "Normalized Income": 5541000.0,
        "Net Income From Continuing And Discontinued Operation": 5541000.0,
        "Total Expenses": 99409000.0,
        "Rent Expense Supplemental": 3159000.0,
        "Diluted NI Availto Com Stockholders": 5541000.0,
        "Net Income Common Stockholders": 5541000.0,
        "Net Income": 5541000.0,
        "Minority Interests": NaN,
        "Net Income Including Noncontrolling Interests": 5541000.0,
        "Net Income Discontinuous Operations": NaN,
        "Net Income Continuous Operations": 5541000.0,
        "Tax Provision": 228000.0,
        "Pretax Income": 5769000.0,
        "Other Income Expense": NaN,
        "Earnings From Equity Interest": 0.0,
        "Net Non Operating Interest Income Expense": -3887000.0,
        "Interest Expense Non Operating": 4517000.0,
        "Interest Income Non Operating": 630000.0,
        "Operating Income": 9656000.0,
        "Operating Expense": 6790000.0,
        "Other Operating Expenses": -217000.0,
        "Selling General And Administration": 7007000.0,
        "General And Administrative Expense": 7007000.0,
        "Other Gand A": 7007000.0,
        "Gross Profit": 16446000.0,
        "Cost Of Revenue": 92619000.0,
        "Total Revenue": 109065000.0,
        "Operating Revenue": 109037000.0
    },
    "2023-09-30": {
        "Tax Effect Of Unusual Items": 0.0,
        "Tax Rate For Calcs": 0.17,
        "Normalized EBITDA": 9988000.0,
        "Net Income From Continuing Operation Net Minority Interest": -8489000.0,
        "Reconciled Depreciation": 14009000.0,
        "Reconciled Cost Of Revenue": 108276000.0,
        "EBITDA": 9988000.0,
        "EBIT": -4021000.0,
        "Net Interest Income": -3635000.0,
        "Interest Expense": 4423000.0,
        "Interest Income": 788000.0,
        "Normalized Income": -8489000.0,
        "Net Income From Continuing And Discontinued Operation": -8489000.0,
        "Total Expenses": 117270000.0,
        "Rent Expense Supplemental": 7516000.0,
        "Diluted NI Availto Com Stockholders": -8489000.0,
        "Net Income Common Stockholders": -8489000.0,
        "Net Income": -8489000.0,
        "Minority Interests": NaN,
        "Net Income Including Noncontrolling Interests": -8489000.0,
        "Net Income Discontinuous Operations": NaN,
        "Net Income Continuous Operations": -8489000.0,
        "Tax Provision": 45000.0,
        "Pretax Income": -8444000.0,
        "Other Income Expense": NaN,
        "Earnings From Equity Interest": 0.0,
        "Net Non Operating Interest Income Expense": -3635000.0,
        "Interest Expense Non Operating": 4423000.0,
        "Interest Income Non Operating": 788000.0,
        "Operating Income": -4809000.0,
        "Operating Expense": 8994000.0,
        "Other Operating Expenses": 1847000.0,
        "Selling General And Administration": 7147000.0,
        "General And Administrative Expense": 7147000.0,
        "Other Gand A": 7147000.0,
        "Gross Profit": 4185000.0,
        "Cost Of Revenue": 108276000.0,
        "Total Revenue": 112461000.0,
        "Operating Revenue": 112424000.0
    }
}