{
    "2023-03-31": {
        "Tax Effect Of Unusual Items": NaN,
        "Tax Rate For Calcs": NaN,
        "Normalized EBITDA": NaN,
        "Total Unusual Items": NaN,
        "Total Unusual Items Excluding Goodwill": NaN,
        "Net Income From Continuing Operation Net Minority Interest": NaN,
        "Reconciled Depreciation": NaN,
        "Reconciled Cost Of Revenue": NaN,
        "EBITDA": NaN,
        "EBIT": NaN,
        "Net Interest Income": NaN,
        "Interest Expense": NaN,
        "Interest Income": NaN,
        "Normalized Income": NaN,
        "Net Income From Continuing And Discontinued Operation": NaN,
        "Total Expenses": NaN,
        "Total Operating Income As Reported": NaN,
        "Diluted Average Shares": 30676145.0,
        "Basic Average Shares": 30676145.0,
        "Diluted EPS": -0.95,
        "Basic EPS": -0.95,
        "Diluted NI Availto Com Stockholders": NaN,
        "Net Income Common Stockholders": NaN,
        "Net Income": NaN,
        "Minority Interests": NaN,
        "Net Income Including Noncontrolling Interests": NaN,
        "Net Income Continuous Operations": NaN,
        "Tax Provision": NaN,
        "Pretax Income": NaN,
        "Other Income Expense": NaN,
        "Special Income Charges": NaN,
        "Gain On Sale Of Ppe": NaN,
        "Impairment Of Capital Assets": NaN,
        "Restructuring And Mergern Acquisition": NaN,
        "Gain On Sale Of Security": NaN,
        "Net Non Operating Interest Income Expense": NaN,
        "Interest Expense Non Operating": NaN,
        "Interest Income Non Operating": NaN,
        "Operating Income": NaN,
        "Operating Expense": NaN,
        "Selling General And Administration": NaN,
        "Selling And Marketing Expense": NaN,
        "General And Administrative Expense": NaN,
        "Other Gand A": NaN,
        "Gross Profit": NaN,
        "Cost Of Revenue": NaN,
        "Total Revenue": NaN,
        "Operating Revenue": NaN
    },
    "2022-12-31": {
        "Tax Effect Of Unusual Items": NaN,
        "Tax Rate For Calcs": NaN,
        "Normalized EBITDA": NaN,
        "Total Unusual Items": NaN,
        "Total Unusual Items Excluding Goodwill": NaN,
        "Net Income From Continuing Operation Net Minority Interest": NaN,
        "Reconciled Depreciation": NaN,
        "Reconciled Cost Of Revenue": NaN,
        "EBITDA": NaN,
        "EBIT": NaN,
        "Net Interest Income": NaN,
        "Interest Expense": NaN,
        "Interest Income": NaN,
        "Normalized Income": NaN,
        "Net Income From Continuing And Discontinued Operation": NaN,
        "Total Expenses": NaN,
        "Total Operating Income As Reported": NaN,
        "Diluted Average Shares": NaN,
        "Basic Average Shares": NaN,
        "Diluted EPS": NaN,
        "Basic EPS": NaN,
        "Diluted NI Availto Com Stockholders": NaN,
        "Net Income Common Stockholders": NaN,
        "Net Income": NaN,
        "Minority Interests": NaN,
        "Net Income Including Noncontrolling Interests": NaN,
        "Net Income Continuous Operations": NaN,
        "Tax Provision": NaN,
        "Pretax Income": NaN,
        "Other Income Expense": NaN,
        "Special Income Charges": NaN,
        "Gain On Sale Of Ppe": NaN,
        "Impairment Of Capital Assets": 3448000.0,
        "Restructuring And Mergern Acquisition": NaN,
        "Gain On Sale Of Security": NaN,
        "Net Non Operating Interest Income Expense": NaN,
        "Interest Expense Non Operating": NaN,
        "Interest Income Non Operating": NaN,
        "Operating Income": NaN,
        "Operating Expense": NaN,
        "Selling General And Administration": NaN,
        "Selling And Marketing Expense": NaN,
        "General And Administrative Expense": NaN,
        "Other Gand A": NaN,
        "Gross Profit": NaN,
        "Cost Of Revenue": NaN,
        "Total Revenue": NaN,
        "Operating Revenue": NaN
    },
    "2022-09-30": {
        "Tax Effect Of Unusual Items": NaN,
        "Tax Rate For Calcs": NaN,
        "Normalized EBITDA": NaN,
        "Total Unusual Items": NaN,
        "Total Unusual Items Excluding Goodwill": NaN,
        "Net Income From Continuing Operation Net Minority Interest": NaN,
        "Reconciled Depreciation": NaN,
        "Reconciled Cost Of Revenue": NaN,
        "EBITDA": NaN,
        "EBIT": NaN,
        "Net Interest Income": NaN,
        "Interest Expense": NaN,
        "Interest Income": NaN,
        "Normalized Income": NaN,
        "Net Income From Continuing And Discontinued Operation": NaN,
        "Total Expenses": NaN,
        "Total Operating Income As Reported": NaN,
        "Diluted Average Shares": NaN,
        "Basic Average Shares": NaN,
        "Diluted EPS": NaN,
        "Basic EPS": NaN,
        "Diluted NI Availto Com Stockholders": NaN,
        "Net Income Common Stockholders": NaN,
        "Net Income": NaN,
        "Minority Interests": NaN,
        "Net Income Including Noncontrolling Interests": NaN,
        "Net Income Continuous Operations": NaN,
        "Tax Provision": NaN,
        "Pretax Income": NaN,
        "Other Income Expense": NaN,
        "Special Income Charges": NaN,
        "Impairment Of Capital Assets": 0.0,
        "Restructuring And Mergern Acquisition": NaN,
        "Gain On Sale Of Security": NaN,
        "Net Non Operating Interest Income Expense": NaN,
        "Interest Expense Non Operating": NaN,
        "Interest Income Non Operating": NaN,
        "Operating Income": NaN,
        "Operating Expense": NaN,
        "Selling General And Administration": NaN,
        "Selling And Marketing Expense": NaN,
        "General And Administrative Expense": NaN,
        "Other Gand A": NaN,
        "Gross Profit": NaN,
        "Cost Of Revenue": NaN,
        "Total Revenue": NaN,
        "Operating Revenue": NaN
    },
    "2022-06-30": {
        "Tax Effect Of Unusual Items": -26706400.0,
        "Tax Rate For Calcs": 0.4,
        "Normalized EBITDA": -1386000.0,
        "Total Unusual Items": -66766000.0,
        "Total Unusual Items Excluding Goodwill": -66766000.0,
        "Net Income From Continuing Operation Net Minority Interest": -91227000.0,
        "Reconciled Depreciation": 16494000.0,
        "Reconciled Cost Of Revenue": 19244000.0,
        "EBITDA": -68152000.0,
        "EBIT": -84646000.0,
        "Net Interest Income": -1748000.0,
        "Interest Expense": 3206000.0,
        "Interest Income": 1458000.0,
        "Normalized Income": -51167400.0,
        "Net Income From Continuing And Discontinued Operation": -91227000.0,
        "Total Expenses": 172554000.0,
        "Total Operating Income As Reported": -66512000.0,
        "Diluted Average Shares": 30039233.0,
        "Basic Average Shares": 30039233.0,
        "Diluted EPS": -3.04,
        "Basic EPS": -3.04,
        "Diluted NI Availto Com Stockholders": -91227000.0,
        "Net Income Common Stockholders": -91227000.0,
        "Net Income": -91227000.0,
        "Minority Interests": -977000.0,
        "Net Income Including Noncontrolling Interests": -90250000.0,
        "Net Income Continuous Operations": -90250000.0,
        "Tax Provision": 2398000.0,
        "Pretax Income": -87852000.0,
        "Other Income Expense": -66766000.0,
        "Other Non Operating Income Expenses": NaN,
        "Special Income Charges": -47174000.0,
        "Impairment Of Capital Assets": 44235000.0,
        "Restructuring And Mergern Acquisition": 2939000.0,
        "Gain On Sale Of Security": -19592000.0,
        "Net Non Operating Interest Income Expense": -1748000.0,
        "Interest Expense Non Operating": 3206000.0,
        "Interest Income Non Operating": 1458000.0,
        "Operating Income": -19338000.0,
        "Operating Expense": 153310000.0,
        "Selling General And Administration": 153310000.0,
        "Selling And Marketing Expense": 29372000.0,
        "General And Administrative Expense": 123938000.0,
        "Other Gand A": 123938000.0,
        "Gross Profit": 133972000.0,
        "Cost Of Revenue": 19244000.0,
        "Total Revenue": 153216000.0,
        "Operating Revenue": 153216000.0
    },
    "2022-03-31": {
        "Diluted EPS": -1.17,
        "Total Revenue": 153,
        "Gross Profit": 134,
        "Operating Income": -32,
        "EBIT": -15,
        "Net Income": -35
    },
    "2021-12-31": {
        "Diluted EPS": 0.96,
        "Total Revenue": 223,
        "Gross Profit": 195,
        "Operating Income": 2,
        "EBIT": 23,
        "Net Income": 29
    },
    "2021-09-30": {
        "Diluted EPS": 2.36,
        "Total Revenue": 214,
        "Gross Profit": 181,
        "Operating Income": -4,
        "EBIT": 14,
        "Net Income": 78
    },
    "2021-06-30": {
        "Diluted EPS": -0.12,
        "Total Revenue": 266,
        "Gross Profit": 194,
        "Operating Income": -2,
        "EBIT": 17,
        "Net Income": -3
    },
    "2021-03-31": {
        "Diluted EPS": 0.48,
        "Total Revenue": 264,
        "Gross Profit": 167,
        "Operating Income": -1,
        "EBIT": 16,
        "Net Income": 15
    },
    "2020-12-31": {
        "Diluted EPS": 0.56,
        "Total Revenue": 343,
        "Gross Profit": 179,
        "Operating Income": 9,
        "EBIT": 32,
        "Net Income": 14
    },
    "2020-09-30": {
        "Diluted EPS": -0.57,
        "Total Revenue": 304,
        "Gross Profit": 160,
        "Operating Income": -16,
        "EBIT": 6,
        "Net Income": -16
    },
    "2020-06-30": {
        "Diluted EPS": -2.53,
        "Total Revenue": 396,
        "Gross Profit": 137,
        "Operating Income": -72,
        "EBIT": -44,
        "Net Income": -72
    },
    "2020-03-31": {
        "Diluted EPS": -7.53,
        "Total Revenue": 374,
        "Gross Profit": 201,
        "Operating Income": -198,
        "EBIT": -59,
        "Net Income": -214
    },
    "2019-12-31": {
        "Diluted EPS": 2.71,
        "Total Revenue": 612,
        "Gross Profit": 310,
        "Operating Income": 40,
        "EBIT": 68,
        "Net Income": 77
    },
    "2019-09-30": {
        "Diluted EPS": -0.59,
        "Total Revenue": 496,
        "Gross Profit": 278,
        "Operating Income": 5,
        "EBIT": 34,
        "Net Income": -17
    },
    "2019-06-30": {
        "Diluted EPS": -1.42,
        "Total Revenue": 533,
        "Gross Profit": 292,
        "Operating Income": -7,
        "EBIT": 23,
        "Net Income": -40
    },
    "2019-03-31": {
        "Diluted EPS": -1.49,
        "Total Revenue": 578,
        "Gross Profit": 306,
        "Operating Income": 2,
        "EBIT": 34,
        "Net Income": -42
    },
    "2018-12-31": {
        "Diluted EPS": 1.61,
        "Total Revenue": 800,
        "Gross Profit": 366,
        "Operating Income": 62,
        "EBIT": 93,
        "Net Income": 46
    },
    "2018-09-30": {
        "Diluted EPS": 1.6,
        "Total Revenue": 593,
        "Gross Profit": 306,
        "Operating Income": 53,
        "EBIT": 85,
        "Net Income": 45
    },
    "2018-06-30": {
        "Diluted EPS": -3.4,
        "Total Revenue": 617,
        "Gross Profit": 324,
        "Operating Income": -64,
        "EBIT": -32,
        "Net Income": -95
    },
    "2018-03-31": {
        "Diluted EPS": -0.2,
        "Total Revenue": 627,
        "Gross Profit": 325,
        "Operating Income": 3,
        "EBIT": 36,
        "Net Income": -7
    },
    "2017-12-31": {
        "Diluted EPS": 1.6,
        "Total Revenue": 873,
        "Gross Profit": 387,
        "Operating Income": 50,
        "EBIT": 86,
        "Net Income": 48
    },
    "2017-09-30": {
        "Diluted EPS": 0.0,
        "Total Revenue": 634,
        "Gross Profit": 309,
        "Operating Income": -1,
        "EBIT": 37,
        "Net Income": 0
    },
    "2017-06-30": {
        "Diluted EPS": -0.4,
        "Total Revenue": 663,
        "Gross Profit": 328,
        "Operating Income": -7,
        "EBIT": 30,
        "Net Income": -9
    },
    "2017-03-31": {
        "Diluted EPS": -0.8,
        "Total Revenue": 674,
        "Gross Profit": 309,
        "Operating Income": -12,
        "EBIT": 25,
        "Net Income": -24
    },
    "2016-12-31": {
        "Diluted EPS": -1.8,
        "Total Revenue": 905,
        "Gross Profit": 352,
        "Operating Income": 10,
        "EBIT": 47,
        "Net Income": -53
    },
    "2016-09-30": {
        "Diluted EPS": -1.4,
        "Total Revenue": 687,
        "Gross Profit": 293,
        "Operating Income": -25,
        "EBIT": 11,
        "Net Income": -38
    },
    "2016-06-30": {
        "Diluted EPS": -2.0,
        "Total Revenue": 724,
        "Gross Profit": 315,
        "Operating Income": -40,
        "EBIT": -3,
        "Net Income": -55
    },
    "2016-03-31": {
        "Diluted EPS": -1.6,
        "Total Revenue": 698,
        "Gross Profit": 320,
        "Operating Income": -45,
        "EBIT": -11,
        "Net Income": -49
    },
    "2015-12-31": {
        "Diluted EPS": -1.4,
        "Total Revenue": 752,
        "Gross Profit": 274,
        "Operating Income": 4,
        "EBIT": 34,
        "Net Income": -47
    },
    "2015-09-30": {
        "Diluted EPS": -0.8,
        "Total Revenue": 714,
        "Gross Profit": 329,
        "Operating Income": -70,
        "EBIT": -35,
        "Net Income": -28
    },
    "2015-06-30": {
        "Diluted EPS": 3.2,
        "Total Revenue": 738,
        "Gross Profit": 337,
        "Operating Income": -9,
        "EBIT": 22,
        "Net Income": 109
    },
    "2015-03-31": {
        "Diluted EPS": -0.4,
        "Total Revenue": 750,
        "Gross Profit": 347,
        "Operating Income": 5,
        "EBIT": 37,
        "Net Income": -14
    },
    "2014-12-31": {
        "Diluted EPS": 0.2,
        "Total Revenue": 883,
        "Gross Profit": 378,
        "Operating Income": 34,
        "EBIT": 64,
        "Net Income": 9
    },
    "2014-09-30": {
        "Diluted EPS": -0.6,
        "Total Revenue": 714,
        "Gross Profit": 355,
        "Operating Income": 1,
        "EBIT": 32,
        "Net Income": -21
    },
    "2014-06-30": {
        "Diluted EPS": -0.6,
        "Total Revenue": 716,
        "Gross Profit": 366,
        "Operating Income": 2,
        "EBIT": 29,
        "Net Income": -23
    },
    "2014-03-31": {
        "Diluted EPS": -1.2,
        "Total Revenue": 728,
        "Gross Profit": 366,
        "Operating Income": -6,
        "EBIT": 21,
        "Net Income": -38
    },
    "2013-12-31": {
        "Diluted EPS": -2.4,
        "Total Revenue": 768,
        "Gross Profit": 378,
        "Operating Income": 13,
        "EBIT": 37,
        "Net Income": -81
    },
    "2013-09-30": {
        "Diluted EPS": 0.0,
        "Total Revenue": 595,
        "Gross Profit": 360,
        "Operating Income": 14,
        "EBIT": 37,
        "Net Income": -3
    },
    "2013-06-30": {
        "Diluted EPS": -0.2,
        "Total Revenue": 609,
        "Gross Profit": 385,
        "Operating Income": 27,
        "EBIT": 49,
        "Net Income": -8
    },
    "2013-03-31": {
        "Diluted EPS": -0.2,
        "Total Revenue": 601,
        "Gross Profit": 379,
        "Operating Income": 21,
        "EBIT": 42,
        "Net Income": -4
    },
    "2012-12-31": {
        "Diluted EPS": -2.4,
        "Total Revenue": 638,
        "Gross Profit": 356,
        "Operating Income": -13,
        "EBIT": 3,
        "Net Income": -81
    },
    "2012-09-30": {
        "Diluted EPS": 0.0,
        "Total Revenue": 569,
        "Gross Profit": 387,
        "Operating Income": 25,
        "EBIT": 41,
        "Net Income": -3
    },
    "2012-06-30": {
        "Diluted EPS": 0.8,
        "Total Revenue": 568,
        "Gross Profit": 433,
        "Operating Income": 46,
        "EBIT": 59,
        "Net Income": 28
    },
    "2012-03-31": {
        "Diluted EPS": -0.4,
        "Total Revenue": 559,
        "Gross Profit": 440,
        "Operating Income": 40,
        "EBIT": 51,
        "Net Income": -12
    },
    "2011-12-31": {
        "Diluted EPS": -0.4,
        "Total Revenue": 492,
        "Gross Profit": 396,
        "Operating Income": -15,
        "EBIT": -6,
        "Net Income": -65
    },
    "2011-09-30": {
        "Diluted EPS": -3.6,
        "Total Revenue": 430,
        "Gross Profit": 362,
        "Operating Income": 0,
        "EBIT": 7,
        "Net Income": -54
    },
    "2011-06-30": {
        "Diluted EPS": -7.0,
        "Total Revenue": 393,
        "Gross Profit": 338,
        "Operating Income": -101,
        "EBIT": -93,
        "Net Income": -107
    },
    "2011-03-31": {
        "Diluted EPS": -9.6,
        "Total Revenue": 296,
        "Gross Profit": 256,
        "Operating Income": -117,
        "EBIT": -110,
        "Net Income": -146
    },
    "2010-12-31": {
        "Diluted EPS": -21.6,
        "Total Revenue": 172,
        "Gross Profit": 147,
        "Operating Income": -336,
        "EBIT": -330,
        "Net Income": -379
    },
    "2010-09-30": {
        "Diluted EPS": 0.0,
        "Total Revenue": 141,
        "Gross Profit": 123,
        "Operating Income": -84,
        "EBIT": -79,
        "Net Income": -76
    },
    "2010-06-30": {
        "Diluted EPS": 0.0,
        "Total Revenue": 59,
        "Gross Profit": 55,
        "Operating Income": -28,
        "EBIT": -26,
        "Net Income": -27
    },
    "2010-03-31": {
        "Diluted EPS": 0.6,
        "Total Revenue": 44,
        "Gross Profit": 20,
        "Operating Income": 9,
        "EBIT": 9,
        "Net Income": 6
    },
    "2009-12-31": {
        "Diluted EPS": 0.0,
        "Total Revenue": NaN,
        "Gross Profit": NaN,
        "Operating Income": NaN,
        "EBIT": NaN,
        "Net Income": NaN
    },
    "2023-06-30": {
        "Tax Effect Of Unusual Items": NaN,
        "Tax Rate For Calcs": NaN,
        "Normalized EBITDA": NaN,
        "Total Unusual Items": NaN,
        "Total Unusual Items Excluding Goodwill": NaN,
        "Net Income From Continuing Operation Net Minority Interest": NaN,
        "Reconciled Depreciation": NaN,
        "Reconciled Cost Of Revenue": NaN,
        "EBITDA": NaN,
        "EBIT": NaN,
        "Net Interest Income": NaN,
        "Interest Expense": NaN,
        "Interest Income": NaN,
        "Normalized Income": NaN,
        "Net Income From Continuing And Discontinued Operation": NaN,
        "Total Expenses": NaN,
        "Total Operating Income As Reported": NaN,
        "Diluted Average Shares": 31020493.0,
        "Basic Average Shares": 31020493.0,
        "Diluted EPS": -0.41,
        "Basic EPS": -0.41,
        "Diluted NI Availto Com Stockholders": NaN,
        "Net Income Common Stockholders": NaN,
        "Net Income": NaN,
        "Minority Interests": NaN,
        "Net Income Including Noncontrolling Interests": NaN,
        "Net Income Continuous Operations": NaN,
        "Tax Provision": NaN,
        "Pretax Income": NaN,
        "Other Income Expense": NaN,
        "Special Income Charges": NaN,
        "Gain On Sale Of Ppe": 0.0,
        "Impairment Of Capital Assets": 0.0,
        "Restructuring And Mergern Acquisition": NaN,
        "Gain On Sale Of Security": NaN,
        "Net Non Operating Interest Income Expense": NaN,
        "Interest Expense Non Operating": NaN,
        "Interest Income Non Operating": NaN,
        "Operating Income": NaN,
        "Operating Expense": NaN,
        "Selling General And Administration": NaN,
        "Selling And Marketing Expense": NaN,
        "General And Administrative Expense": NaN,
        "Other Gand A": NaN,
        "Gross Profit": NaN,
        "Cost Of Revenue": NaN,
        "Total Revenue": NaN,
        "Operating Revenue": NaN
    },
    "2023-09-30": {
        "Tax Effect Of Unusual Items": -8383410.0,
        "Tax Rate For Calcs": 0.21,
        "Normalized EBITDA": 15334000.0,
        "Total Unusual Items": -39921000.0,
        "Total Unusual Items Excluding Goodwill": -39921000.0,
        "Net Income From Continuing Operation Net Minority Interest": -41358000.0,
        "Reconciled Depreciation": 12568000.0,
        "Reconciled Cost Of Revenue": 15796000.0,
        "EBITDA": -24587000.0,
        "EBIT": -37155000.0,
        "Net Interest Income": -1832000.0,
        "Interest Expense": 2834000.0,
        "Interest Income": 1002000.0,
        "Normalized Income": -9820410.0,
        "Net Income From Continuing And Discontinued Operation": -41358000.0,
        "Total Expenses": 124710000.0,
        "Total Operating Income As Reported": -464000.0,
        "Diluted Average Shares": 31500489.0,
        "Basic Average Shares": 31500489.0,
        "Diluted EPS": -1.31,
        "Basic EPS": -1.31,
        "Diluted NI Availto Com Stockholders": -41358000.0,
        "Net Income Common Stockholders": -41358000.0,
        "Net Income": -41358000.0,
        "Minority Interests": -552000.0,
        "Net Income Including Noncontrolling Interests": -40806000.0,
        "Net Income Continuous Operations": -40806000.0,
        "Tax Provision": 817000.0,
        "Pretax Income": -39989000.0,
        "Other Income Expense": -39921000.0,
        "Special Income Charges": -2228000.0,
        "Gain On Sale Of Ppe": 0.0,
        "Impairment Of Capital Assets": 0.0,
        "Restructuring And Mergern Acquisition": 2228000.0,
        "Gain On Sale Of Security": -37693000.0,
        "Net Non Operating Interest Income Expense": -1832000.0,
        "Interest Expense Non Operating": 2834000.0,
        "Interest Income Non Operating": 1002000.0,
        "Operating Income": 1764000.0,
        "Operating Expense": 108914000.0,
        "Selling General And Administration": 108914000.0,
        "Selling And Marketing Expense": 28898000.0,
        "General And Administrative Expense": 80016000.0,
        "Other Gand A": 80016000.0,
        "Gross Profit": 110678000.0,
        "Cost Of Revenue": 15796000.0,
        "Total Revenue": 126474000.0,
        "Operating Revenue": 126474000.0
    },
    "2023-12-31": {
        "Tax Effect Of Unusual Items": 3060308.545007,
        "Tax Rate For Calcs": 0.155606,
        "Normalized EBITDA": 26743000.0,
        "Total Unusual Items": 19667000.0,
        "Total Unusual Items Excluding Goodwill": 19667000.0,
        "Net Income From Continuing Operation Net Minority Interest": 27702000.0,
        "Reconciled Depreciation": 10902000.0,
        "Reconciled Cost Of Revenue": 15406000.0,
        "EBITDA": 46410000.0,
        "EBIT": 35508000.0,
        "Net Interest Income": -1254000.0,
        "Interest Expense": 1769000.0,
        "Interest Income": 515000.0,
        "Normalized Income": 11095308.545007,
        "Net Income From Continuing And Discontinued Operation": 27702000.0,
        "Total Expenses": 122390000.0,
        "Total Operating Income As Reported": 17653000.0,
        "Diluted Average Shares": NaN,
        "Basic Average Shares": NaN,
        "Diluted EPS": NaN,
        "Basic EPS": NaN,
        "Diluted NI Availto Com Stockholders": 27702000.0,
        "Net Income Common Stockholders": 27702000.0,
        "Net Income": 27702000.0,
        "Minority Interests": -787000.0,
        "Net Income Including Noncontrolling Interests": 28489000.0,
        "Net Income Continuous Operations": 28489000.0,
        "Tax Provision": 5250000.0,
        "Pretax Income": 33739000.0,
        "Other Income Expense": 19667000.0,
        "Special Income Charges": 2327000.0,
        "Gain On Sale Of Ppe": NaN,
        "Impairment Of Capital Assets": 0.0,
        "Restructuring And Mergern Acquisition": -2327000.0,
        "Gain On Sale Of Security": 17340000.0,
        "Net Non Operating Interest Income Expense": -1254000.0,
        "Interest Expense Non Operating": 1769000.0,
        "Interest Income Non Operating": 515000.0,
        "Operating Income": 15326000.0,
        "Operating Expense": 106984000.0,
        "Selling General And Administration": 106984000.0,
        "Selling And Marketing Expense": 34492000.0,
        "General And Administrative Expense": 72492000.0,
        "Other Gand A": 72492000.0,
        "Gross Profit": 122310000.0,
        "Cost Of Revenue": 15406000.0,
        "Total Revenue": 137716000.0,
        "Operating Revenue": 137716000.0
    },
    "2024-03-31": {
        "Tax Effect Of Unusual Items": -2480310.0,
        "Tax Rate For Calcs": 0.21,
        "Normalized EBITDA": 18185000.0,
        "Total Unusual Items": -11811000.0,
        "Total Unusual Items Excluding Goodwill": -11811000.0,
        "Net Income From Continuing Operation Net Minority Interest": -12271000.0,
        "Reconciled Depreciation": 9677000.0,
        "Reconciled Cost Of Revenue": 12527000.0,
        "EBITDA": 6374000.0,
        "EBIT": -3303000.0,
        "Net Interest Income": -967000.0,
        "Interest Expense": 2009000.0,
        "Interest Income": 1042000.0,
        "Normalized Income": -2940310.0,
        "Net Income From Continuing And Discontinued Operation": -12271000.0,
        "Total Expenses": 115618000.0,
        "Total Operating Income As Reported": 7370000.0,
        "Diluted Average Shares": 37709971.0,
        "Basic Average Shares": 37709971.0,
        "Diluted EPS": -0.33,
        "Basic EPS": -0.33,
        "Diluted NI Availto Com Stockholders": -12271000.0,
        "Net Income Common Stockholders": -12271000.0,
        "Net Income": -12271000.0,
        "Minority Interests": -765000.0,
        "Net Income Including Noncontrolling Interests": -11506000.0,
        "Net Income Continuous Operations": -11506000.0,
        "Tax Provision": 6194000.0,
        "Pretax Income": -5312000.0,
        "Other Income Expense": -11811000.0,
        "Special Income Charges": -96000.0,
        "Gain On Sale Of Ppe": NaN,
        "Impairment Of Capital Assets": NaN,
        "Restructuring And Mergern Acquisition": 96000.0,
        "Gain On Sale Of Security": -11715000.0,
        "Net Non Operating Interest Income Expense": -967000.0,
        "Interest Expense Non Operating": 2009000.0,
        "Interest Income Non Operating": 1042000.0,
        "Operating Income": 7466000.0,
        "Operating Expense": 103091000.0,
        "Selling General And Administration": 103091000.0,
        "Selling And Marketing Expense": 28809000.0,
        "General And Administrative Expense": 74282000.0,
        "Other Gand A": 74282000.0,
        "Gross Profit": 110557000.0,
        "Cost Of Revenue": 12527000.0,
        "Total Revenue": 123084000.0,
        "Operating Revenue": 123084000.0
    },
    "2024-06-30": {
        "Tax Effect Of Unusual Items": 329280.0,
        "Tax Rate For Calcs": 0.21,
        "Normalized EBITDA": 8164000.0,
        "Total Unusual Items": 1568000.0,
        "Total Unusual Items Excluding Goodwill": 1568000.0,
        "Net Income From Continuing Operation Net Minority Interest": -10035000.0,
        "Reconciled Depreciation": 7940000.0,
        "Reconciled Cost Of Revenue": 11948000.0,
        "EBITDA": 9732000.0,
        "EBIT": 1792000.0,
        "Net Interest Income": -628000.0,
        "Interest Expense": 1917000.0,
        "Interest Income": 1289000.0,
        "Normalized Income": -11273720.0,
        "Net Income From Continuing And Discontinued Operation": -10035000.0,
        "Total Expenses": 125680000.0,
        "Total Operating Income As Reported": 4358000.0,
        "Diluted Average Shares": 39430656.0,
        "Basic Average Shares": 39430656.0,
        "Diluted EPS": -0.25,
        "Basic EPS": -0.25,
        "Diluted NI Availto Com Stockholders": -10035000.0,
        "Net Income Common Stockholders": -10035000.0,
        "Net Income": -10035000.0,
        "Minority Interests": -623000.0,
        "Net Income Including Noncontrolling Interests": -9412000.0,
        "Net Income Continuous Operations": -9412000.0,
        "Tax Provision": 9287000.0,
        "Pretax Income": -125000.0,
        "Other Income Expense": 1568000.0,
        "Special Income Charges": 5423000.0,
        "Gain On Sale Of Ppe": 5044000.0,
        "Impairment Of Capital Assets": NaN,
        "Restructuring And Mergern Acquisition": -379000.0,
        "Gain On Sale Of Security": -3855000.0,
        "Net Non Operating Interest Income Expense": -628000.0,
        "Interest Expense Non Operating": 1917000.0,
        "Interest Income Non Operating": 1289000.0,
        "Operating Income": -1065000.0,
        "Operating Expense": 113732000.0,
        "Selling General And Administration": 113732000.0,
        "Selling And Marketing Expense": 36520000.0,
        "General And Administrative Expense": 77212000.0,
        "Other Gand A": 77212000.0,
        "Gross Profit": 112667000.0,
        "Cost Of Revenue": 11948000.0,
        "Total Revenue": 124615000.0,
        "Operating Revenue": 124615000.0
    },
    "2024-09-30": {
        "Tax Effect Of Unusual Items": 3058632.0,
        "Tax Rate For Calcs": 0.138,
        "Normalized EBITDA": 3685000.0,
        "Total Unusual Items": 22164000.0,
        "Total Unusual Items Excluding Goodwill": 22164000.0,
        "Net Income From Continuing Operation Net Minority Interest": 13928000.0,
        "Reconciled Depreciation": 6895000.0,
        "Reconciled Cost Of Revenue": 11584000.0,
        "EBITDA": 25849000.0,
        "EBIT": 18954000.0,
        "Net Interest Income": -631000.0,
        "Interest Expense": 2111000.0,
        "Interest Income": 1480000.0,
        "Normalized Income": -5177368.0,
        "Net Income From Continuing And Discontinued Operation": 13928000.0,
        "Total Expenses": 119169000.0,
        "Total Operating Income As Reported": -5586000.0,
        "Diluted Average Shares": 45014446.0,
        "Basic Average Shares": 39748268.0,
        "Diluted EPS": 0.33,
        "Basic EPS": 0.35,
        "Diluted NI Availto Com Stockholders": 13928000.0,
        "Net Income Common Stockholders": 13928000.0,
        "Net Income": 13928000.0,
        "Minority Interests": -594000.0,
        "Net Income Including Noncontrolling Interests": 14522000.0,
        "Net Income Continuous Operations": 14522000.0,
        "Tax Provision": 2321000.0,
        "Pretax Income": 16843000.0,
        "Other Income Expense": 22164000.0,
        "Special Income Charges": -896000.0,
        "Gain On Sale Of Ppe": 0.0,
        "Impairment Of Capital Assets": NaN,
        "Restructuring And Mergern Acquisition": 896000.0,
        "Gain On Sale Of Security": 23060000.0,
        "Net Non Operating Interest Income Expense": -631000.0,
        "Interest Expense Non Operating": 2111000.0,
        "Interest Income Non Operating": 1480000.0,
        "Operating Income": -4690000.0,
        "Operating Expense": 107585000.0,
        "Selling General And Administration": 107585000.0,
        "Selling And Marketing Expense": 36258000.0,
        "General And Administrative Expense": 71327000.0,
        "Other Gand A": 71327000.0,
        "Gross Profit": 102895000.0,
        "Cost Of Revenue": 11584000.0,
        "Total Revenue": 114479000.0,
        "Operating Revenue": 114479000.0
    }
}