{
    "2023-03-31": {
        "Tax Effect Of Unusual Items": NaN,
        "Tax Rate For Calcs": NaN,
        "Normalized EBITDA": NaN,
        "Total Unusual Items": -317000.0,
        "Total Unusual Items Excluding Goodwill": -317000.0,
        "Net Income From Continuing Operation Net Minority Interest": NaN,
        "Reconciled Depreciation": NaN,
        "Reconciled Cost Of Revenue": NaN,
        "EBITDA": NaN,
        "EBIT": NaN,
        "Net Interest Income": NaN,
        "Interest Expense": NaN,
        "Interest Income": NaN,
        "Normalized Income": NaN,
        "Net Income From Continuing And Discontinued Operation": NaN,
        "Total Expenses": NaN,
        "Total Operating Income As Reported": NaN,
        "Diluted Average Shares": NaN,
        "Basic Average Shares": NaN,
        "Diluted EPS": NaN,
        "Basic EPS": NaN,
        "Diluted NI Availto Com Stockholders": NaN,
        "Net Income Common Stockholders": NaN,
        "Net Income": NaN,
        "Net Income Including Noncontrolling Interests": NaN,
        "Net Income Continuous Operations": NaN,
        "Tax Provision": NaN,
        "Pretax Income": NaN,
        "Other Income Expense": NaN,
        "Other Non Operating Income Expenses": NaN,
        "Special Income Charges": -317000.0,
        "Write Off": 317000.0,
        "Impairment Of Capital Assets": NaN,
        "Net Non Operating Interest Income Expense": NaN,
        "Interest Expense Non Operating": NaN,
        "Interest Income Non Operating": NaN,
        "Operating Income": NaN,
        "Operating Expense": NaN,
        "Other Operating Expenses": NaN,
        "Provision For Doubtful Accounts": NaN,
        "Depreciation Amortization Depletion Income Statement": NaN,
        "Depreciation And Amortization In Income Statement": NaN,
        "Selling General And Administration": NaN,
        "Gross Profit": NaN,
        "Cost Of Revenue": NaN,
        "Total Revenue": NaN,
        "Operating Revenue": NaN
    },
    "2022-12-31": {
        "Tax Effect Of Unusual Items": NaN,
        "Tax Rate For Calcs": NaN,
        "Normalized EBITDA": NaN,
        "Total Unusual Items": 37000.0,
        "Total Unusual Items Excluding Goodwill": 37000.0,
        "Net Income From Continuing Operation Net Minority Interest": NaN,
        "Reconciled Depreciation": NaN,
        "Reconciled Cost Of Revenue": NaN,
        "EBITDA": NaN,
        "EBIT": NaN,
        "Net Interest Income": NaN,
        "Interest Expense": NaN,
        "Interest Income": NaN,
        "Normalized Income": NaN,
        "Net Income From Continuing And Discontinued Operation": NaN,
        "Total Expenses": NaN,
        "Total Operating Income As Reported": NaN,
        "Diluted Average Shares": NaN,
        "Basic Average Shares": NaN,
        "Diluted EPS": NaN,
        "Basic EPS": NaN,
        "Diluted NI Availto Com Stockholders": NaN,
        "Net Income Common Stockholders": NaN,
        "Net Income": NaN,
        "Net Income Including Noncontrolling Interests": NaN,
        "Net Income Continuous Operations": NaN,
        "Tax Provision": NaN,
        "Pretax Income": NaN,
        "Other Income Expense": NaN,
        "Other Non Operating Income Expenses": NaN,
        "Special Income Charges": 37000.0,
        "Write Off": -37000.0,
        "Impairment Of Capital Assets": 0.0,
        "Net Non Operating Interest Income Expense": NaN,
        "Interest Expense Non Operating": NaN,
        "Interest Income Non Operating": NaN,
        "Operating Income": NaN,
        "Operating Expense": NaN,
        "Other Operating Expenses": NaN,
        "Provision For Doubtful Accounts": NaN,
        "Depreciation Amortization Depletion Income Statement": NaN,
        "Depreciation And Amortization In Income Statement": NaN,
        "Selling General And Administration": NaN,
        "Gross Profit": NaN,
        "Cost Of Revenue": NaN,
        "Total Revenue": NaN,
        "Operating Revenue": NaN
    },
    "2022-09-30": {
        "Tax Effect Of Unusual Items": NaN,
        "Tax Rate For Calcs": NaN,
        "Normalized EBITDA": NaN,
        "Total Unusual Items": NaN,
        "Total Unusual Items Excluding Goodwill": NaN,
        "Net Income From Continuing Operation Net Minority Interest": NaN,
        "Reconciled Depreciation": NaN,
        "Reconciled Cost Of Revenue": NaN,
        "EBITDA": NaN,
        "EBIT": NaN,
        "Net Interest Income": NaN,
        "Interest Expense": NaN,
        "Interest Income": NaN,
        "Normalized Income": NaN,
        "Net Income From Continuing And Discontinued Operation": NaN,
        "Total Expenses": NaN,
        "Total Operating Income As Reported": NaN,
        "Diluted Average Shares": NaN,
        "Basic Average Shares": NaN,
        "Diluted EPS": NaN,
        "Basic EPS": NaN,
        "Diluted NI Availto Com Stockholders": NaN,
        "Net Income Common Stockholders": NaN,
        "Net Income": NaN,
        "Net Income Including Noncontrolling Interests": NaN,
        "Net Income Continuous Operations": NaN,
        "Tax Provision": NaN,
        "Pretax Income": NaN,
        "Other Income Expense": NaN,
        "Other Non Operating Income Expenses": NaN,
        "Special Income Charges": NaN,
        "Write Off": 172000.0,
        "Impairment Of Capital Assets": 0.0,
        "Net Non Operating Interest Income Expense": NaN,
        "Interest Expense Non Operating": NaN,
        "Interest Income Non Operating": NaN,
        "Operating Income": NaN,
        "Operating Expense": NaN,
        "Other Operating Expenses": NaN,
        "Provision For Doubtful Accounts": NaN,
        "Depreciation Amortization Depletion Income Statement": NaN,
        "Depreciation And Amortization In Income Statement": NaN,
        "Selling General And Administration": NaN,
        "Gross Profit": NaN,
        "Cost Of Revenue": NaN,
        "Total Revenue": NaN,
        "Operating Revenue": NaN
    },
    "2022-06-30": {
        "Tax Effect Of Unusual Items": -264712.74385,
        "Tax Rate For Calcs": 0.002071,
        "Normalized EBITDA": -4038000.0,
        "Total Unusual Items": -127831000.0,
        "Total Unusual Items Excluding Goodwill": -127831000.0,
        "Net Income From Continuing Operation Net Minority Interest": -136379000.0,
        "Reconciled Depreciation": 4783000.0,
        "Reconciled Cost Of Revenue": 50866000.0,
        "EBITDA": -131869000.0,
        "EBIT": -136652000.0,
        "Net Interest Income": 35000.0,
        "Interest Expense": 10000.0,
        "Interest Income": 45000.0,
        "Normalized Income": -8812712.74385,
        "Net Income From Continuing And Discontinued Operation": -136379000.0,
        "Total Expenses": 80063000.0,
        "Total Operating Income As Reported": -136801000.0,
        "Diluted Average Shares": 60756000.0,
        "Basic Average Shares": 60756000.0,
        "Diluted EPS": -2.24,
        "Basic EPS": -2.24,
        "Diluted NI Availto Com Stockholders": -136379000.0,
        "Net Income Common Stockholders": -136379000.0,
        "Net Income": -136379000.0,
        "Net Income Including Noncontrolling Interests": -136379000.0,
        "Net Income Continuous Operations": -136379000.0,
        "Tax Provision": -283000.0,
        "Pretax Income": -136662000.0,
        "Other Income Expense": -127727000.0,
        "Other Non Operating Income Expenses": 104000.0,
        "Special Income Charges": -127831000.0,
        "Write Off": 127831000.0,
        "Impairment Of Capital Assets": 127831000.0,
        "Net Non Operating Interest Income Expense": 35000.0,
        "Interest Expense Non Operating": 10000.0,
        "Interest Income Non Operating": 45000.0,
        "Operating Income": -8970000.0,
        "Operating Expense": 29197000.0,
        "Other Operating Expenses": 13767000.0,
        "Depreciation Amortization Depletion Income Statement": 4783000.0,
        "Depreciation And Amortization In Income Statement": 4783000.0,
        "Selling General And Administration": 10647000.0,
        "Gross Profit": 20227000.0,
        "Cost Of Revenue": 50866000.0,
        "Total Revenue": 71093000.0,
        "Operating Revenue": 71093000.0
    },
    "2022-03-31": {
        "Diluted EPS": -0.09,
        "Total Revenue": 82,
        "Gross Profit": 22,
        "Operating Income": -7,
        "EBIT": -3,
        "Net Income": -5
    },
    "2021-12-31": {
        "Diluted EPS": -0.07,
        "Total Revenue": 91,
        "Gross Profit": 23,
        "Operating Income": -7,
        "EBIT": -3,
        "Net Income": -4
    },
    "2021-09-30": {
        "Diluted EPS": 0.07,
        "Total Revenue": 116,
        "Gross Profit": 34,
        "Operating Income": 5,
        "EBIT": 8,
        "Net Income": 4
    },
    "2021-06-30": {
        "Diluted EPS": 0.11,
        "Total Revenue": 126,
        "Gross Profit": 36,
        "Operating Income": 10,
        "EBIT": 13,
        "Net Income": 7
    },
    "2021-03-31": {
        "Diluted EPS": 0.1,
        "Total Revenue": 90,
        "Gross Profit": 25,
        "Operating Income": 8,
        "EBIT": 10,
        "Net Income": 6
    },
    "2020-12-31": {
        "Diluted EPS": 0.05,
        "Total Revenue": 62,
        "Gross Profit": 16,
        "Operating Income": 3,
        "EBIT": 4,
        "Net Income": 2
    },
    "2020-09-30": {
        "Diluted EPS": 0.06,
        "Total Revenue": 55,
        "Gross Profit": 15,
        "Operating Income": 5,
        "EBIT": 6,
        "Net Income": 3
    },
    "2020-06-30": {
        "Diluted EPS": 0.06,
        "Total Revenue": 43,
        "Gross Profit": 12,
        "Operating Income": 3,
        "EBIT": 3,
        "Net Income": 3
    },
    "2020-03-31": {
        "Diluted EPS": -0.06,
        "Total Revenue": 33,
        "Gross Profit": 9,
        "Operating Income": -2,
        "EBIT": -2,
        "Net Income": -2
    },
    "2019-12-31": {
        "Diluted EPS": -0.03,
        "Total Revenue": 25,
        "Gross Profit": 6,
        "Operating Income": -1,
        "EBIT": -1,
        "Net Income": -1
    },
    "2019-09-30": {
        "Diluted EPS": 0.03,
        "Total Revenue": 22,
        "Gross Profit": 7,
        "Operating Income": 1,
        "EBIT": 1,
        "Net Income": 1
    },
    "2019-06-30": {
        "Diluted EPS": 0.03,
        "Total Revenue": 19,
        "Gross Profit": 6,
        "Operating Income": 1,
        "EBIT": 1,
        "Net Income": 1
    },
    "2019-03-31": {
        "Diluted EPS": 0.01,
        "Total Revenue": 13,
        "Gross Profit": 4,
        "Operating Income": 0,
        "EBIT": 1,
        "Net Income": 0
    },
    "2018-12-31": {
        "Diluted EPS": -0.1,
        "Total Revenue": 9,
        "Gross Profit": 1,
        "Operating Income": -2,
        "EBIT": -2,
        "Net Income": -2
    },
    "2018-09-30": {
        "Diluted EPS": -0.03,
        "Total Revenue": 8,
        "Gross Profit": 2,
        "Operating Income": -1,
        "EBIT": 0,
        "Net Income": -1
    },
    "2018-06-30": {
        "Diluted EPS": -0.04,
        "Total Revenue": 7,
        "Gross Profit": 2,
        "Operating Income": -1,
        "EBIT": 0,
        "Net Income": -1
    },
    "2018-03-31": {
        "Diluted EPS": -0.05,
        "Total Revenue": 4,
        "Gross Profit": 1,
        "Operating Income": -1,
        "EBIT": 0,
        "Net Income": -1
    },
    "2017-12-31": {
        "Diluted EPS": -0.11,
        "Total Revenue": 4,
        "Gross Profit": 0,
        "Operating Income": -2,
        "EBIT": -2,
        "Net Income": -1
    },
    "2017-09-30": {
        "Diluted EPS": -0.03,
        "Total Revenue": 4,
        "Gross Profit": 1,
        "Operating Income": 0,
        "EBIT": 0,
        "Net Income": 0
    },
    "2017-06-30": {
        "Diluted EPS": -0.02,
        "Total Revenue": 4,
        "Gross Profit": 1,
        "Operating Income": 0,
        "EBIT": 0,
        "Net Income": 0
    },
    "2017-03-31": {
        "Diluted EPS": -0.02,
        "Total Revenue": 3,
        "Gross Profit": 1,
        "Operating Income": 0,
        "EBIT": 0,
        "Net Income": 0
    },
    "2016-12-31": {
        "Diluted EPS": -0.02,
        "Total Revenue": 2,
        "Gross Profit": 1,
        "Operating Income": 0,
        "EBIT": 0,
        "Net Income": 0
    },
    "2016-09-30": {
        "Diluted EPS": 0.0,
        "Total Revenue": 2,
        "Gross Profit": 1,
        "Operating Income": 0,
        "EBIT": 0,
        "Net Income": 0
    },
    "2016-06-30": {
        "Diluted EPS": -0.02,
        "Total Revenue": 2,
        "Gross Profit": 1,
        "Operating Income": 0,
        "EBIT": 0,
        "Net Income": 0
    },
    "2016-03-31": {
        "Diluted EPS": -0.01,
        "Total Revenue": 2,
        "Gross Profit": 0,
        "Operating Income": 0,
        "EBIT": 0,
        "Net Income": 0
    },
    "2015-12-31": {
        "Diluted EPS": 0.0,
        "Total Revenue": NaN,
        "Gross Profit": NaN,
        "Operating Income": NaN,
        "EBIT": NaN,
        "Net Income": NaN
    },
    "2015-09-30": {
        "Diluted EPS": -0.02,
        "Total Revenue": 1,
        "Gross Profit": 0,
        "Operating Income": 0,
        "EBIT": 0,
        "Net Income": 0
    },
    "2015-06-30": {
        "Diluted EPS": 0.0,
        "Total Revenue": 1,
        "Gross Profit": 0,
        "Operating Income": 0,
        "EBIT": 0,
        "Net Income": 0
    },
    "2023-06-30": {
        "Tax Effect Of Unusual Items": NaN,
        "Tax Rate For Calcs": NaN,
        "Normalized EBITDA": NaN,
        "Total Unusual Items": -107000.0,
        "Total Unusual Items Excluding Goodwill": -107000.0,
        "Net Income From Continuing Operation Net Minority Interest": NaN,
        "Reconciled Depreciation": NaN,
        "Reconciled Cost Of Revenue": NaN,
        "EBITDA": NaN,
        "EBIT": NaN,
        "Net Interest Income": NaN,
        "Interest Expense": NaN,
        "Interest Income": NaN,
        "Normalized Income": NaN,
        "Net Income From Continuing And Discontinued Operation": NaN,
        "Total Expenses": NaN,
        "Total Operating Income As Reported": NaN,
        "Diluted Average Shares": 61077000.0,
        "Basic Average Shares": 61077000.0,
        "Diluted EPS": -0.09,
        "Basic EPS": -0.09,
        "Diluted NI Availto Com Stockholders": NaN,
        "Net Income Common Stockholders": NaN,
        "Net Income": NaN,
        "Net Income Including Noncontrolling Interests": NaN,
        "Net Income Continuous Operations": NaN,
        "Tax Provision": NaN,
        "Pretax Income": NaN,
        "Other Income Expense": NaN,
        "Other Non Operating Income Expenses": NaN,
        "Special Income Charges": -107000.0,
        "Write Off": 107000.0,
        "Impairment Of Capital Assets": 0.0,
        "Net Non Operating Interest Income Expense": NaN,
        "Interest Expense Non Operating": NaN,
        "Interest Income Non Operating": NaN,
        "Operating Income": NaN,
        "Operating Expense": NaN,
        "Other Operating Expenses": NaN,
        "Provision For Doubtful Accounts": 107000.0,
        "Depreciation Amortization Depletion Income Statement": NaN,
        "Depreciation And Amortization In Income Statement": NaN,
        "Selling General And Administration": NaN,
        "Gross Profit": NaN,
        "Cost Of Revenue": NaN,
        "Total Revenue": NaN,
        "Operating Revenue": NaN
    },
    "2023-09-30": {
        "Tax Effect Of Unusual Items": 0.0,
        "Tax Rate For Calcs": 0.0,
        "Normalized EBITDA": -2627000.0,
        "Total Unusual Items": 0.0,
        "Total Unusual Items Excluding Goodwill": 0.0,
        "Net Income From Continuing Operation Net Minority Interest": -7349000.0,
        "Reconciled Depreciation": 4721000.0,
        "Reconciled Cost Of Revenue": 39490000.0,
        "EBITDA": -2627000.0,
        "EBIT": -7348000.0,
        "Net Interest Income": 704000.0,
        "Interest Expense": 1000.0,
        "Interest Income": 705000.0,
        "Normalized Income": -7349000.0,
        "Net Income From Continuing And Discontinued Operation": -7349000.0,
        "Total Expenses": 63708000.0,
        "Total Operating Income As Reported": -8030000.0,
        "Diluted Average Shares": 61272000.0,
        "Basic Average Shares": 61272000.0,
        "Diluted EPS": -0.12,
        "Basic EPS": -0.12,
        "Diluted NI Availto Com Stockholders": -7349000.0,
        "Net Income Common Stockholders": -7349000.0,
        "Net Income": -7349000.0,
        "Net Income Including Noncontrolling Interests": -7349000.0,
        "Net Income Continuous Operations": -7349000.0,
        "Tax Provision": 0.0,
        "Pretax Income": -7349000.0,
        "Other Income Expense": -23000.0,
        "Other Non Operating Income Expenses": -23000.0,
        "Special Income Charges": 0.0,
        "Write Off": 0.0,
        "Impairment Of Capital Assets": NaN,
        "Net Non Operating Interest Income Expense": 704000.0,
        "Interest Expense Non Operating": 1000.0,
        "Interest Income Non Operating": 705000.0,
        "Operating Income": -8030000.0,
        "Operating Expense": 24218000.0,
        "Other Operating Expenses": 11658000.0,
        "Provision For Doubtful Accounts": 257000.0,
        "Depreciation Amortization Depletion Income Statement": 4721000.0,
        "Depreciation And Amortization In Income Statement": 4721000.0,
        "Selling General And Administration": 7582000.0,
        "Gross Profit": 16188000.0,
        "Cost Of Revenue": 39490000.0,
        "Total Revenue": 55678000.0,
        "Operating Revenue": 55678000.0
    },
    "2023-12-31": {
        "Tax Effect Of Unusual Items": -33375.634703,
        "Tax Rate For Calcs": 0.002228,
        "Normalized EBITDA": -8176000.0,
        "Total Unusual Items": -14978000.0,
        "Total Unusual Items Excluding Goodwill": -14978000.0,
        "Net Income From Continuing Operation Net Minority Interest": -27314000.0,
        "Reconciled Depreciation": 4130000.0,
        "Reconciled Cost Of Revenue": 37808000.0,
        "EBITDA": -23154000.0,
        "EBIT": -27284000.0,
        "Net Interest Income": 2605000.0,
        "Interest Expense": 91000.0,
        "Interest Income": 2696000.0,
        "Normalized Income": -12369375.634703,
        "Net Income From Continuing And Discontinued Operation": -27314000.0,
        "Total Expenses": 61686000.0,
        "Total Operating Income As Reported": -27212000.0,
        "Diluted Average Shares": NaN,
        "Basic Average Shares": NaN,
        "Diluted EPS": NaN,
        "Basic EPS": NaN,
        "Diluted NI Availto Com Stockholders": -27314000.0,
        "Net Income Common Stockholders": -27314000.0,
        "Net Income": -27314000.0,
        "Net Income Including Noncontrolling Interests": -27314000.0,
        "Net Income Continuous Operations": -27314000.0,
        "Tax Provision": -61000.0,
        "Pretax Income": -27375000.0,
        "Other Income Expense": -17746000.0,
        "Other Non Operating Income Expenses": -2768000.0,
        "Special Income Charges": -14978000.0,
        "Write Off": NaN,
        "Impairment Of Capital Assets": NaN,
        "Net Non Operating Interest Income Expense": 2605000.0,
        "Interest Expense Non Operating": 91000.0,
        "Interest Income Non Operating": 2696000.0,
        "Operating Income": -12234000.0,
        "Operating Expense": 23878000.0,
        "Other Operating Expenses": 10917000.0,
        "Provision For Doubtful Accounts": NaN,
        "Depreciation Amortization Depletion Income Statement": 4130000.0,
        "Depreciation And Amortization In Income Statement": 4130000.0,
        "Selling General And Administration": 7876000.0,
        "Gross Profit": 11644000.0,
        "Cost Of Revenue": 37808000.0,
        "Total Revenue": 49452000.0,
        "Operating Revenue": 49452000.0
    },
    "2024-03-31": {
        "Tax Effect Of Unusual Items": 0.0,
        "Tax Rate For Calcs": 0.000226,
        "Normalized EBITDA": -5041000.0,
        "Total Unusual Items": NaN,
        "Total Unusual Items Excluding Goodwill": NaN,
        "Net Income From Continuing Operation Net Minority Interest": -8837000.0,
        "Reconciled Depreciation": 3742000.0,
        "Reconciled Cost Of Revenue": 35524000.0,
        "EBITDA": -5041000.0,
        "EBIT": -8783000.0,
        "Net Interest Income": 546000.0,
        "Interest Expense": 56000.0,
        "Interest Income": 602000.0,
        "Normalized Income": -8837000.0,
        "Net Income From Continuing And Discontinued Operation": -8837000.0,
        "Total Expenses": 57320000.0,
        "Total Operating Income As Reported": -9432000.0,
        "Diluted Average Shares": 61499000.0,
        "Basic Average Shares": 61499000.0,
        "Diluted EPS": -0.14,
        "Basic EPS": -0.14,
        "Diluted NI Availto Com Stockholders": -8837000.0,
        "Net Income Common Stockholders": -8837000.0,
        "Net Income": -8837000.0,
        "Net Income Including Noncontrolling Interests": -8837000.0,
        "Net Income Continuous Operations": -8837000.0,
        "Tax Provision": -2000.0,
        "Pretax Income": -8839000.0,
        "Other Income Expense": 47000.0,
        "Other Non Operating Income Expenses": 47000.0,
        "Special Income Charges": NaN,
        "Write Off": NaN,
        "Impairment Of Capital Assets": NaN,
        "Net Non Operating Interest Income Expense": 546000.0,
        "Interest Expense Non Operating": 56000.0,
        "Interest Income Non Operating": 602000.0,
        "Operating Income": -9432000.0,
        "Operating Expense": 21796000.0,
        "Other Operating Expenses": 10634000.0,
        "Provision For Doubtful Accounts": -488000.0,
        "Depreciation Amortization Depletion Income Statement": 3742000.0,
        "Depreciation And Amortization In Income Statement": 3742000.0,
        "Selling General And Administration": 7908000.0,
        "Gross Profit": 12364000.0,
        "Cost Of Revenue": 35524000.0,
        "Total Revenue": 47888000.0,
        "Operating Revenue": 47888000.0
    },
    "2024-06-30": {
        "Tax Effect Of Unusual Items": 0.0,
        "Tax Rate For Calcs": 0.21,
        "Normalized EBITDA": -2172000.0,
        "Total Unusual Items": NaN,
        "Total Unusual Items Excluding Goodwill": NaN,
        "Net Income From Continuing Operation Net Minority Interest": -5896000.0,
        "Reconciled Depreciation": 3615000.0,
        "Reconciled Cost Of Revenue": 39115000.0,
        "EBITDA": -2172000.0,
        "EBIT": -5787000.0,
        "Net Interest Income": 723000.0,
        "Interest Expense": 14000.0,
        "Interest Income": 737000.0,
        "Normalized Income": -5896000.0,
        "Net Income From Continuing And Discontinued Operation": -5896000.0,
        "Total Expenses": 60050000.0,
        "Total Operating Income As Reported": -6514000.0,
        "Diluted Average Shares": 60681000.0,
        "Basic Average Shares": 60681000.0,
        "Diluted EPS": -0.1,
        "Basic EPS": -0.1,
        "Diluted NI Availto Com Stockholders": -5896000.0,
        "Net Income Common Stockholders": -5896000.0,
        "Net Income": -5896000.0,
        "Net Income Including Noncontrolling Interests": -5896000.0,
        "Net Income Continuous Operations": -5896000.0,
        "Tax Provision": 95000.0,
        "Pretax Income": -5801000.0,
        "Other Income Expense": -10000.0,
        "Other Non Operating Income Expenses": -10000.0,
        "Special Income Charges": NaN,
        "Write Off": NaN,
        "Impairment Of Capital Assets": NaN,
        "Net Non Operating Interest Income Expense": 723000.0,
        "Interest Expense Non Operating": 14000.0,
        "Interest Income Non Operating": 737000.0,
        "Operating Income": -6514000.0,
        "Operating Expense": 20935000.0,
        "Other Operating Expenses": 10210000.0,
        "Provision For Doubtful Accounts": 6000.0,
        "Depreciation Amortization Depletion Income Statement": 3615000.0,
        "Depreciation And Amortization In Income Statement": 3615000.0,
        "Selling General And Administration": 7104000.0,
        "Gross Profit": 14421000.0,
        "Cost Of Revenue": 39115000.0,
        "Total Revenue": 53536000.0,
        "Operating Revenue": 53536000.0
    },
    "2024-09-30": {
        "Tax Effect Of Unusual Items": -824.185398,
        "Tax Rate For Calcs": 0.003746,
        "Normalized EBITDA": -6286000.0,
        "Total Unusual Items": -220000.0,
        "Total Unusual Items Excluding Goodwill": -220000.0,
        "Net Income From Continuing Operation Net Minority Interest": -11435000.0,
        "Reconciled Depreciation": 4972000.0,
        "Reconciled Cost Of Revenue": 39196000.0,
        "EBITDA": -6506000.0,
        "EBIT": -11478000.0,
        "Net Interest Income": 663000.0,
        "Interest Expense": 0.0,
        "Interest Income": 663000.0,
        "Normalized Income": -11215824.185398,
        "Net Income From Continuing And Discontinued Operation": -11435000.0,
        "Total Expenses": 61877000.0,
        "Total Operating Income As Reported": -12091000.0,
        "Diluted Average Shares": 59268000.0,
        "Basic Average Shares": 59268000.0,
        "Diluted EPS": -0.19,
        "Basic EPS": -0.19,
        "Diluted NI Availto Com Stockholders": -11435000.0,
        "Net Income Common Stockholders": -11435000.0,
        "Net Income": -11435000.0,
        "Net Income Including Noncontrolling Interests": -11435000.0,
        "Net Income Continuous Operations": -11435000.0,
        "Tax Provision": -43000.0,
        "Pretax Income": -11478000.0,
        "Other Income Expense": -270000.0,
        "Other Non Operating Income Expenses": -50000.0,
        "Special Income Charges": -220000.0,
        "Write Off": 220000.0,
        "Impairment Of Capital Assets": NaN,
        "Net Non Operating Interest Income Expense": 663000.0,
        "Interest Expense Non Operating": 0.0,
        "Interest Income Non Operating": 663000.0,
        "Operating Income": -11871000.0,
        "Operating Expense": 22681000.0,
        "Other Operating Expenses": 10032000.0,
        "Provision For Doubtful Accounts": 272000.0,
        "Depreciation Amortization Depletion Income Statement": 4972000.0,
        "Depreciation And Amortization In Income Statement": 4972000.0,
        "Selling General And Administration": 7405000.0,
        "Gross Profit": 10810000.0,
        "Cost Of Revenue": 39196000.0,
        "Total Revenue": 50006000.0,
        "Operating Revenue": 50006000.0
    }
}