{
    "2023-06-30": {
        "Tax Effect Of Unusual Items": -301935483.870968,
        "Tax Rate For Calcs": 0.299539,
        "Total Unusual Items": -1008000000.0,
        "Total Unusual Items Excluding Goodwill": -1008000000.0,
        "Net Income From Continuing Operation Net Minority Interest": 1216000000.0,
        "Reconciled Depreciation": 1594000000.0,
        "Net Interest Income": 1684000000.0,
        "Interest Expense": 15152000000.0,
        "Interest Income": 16836000000.0,
        "Normalized Income": 1922064516.129032,
        "Net Income From Continuing And Discontinued Operation": 1216000000.0,
        "Diluted Average Shares": 347200000.0,
        "Basic Average Shares": 342300000.0,
        "Diluted EPS": 3.08,
        "Basic EPS": 3.09,
        "Diluted NI Availto Com Stockholders": 1071000000.0,
        "Net Income Common Stockholders": 1071000000.0,
        "Preferred Stock Dividends": 145000000.0,
        "Net Income": 1216000000.0,
        "Net Income Including Noncontrolling Interests": 1216000000.0,
        "Net Income Continuous Operations": 1216000000.0,
        "Tax Provision": 520000000.0,
        "Pretax Income": 1736000000.0,
        "Special Income Charges": -1008000000.0,
        "Other Special Charges": 19000000.0,
        "Write Off": NaN,
        "Impairment Of Capital Assets": 989000000.0,
        "Gain On Sale Of Security": 0.0,
        "Depreciation Amortization Depletion Income Statement": 605000000.0,
        "Depreciation And Amortization In Income Statement": 605000000.0,
        "Selling General And Administration": 3765000000.0,
        "Selling And Marketing Expense": 146000000.0,
        "General And Administrative Expense": 3619000000.0,
        "Salaries And Wages": 3619000000.0,
        "Total Revenue": 10895000000.0,
        "Operating Revenue": 10895000000.0,
        "Occupancy And Equipment": 253000000.0,
        "Professional Expense And Contract Services Expense": 392000000.0,
        "Other Non Interest Expense": 2521000000.0
    },
    "2023-03-31": {
        "Tax Effect Of Unusual Items": NaN,
        "Tax Rate For Calcs": NaN,
        "Total Unusual Items": NaN,
        "Total Unusual Items Excluding Goodwill": NaN,
        "Net Income From Continuing Operation Net Minority Interest": NaN,
        "Reconciled Depreciation": NaN,
        "Net Interest Income": NaN,
        "Interest Expense": NaN,
        "Interest Income": NaN,
        "Normalized Income": NaN,
        "Net Income From Continuing And Discontinued Operation": NaN,
        "Diluted Average Shares": NaN,
        "Basic Average Shares": NaN,
        "Diluted EPS": NaN,
        "Basic EPS": NaN,
        "Diluted NI Availto Com Stockholders": NaN,
        "Net Income Common Stockholders": NaN,
        "Preferred Stock Dividends": NaN,
        "Net Income": NaN,
        "Net Income Including Noncontrolling Interests": NaN,
        "Net Income Continuous Operations": NaN,
        "Tax Provision": NaN,
        "Pretax Income": NaN,
        "Special Income Charges": NaN,
        "Other Special Charges": NaN,
        "Write Off": 355000000.0,
        "Impairment Of Capital Assets": NaN,
        "Gain On Sale Of Security": NaN,
        "Depreciation Amortization Depletion Income Statement": NaN,
        "Depreciation And Amortization In Income Statement": NaN,
        "Selling General And Administration": NaN,
        "Selling And Marketing Expense": NaN,
        "General And Administrative Expense": NaN,
        "Salaries And Wages": NaN,
        "Total Revenue": NaN,
        "Operating Revenue": NaN,
        "Occupancy And Equipment": NaN,
        "Professional Expense And Contract Services Expense": NaN,
        "Other Non Interest Expense": NaN
    },
    "2022-12-31": {
        "Tax Effect Of Unusual Items": -47066666.666667,
        "Tax Rate For Calcs": 0.133333,
        "Total Unusual Items": -353000000.0,
        "Total Unusual Items Excluding Goodwill": -353000000.0,
        "Net Income From Continuing Operation Net Minority Interest": 1326000000.0,
        "Reconciled Depreciation": 727000000.0,
        "Net Interest Income": 2074000000.0,
        "Interest Expense": 10337000000.0,
        "Interest Income": 12411000000.0,
        "Normalized Income": 1631933333.333333,
        "Net Income From Continuing And Discontinued Operation": 1326000000.0,
        "Diluted Average Shares": 356700000.0,
        "Basic Average Shares": 349500000.0,
        "Diluted EPS": 3.32,
        "Basic EPS": 3.35,
        "Diluted NI Availto Com Stockholders": 1185000000.0,
        "Net Income Common Stockholders": 1185000000.0,
        "Preferred Stock Dividends": 141000000.0,
        "Net Income": 1326000000.0,
        "Net Income Including Noncontrolling Interests": 1326000000.0,
        "Net Income Continuous Operations": 1326000000.0,
        "Tax Provision": 204000000.0,
        "Pretax Income": 1530000000.0,
        "Special Income Charges": -353000000.0,
        "Other Special Charges": 169000000.0,
        "Write Off": NaN,
        "Impairment Of Capital Assets": 184000000.0,
        "Gain On Sale Of Security": 0.0,
        "Depreciation Amortization Depletion Income Statement": 727000000.0,
        "Depreciation And Amortization In Income Statement": 727000000.0,
        "Selling General And Administration": 3980000000.0,
        "Selling And Marketing Expense": 216000000.0,
        "General And Administrative Expense": 3764000000.0,
        "Salaries And Wages": 3764000000.0,
        "Total Revenue": 10593000000.0,
        "Operating Revenue": 10593000000.0
    },
    "2022-09-30": {
        "Tax Effect Of Unusual Items": -34935303.514377,
        "Tax Rate For Calcs": 0.182907,
        "Total Unusual Items": -191000000.0,
        "Total Unusual Items Excluding Goodwill": -191000000.0,
        "Net Income From Continuing Operation Net Minority Interest": 3069000000.0,
        "Reconciled Depreciation": 666000000.0,
        "Net Interest Income": 2043000000.0,
        "Interest Expense": 6507000000.0,
        "Interest Income": 8550000000.0,
        "Normalized Income": 3225064696.485623,
        "Net Income From Continuing And Discontinued Operation": 3069000000.0,
        "Diluted Average Shares": 359200000.0,
        "Basic Average Shares": 352800000.0,
        "Diluted EPS": 8.25,
        "Basic EPS": 8.35,
        "Diluted NI Availto Com Stockholders": 2962000000.0,
        "Net Income Common Stockholders": 2962000000.0,
        "Preferred Stock Dividends": 107000000.0,
        "Net Income": 3069000000.0,
        "Net Income Including Noncontrolling Interests": 3069000000.0,
        "Net Income Continuous Operations": 3069000000.0,
        "Tax Provision": 687000000.0,
        "Pretax Income": 3756000000.0,
        "Special Income Charges": -191000000.0,
        "Other Special Charges": 191000000.0,
        "Write Off": NaN,
        "Impairment Of Capital Assets": 106000000.0,
        "Gain On Sale Of Security": 0.0,
        "Depreciation Amortization Depletion Income Statement": 666000000.0,
        "Depreciation And Amortization In Income Statement": 666000000.0,
        "Selling General And Administration": 3805000000.0,
        "Selling And Marketing Expense": 199000000.0,
        "General And Administrative Expense": 3606000000.0,
        "Salaries And Wages": 3606000000.0,
        "Total Revenue": 11975000000.0,
        "Operating Revenue": 11975000000.0
    },
    "2022-06-30": {
        "Tax Effect Of Unusual Items": -15842832.957111,
        "Tax Rate For Calcs": 0.174097,
        "Total Unusual Items": -91000000.0,
        "Total Unusual Items Excluding Goodwill": -91000000.0,
        "Net Income From Continuing Operation Net Minority Interest": 2927000000.0,
        "Reconciled Depreciation": 570000000.0,
        "Net Interest Income": 1734000000.0,
        "Interest Expense": 3117000000.0,
        "Interest Income": 4851000000.0,
        "Normalized Income": 3002157167.042889,
        "Net Income From Continuing And Discontinued Operation": 2927000000.0,
        "Diluted Average Shares": 360500000.0,
        "Basic Average Shares": 355000000.0,
        "Diluted EPS": 7.73,
        "Basic EPS": 7.81,
        "Diluted NI Availto Com Stockholders": 2786000000.0,
        "Net Income Common Stockholders": 2786000000.0,
        "Preferred Stock Dividends": 141000000.0,
        "Net Income": 2927000000.0,
        "Net Income Including Noncontrolling Interests": 2927000000.0,
        "Net Income Continuous Operations": 2927000000.0,
        "Tax Provision": 617000000.0,
        "Pretax Income": 3544000000.0,
        "Special Income Charges": -91000000.0,
        "Other Special Charges": 91000000.0,
        "Write Off": NaN,
        "Impairment Of Capital Assets": NaN,
        "Gain On Sale Of Security": 0.0,
        "Depreciation Amortization Depletion Income Statement": 570000000.0,
        "Depreciation And Amortization In Income Statement": 570000000.0,
        "Selling General And Administration": 3930000000.0,
        "Selling And Marketing Expense": 235000000.0,
        "General And Administrative Expense": 3695000000.0,
        "Salaries And Wages": 3695000000.0,
        "Total Revenue": 11864000000.0,
        "Operating Revenue": 11864000000.0
    },
    "2023-09-30": {
        "Tax Effect Of Unusual Items": -242881712.626996,
        "Tax Rate For Calcs": 0.253266,
        "Total Unusual Items": -959000000.0,
        "Total Unusual Items Excluding Goodwill": -959000000.0,
        "Net Income From Continuing Operation Net Minority Interest": 2058000000.0,
        "Reconciled Depreciation": 1512000000.0,
        "Net Interest Income": 1547000000.0,
        "Interest Expense": 16710000000.0,
        "Interest Income": 18257000000.0,
        "Normalized Income": 2774118287.373004,
        "Net Income From Continuing And Discontinued Operation": 2058000000.0,
        "Diluted Average Shares": 343900000.0,
        "Basic Average Shares": 338700000.0,
        "Diluted EPS": 5.47,
        "Basic EPS": 5.52,
        "Diluted NI Availto Com Stockholders": 1882000000.0,
        "Net Income Common Stockholders": 1882000000.0,
        "Preferred Stock Dividends": 176000000.0,
        "Net Income": 2058000000.0,
        "Net Income Including Noncontrolling Interests": 2058000000.0,
        "Net Income Continuous Operations": 2058000000.0,
        "Tax Provision": 698000000.0,
        "Pretax Income": 2756000000.0,
        "Special Income Charges": -959000000.0,
        "Other Special Charges": 15000000.0,
        "Impairment Of Capital Assets": 944000000.0,
        "Gain On Sale Of Security": 0.0,
        "Depreciation Amortization Depletion Income Statement": 648000000.0,
        "Depreciation And Amortization In Income Statement": 648000000.0,
        "Selling General And Administration": 4324000000.0,
        "Selling And Marketing Expense": 136000000.0,
        "General And Administrative Expense": 4188000000.0,
        "Salaries And Wages": 4188000000.0,
        "Total Revenue": 11817000000.0,
        "Operating Revenue": 11817000000.0,
        "Occupancy And Equipment": 267000000.0,
        "Professional Expense And Contract Services Expense": 377000000.0,
        "Other Non Interest Expense": 2479000000.0
    },
    "2023-12-31": {
        "Tax Effect Of Unusual Items": 80326530.612245,
        "Tax Rate For Calcs": 0.109139,
        "Total Unusual Items": 736000000.0,
        "Total Unusual Items Excluding Goodwill": 736000000.0,
        "Net Income From Continuing Operation Net Minority Interest": 2008000000.0,
        "Reconciled Depreciation": 780000000.0,
        "Net Interest Income": 1339000000.0,
        "Interest Expense": 17145000000.0,
        "Interest Income": 18484000000.0,
        "Normalized Income": 1352326530.612245,
        "Net Income From Continuing And Discontinued Operation": 2008000000.0,
        "Diluted Average Shares": 340900000.0,
        "Basic Average Shares": 335700000.0,
        "Diluted EPS": 5.48,
        "Basic EPS": 5.52,
        "Diluted NI Availto Com Stockholders": 1867000000.0,
        "Net Income Common Stockholders": 1867000000.0,
        "Preferred Stock Dividends": 141000000.0,
        "Net Income": 2008000000.0,
        "Net Income Including Noncontrolling Interests": 2008000000.0,
        "Net Income Continuous Operations": 2008000000.0,
        "Tax Provision": 246000000.0,
        "Pretax Income": 2254000000.0,
        "Special Income Charges": 736000000.0,
        "Other Special Charges": 9000000.0,
        "Impairment Of Capital Assets": -745000000.0,
        "Gain On Sale Of Security": 0.0,
        "Depreciation Amortization Depletion Income Statement": 2990000000.0,
        "Depreciation And Amortization In Income Statement": 2990000000.0,
        "Selling General And Administration": 3777000000.0,
        "Selling And Marketing Expense": 175000000.0,
        "General And Administrative Expense": 3602000000.0,
        "Salaries And Wages": 3602000000.0,
        "Total Revenue": 11318000000.0,
        "Operating Revenue": 11318000000.0,
        "Occupancy And Equipment": 268000000.0,
        "Professional Expense And Contract Services Expense": 471000000.0,
        "Other Non Interest Expense": 1717000000.0
    },
    "2024-03-31": {
        "Tax Effect Of Unusual Items": -38191000.0,
        "Tax Rate For Calcs": 0.211,
        "Total Unusual Items": -181000000.0,
        "Total Unusual Items Excluding Goodwill": -181000000.0,
        "Net Income From Continuing Operation Net Minority Interest": 4132000000.0,
        "Reconciled Depreciation": 627000000.0,
        "Net Interest Income": 1608000000.0,
        "Interest Expense": 17947000000.0,
        "Interest Income": 19555000000.0,
        "Normalized Income": 4274809000.0,
        "Net Income From Continuing And Discontinued Operation": 4132000000.0,
        "Diluted Average Shares": 339500000.0,
        "Basic Average Shares": 335600000.0,
        "Diluted EPS": 11.58,
        "Basic EPS": 11.67,
        "Diluted NI Availto Com Stockholders": 3931000000.0,
        "Net Income Common Stockholders": 3931000000.0,
        "Preferred Stock Dividends": 201000000.0,
        "Net Income": 4132000000.0,
        "Net Income Including Noncontrolling Interests": 4132000000.0,
        "Net Income Continuous Operations": 4132000000.0,
        "Tax Provision": 1105000000.0,
        "Pretax Income": 5237000000.0,
        "Special Income Charges": -181000000.0,
        "Other Special Charges": 101000000.0,
        "Impairment Of Capital Assets": 80000000.0,
        "Gain On Sale Of Security": 0.0,
        "Depreciation Amortization Depletion Income Statement": 547000000.0,
        "Depreciation And Amortization In Income Statement": 547000000.0,
        "Selling General And Administration": 4738000000.0,
        "Selling And Marketing Expense": 153000000.0,
        "General And Administrative Expense": 4585000000.0,
        "Salaries And Wages": 4585000000.0,
        "Total Revenue": 14213000000.0,
        "Operating Revenue": 14213000000.0,
        "Occupancy And Equipment": 247000000.0,
        "Professional Expense And Contract Services Expense": 384000000.0,
        "Other Non Interest Expense": 2561000000.0
    },
    "2024-06-30": {
        "Tax Effect Of Unusual Items": -45255107.252298,
        "Tax Rate For Calcs": 0.222932,
        "Total Unusual Items": -203000000.0,
        "Total Unusual Items Excluding Goodwill": -203000000.0,
        "Net Income From Continuing Operation Net Minority Interest": 3043000000.0,
        "Reconciled Depreciation": 646000000.0,
        "Net Interest Income": 2242000000.0,
        "Interest Expense": 18198000000.0,
        "Interest Income": 20440000000.0,
        "Normalized Income": 3200744892.747702,
        "Net Income From Continuing And Discontinued Operation": 3043000000.0,
        "Diluted Average Shares": 335500000.0,
        "Basic Average Shares": 329800000.0,
        "Diluted EPS": 8.62,
        "Basic EPS": 8.73,
        "Diluted NI Availto Com Stockholders": 2891000000.0,
        "Net Income Common Stockholders": 2891000000.0,
        "Preferred Stock Dividends": 152000000.0,
        "Net Income": 3043000000.0,
        "Net Income Including Noncontrolling Interests": 3043000000.0,
        "Net Income Continuous Operations": 3043000000.0,
        "Tax Provision": 873000000.0,
        "Pretax Income": 3916000000.0,
        "Special Income Charges": -203000000.0,
        "Other Special Charges": 104000000.0,
        "Impairment Of Capital Assets": 99000000.0,
        "Gain On Sale Of Security": 0.0,
        "Depreciation Amortization Depletion Income Statement": 547000000.0,
        "Depreciation And Amortization In Income Statement": 547000000.0,
        "Selling General And Administration": 4393000000.0,
        "Selling And Marketing Expense": 153000000.0,
        "General And Administrative Expense": 4240000000.0,
        "Salaries And Wages": 4240000000.0,
        "Total Revenue": 12731000000.0,
        "Operating Revenue": 12731000000.0,
        "Occupancy And Equipment": 244000000.0,
        "Professional Expense And Contract Services Expense": 393000000.0,
        "Other Non Interest Expense": 2753000000.0
    },
    "2024-09-30": {
        "Tax Effect Of Unusual Items": -24006019.563582,
        "Tax Rate For Calcs": 0.250063,
        "Total Unusual Items": -96000000.0,
        "Total Unusual Items Excluding Goodwill": -96000000.0,
        "Net Income From Continuing Operation Net Minority Interest": 2990000000.0,
        "Reconciled Depreciation": 621000000.0,
        "Net Interest Income": 2623000000.0,
        "Interest Expense": 18825000000.0,
        "Interest Income": 21448000000.0,
        "Normalized Income": 3061993980.436418,
        "Net Income From Continuing And Discontinued Operation": 2990000000.0,
        "Diluted Average Shares": 330800000.0,
        "Basic Average Shares": 324800000.0,
        "Diluted EPS": 8.4,
        "Basic EPS": 8.52,
        "Diluted NI Availto Com Stockholders": 2780000000.0,
        "Net Income Common Stockholders": 2780000000.0,
        "Preferred Stock Dividends": 210000000.0,
        "Net Income": 2990000000.0,
        "Net Income Including Noncontrolling Interests": 2990000000.0,
        "Net Income Continuous Operations": 2990000000.0,
        "Tax Provision": 997000000.0,
        "Pretax Income": 3987000000.0,
        "Special Income Charges": -96000000.0,
        "Other Special Charges": 24000000.0,
        "Impairment Of Capital Assets": 72000000.0,
        "Gain On Sale Of Security": 0.0,
        "Depreciation Amortization Depletion Income Statement": 549000000.0,
        "Depreciation And Amortization In Income Statement": 549000000.0,
        "Selling General And Administration": 4281000000.0,
        "Selling And Marketing Expense": 159000000.0,
        "General And Administrative Expense": 4122000000.0,
        "Salaries And Wages": 4122000000.0,
        "Total Revenue": 12699000000.0,
        "Operating Revenue": 12699000000.0,
        "Occupancy And Equipment": 242000000.0,
        "Professional Expense And Contract Services Expense": 400000000.0,
        "Other Non Interest Expense": 2747000000.0
    }
}