{
    "2023-06-30": {
        "Tax Effect Of Unusual Items": 0.0,
        "Tax Rate For Calcs": 0.197,
        "Net Income From Continuing Operation Net Minority Interest": 18320000.0,
        "Reconciled Depreciation": 58000.0,
        "Net Interest Income": 48138000.0,
        "Interest Expense": 25480000.0,
        "Interest Income": 73618000.0,
        "Normalized Income": 18320000.0,
        "Net Income From Continuing And Discontinued Operation": 18320000.0,
        "Diluted Average Shares": 12069000.0,
        "Basic Average Shares": 12032000.0,
        "Diluted EPS": 1.52,
        "Basic EPS": 1.52,
        "Diluted NI Availto Com Stockholders": 18320000.0,
        "Net Income Common Stockholders": 18320000.0,
        "Net Income": 18320000.0,
        "Net Income Including Noncontrolling Interests": 18320000.0,
        "Net Income Continuous Operations": 18320000.0,
        "Tax Provision": 4488000.0,
        "Pretax Income": 22808000.0,
        "Gain On Sale Of Security": 2000.0,
        "Depreciation Amortization Depletion Income Statement": 58000.0,
        "Depreciation And Amortization In Income Statement": 58000.0,
        "Amortization": 58000.0,
        "Amortization Of Intangibles Income Statement": 58000.0,
        "Selling General And Administration": 21591000.0,
        "Selling And Marketing Expense": 903000.0,
        "General And Administrative Expense": 20688000.0,
        "Insurance And Claims": 1010000.0,
        "Salaries And Wages": 19678000.0,
        "Total Revenue": 55907000.0,
        "Operating Revenue": 55907000.0
    },
    "2023-03-31": {
        "Tax Effect Of Unusual Items": 0.0,
        "Tax Rate For Calcs": 0.212,
        "Net Income From Continuing Operation Net Minority Interest": 20456000.0,
        "Reconciled Depreciation": 111000.0,
        "Net Interest Income": 53192000.0,
        "Interest Expense": 18271000.0,
        "Interest Income": 71463000.0,
        "Normalized Income": 20456000.0,
        "Net Income From Continuing And Discontinued Operation": 20456000.0,
        "Diluted Average Shares": 12271000.0,
        "Basic Average Shares": 12201000.0,
        "Diluted EPS": 1.67,
        "Basic EPS": 1.68,
        "Diluted NI Availto Com Stockholders": 20456000.0,
        "Net Income Common Stockholders": 20456000.0,
        "Net Income": 20456000.0,
        "Net Income Including Noncontrolling Interests": 20456000.0,
        "Net Income Continuous Operations": 20456000.0,
        "Tax Provision": 5488000.0,
        "Pretax Income": 25944000.0,
        "Gain On Sale Of Security": -291000.0,
        "Depreciation Amortization Depletion Income Statement": 111000.0,
        "Depreciation And Amortization In Income Statement": 111000.0,
        "Amortization": 111000.0,
        "Amortization Of Intangibles Income Statement": 111000.0,
        "Selling General And Administration": 20717000.0,
        "Selling And Marketing Expense": 647000.0,
        "General And Administrative Expense": 20070000.0,
        "Insurance And Claims": 867000.0,
        "Salaries And Wages": 19203000.0,
        "Total Revenue": 61081000.0,
        "Operating Revenue": 61081000.0
    },
    "2022-12-31": {
        "Tax Effect Of Unusual Items": 0.0,
        "Tax Rate For Calcs": 0.166,
        "Net Income From Continuing Operation Net Minority Interest": 22604000.0,
        "Reconciled Depreciation": 216000.0,
        "Net Interest Income": 54619000.0,
        "Interest Expense": 13330000.0,
        "Interest Income": 67949000.0,
        "Normalized Income": 22604000.0,
        "Net Income From Continuing And Discontinued Operation": 22604000.0,
        "Diluted Average Shares": 12284783.0,
        "Basic Average Shares": 12218378.0,
        "Diluted EPS": 1.84,
        "Basic EPS": 1.85,
        "Diluted NI Availto Com Stockholders": 22604000.0,
        "Net Income Common Stockholders": 22604000.0,
        "Net Income": 22604000.0,
        "Net Income Including Noncontrolling Interests": 22604000.0,
        "Net Income Continuous Operations": 22604000.0,
        "Tax Provision": 4499000.0,
        "Pretax Income": 27103000.0,
        "Gain On Sale Of Security": -232000.0,
        "Depreciation Amortization Depletion Income Statement": 216000.0,
        "Depreciation And Amortization In Income Statement": 216000.0,
        "Amortization": 216000.0,
        "Amortization Of Intangibles Income Statement": 216000.0,
        "Selling General And Administration": 20504000.0,
        "Selling And Marketing Expense": 878000.0,
        "General And Administrative Expense": 19626000.0,
        "Insurance And Claims": 814000.0,
        "Salaries And Wages": 18812000.0,
        "Total Revenue": 62280000.0,
        "Operating Revenue": 62280000.0
    },
    "2022-09-30": {
        "Tax Effect Of Unusual Items": 0.0,
        "Tax Rate For Calcs": 0.205,
        "Net Income From Continuing Operation Net Minority Interest": 18133000.0,
        "Reconciled Depreciation": 216000.0,
        "Net Interest Income": 52898000.0,
        "Interest Expense": 6759000.0,
        "Interest Income": 59657000.0,
        "Normalized Income": 18133000.0,
        "Net Income From Continuing And Discontinued Operation": 18133000.0,
        "Diluted Average Shares": 12304000.0,
        "Basic Average Shares": 12304000.0,
        "Diluted EPS": 1.46,
        "Basic EPS": 1.47,
        "Diluted NI Availto Com Stockholders": 18133000.0,
        "Net Income Common Stockholders": 18133000.0,
        "Net Income": 18133000.0,
        "Net Income Including Noncontrolling Interests": 18133000.0,
        "Net Income Continuous Operations": 18133000.0,
        "Tax Provision": 4676000.0,
        "Pretax Income": 22809000.0,
        "Gain On Sale Of Security": 119000.0,
        "Depreciation Amortization Depletion Income Statement": 216000.0,
        "Depreciation And Amortization In Income Statement": 216000.0,
        "Amortization": 216000.0,
        "Amortization Of Intangibles Income Statement": 216000.0,
        "Selling General And Administration": 22660000.0,
        "Selling And Marketing Expense": 953000.0,
        "General And Administrative Expense": 21707000.0,
        "Other Gand A": 1928000.0,
        "Insurance And Claims": 803000.0,
        "Salaries And Wages": 18976000.0,
        "Total Revenue": 60882000.0,
        "Operating Revenue": 60882000.0
    },
    "2022-06-30": {
        "Tax Effect Of Unusual Items": 0.0,
        "Tax Rate For Calcs": 0.205,
        "Net Income From Continuing Operation Net Minority Interest": 18224000.0,
        "Reconciled Depreciation": 177000.0,
        "Net Interest Income": 48831000.0,
        "Interest Expense": 3867000.0,
        "Interest Income": 52698000.0,
        "Normalized Income": 18224000.0,
        "Net Income From Continuing And Discontinued Operation": 18224000.0,
        "Diluted Average Shares": 12683000.0,
        "Basic Average Shares": 12581000.0,
        "Diluted EPS": 1.44,
        "Basic EPS": 1.45,
        "Diluted NI Availto Com Stockholders": 18224000.0,
        "Net Income Common Stockholders": 18224000.0,
        "Net Income": 18224000.0,
        "Net Income Including Noncontrolling Interests": 18224000.0,
        "Net Income Continuous Operations": 18224000.0,
        "Tax Provision": 4699000.0,
        "Pretax Income": 22923000.0,
        "Gain On Sale Of Security": 145000.0,
        "Depreciation Amortization Depletion Income Statement": 177000.0,
        "Depreciation And Amortization In Income Statement": 177000.0,
        "Amortization": 177000.0,
        "Amortization Of Intangibles Income Statement": 177000.0,
        "Selling General And Administration": 22978000.0,
        "Selling And Marketing Expense": 875000.0,
        "General And Administrative Expense": 22103000.0,
        "Other Gand A": 1884000.0,
        "Insurance And Claims": 787000.0,
        "Salaries And Wages": 19432000.0,
        "Total Revenue": 58150000.0,
        "Operating Revenue": 58150000.0
    },
    "2022-03-31": {
        "Diluted EPS": 1.3,
        "Total Revenue": 56,
        "Gross Profit": 52,
        "Operating Income": 21,
        "EBIT": NaN,
        "Net Income": 17
    },
    "2021-12-31": {
        "Diluted EPS": 1.15,
        "Total Revenue": 57,
        "Gross Profit": 53,
        "Operating Income": 19,
        "EBIT": NaN,
        "Net Income": 15
    },
    "2021-09-30": {
        "Diluted EPS": 1.49,
        "Total Revenue": 59,
        "Gross Profit": 55,
        "Operating Income": 26,
        "EBIT": NaN,
        "Net Income": 20
    },
    "2021-06-30": {
        "Diluted EPS": 1.46,
        "Total Revenue": 60,
        "Gross Profit": 54,
        "Operating Income": 25,
        "EBIT": NaN,
        "Net Income": 20
    },
    "2021-03-31": {
        "Diluted EPS": 1.36,
        "Total Revenue": 60,
        "Gross Profit": 54,
        "Operating Income": 24,
        "EBIT": NaN,
        "Net Income": 19
    },
    "2020-12-31": {
        "Diluted EPS": 1.28,
        "Total Revenue": 63,
        "Gross Profit": 55,
        "Operating Income": 22,
        "EBIT": NaN,
        "Net Income": 18
    },
    "2020-09-30": {
        "Diluted EPS": 0.96,
        "Total Revenue": 63,
        "Gross Profit": 54,
        "Operating Income": 17,
        "EBIT": NaN,
        "Net Income": 13
    },
    "2020-06-30": {
        "Diluted EPS": 0.93,
        "Total Revenue": 62,
        "Gross Profit": 52,
        "Operating Income": 16,
        "EBIT": NaN,
        "Net Income": 13
    },
    "2020-03-31": {
        "Diluted EPS": 1.04,
        "Total Revenue": 65,
        "Gross Profit": 52,
        "Operating Income": 18,
        "EBIT": NaN,
        "Net Income": 15
    },
    "2019-12-31": {
        "Diluted EPS": 1.25,
        "Total Revenue": 66,
        "Gross Profit": 53,
        "Operating Income": 22,
        "EBIT": NaN,
        "Net Income": 18
    },
    "2019-09-30": {
        "Diluted EPS": 1.38,
        "Total Revenue": 69,
        "Gross Profit": 55,
        "Operating Income": 24,
        "EBIT": NaN,
        "Net Income": 20
    },
    "2019-06-30": {
        "Diluted EPS": 1.28,
        "Total Revenue": 66,
        "Gross Profit": 52,
        "Operating Income": 22,
        "EBIT": NaN,
        "Net Income": 18
    },
    "2019-03-31": {
        "Diluted EPS": 1.23,
        "Total Revenue": 65,
        "Gross Profit": 52,
        "Operating Income": 22,
        "EBIT": NaN,
        "Net Income": 18
    },
    "2018-12-31": {
        "Diluted EPS": 1.22,
        "Total Revenue": 63,
        "Gross Profit": 52,
        "Operating Income": 21,
        "EBIT": NaN,
        "Net Income": 17
    },
    "2018-09-30": {
        "Diluted EPS": 1.57,
        "Total Revenue": 68,
        "Gross Profit": 58,
        "Operating Income": 28,
        "EBIT": NaN,
        "Net Income": 23
    },
    "2018-06-30": {
        "Diluted EPS": 0.97,
        "Total Revenue": 57,
        "Gross Profit": 49,
        "Operating Income": 17,
        "EBIT": NaN,
        "Net Income": 14
    },
    "2018-03-31": {
        "Diluted EPS": 0.95,
        "Total Revenue": 54,
        "Gross Profit": 46,
        "Operating Income": 16,
        "EBIT": NaN,
        "Net Income": 13
    },
    "2017-12-31": {
        "Diluted EPS": 0.87,
        "Total Revenue": 54,
        "Gross Profit": 47,
        "Operating Income": 15,
        "EBIT": NaN,
        "Net Income": 12
    },
    "2017-09-30": {
        "Diluted EPS": 0.82,
        "Total Revenue": 54,
        "Gross Profit": 47,
        "Operating Income": 16,
        "EBIT": NaN,
        "Net Income": 12
    },
    "2017-06-30": {
        "Diluted EPS": 1.14,
        "Total Revenue": 61,
        "Gross Profit": 54,
        "Operating Income": 23,
        "EBIT": NaN,
        "Net Income": 16
    },
    "2017-03-31": {
        "Diluted EPS": 0.81,
        "Total Revenue": 53,
        "Gross Profit": 46,
        "Operating Income": 16,
        "EBIT": NaN,
        "Net Income": 12
    },
    "2016-12-31": {
        "Diluted EPS": 0.82,
        "Total Revenue": 54,
        "Gross Profit": 48,
        "Operating Income": 16,
        "EBIT": NaN,
        "Net Income": 12
    },
    "2016-09-30": {
        "Diluted EPS": 0.8,
        "Total Revenue": 54,
        "Gross Profit": 48,
        "Operating Income": 15,
        "EBIT": NaN,
        "Net Income": 11
    },
    "2016-06-30": {
        "Diluted EPS": 0.89,
        "Total Revenue": 55,
        "Gross Profit": 50,
        "Operating Income": 17,
        "EBIT": NaN,
        "Net Income": 13
    },
    "2016-03-31": {
        "Diluted EPS": 0.7,
        "Total Revenue": 51,
        "Gross Profit": 46,
        "Operating Income": 13,
        "EBIT": NaN,
        "Net Income": 10
    },
    "2015-12-31": {
        "Diluted EPS": 0.81,
        "Total Revenue": 50,
        "Gross Profit": 46,
        "Operating Income": 15,
        "EBIT": NaN,
        "Net Income": 12
    },
    "2015-09-30": {
        "Diluted EPS": 0.79,
        "Total Revenue": 51,
        "Gross Profit": 47,
        "Operating Income": 15,
        "EBIT": NaN,
        "Net Income": 11
    },
    "2015-06-30": {
        "Diluted EPS": 0.85,
        "Total Revenue": 49,
        "Gross Profit": 45,
        "Operating Income": 16,
        "EBIT": NaN,
        "Net Income": 12
    },
    "2015-03-31": {
        "Diluted EPS": 0.83,
        "Total Revenue": 48,
        "Gross Profit": 44,
        "Operating Income": 16,
        "EBIT": NaN,
        "Net Income": 12
    },
    "2014-12-31": {
        "Diluted EPS": 0.85,
        "Total Revenue": 50,
        "Gross Profit": 47,
        "Operating Income": 17,
        "EBIT": NaN,
        "Net Income": 12
    },
    "2014-09-30": {
        "Diluted EPS": 0.83,
        "Total Revenue": 49,
        "Gross Profit": 46,
        "Operating Income": 16,
        "EBIT": NaN,
        "Net Income": 11
    },
    "2014-06-30": {
        "Diluted EPS": 0.79,
        "Total Revenue": 55,
        "Gross Profit": 51,
        "Operating Income": 15,
        "EBIT": NaN,
        "Net Income": 11
    },
    "2014-03-31": {
        "Diluted EPS": 0.63,
        "Total Revenue": 43,
        "Gross Profit": 39,
        "Operating Income": 11,
        "EBIT": NaN,
        "Net Income": 9
    },
    "2013-12-31": {
        "Diluted EPS": 0.62,
        "Total Revenue": 44,
        "Gross Profit": 40,
        "Operating Income": 10,
        "EBIT": NaN,
        "Net Income": 9
    },
    "2013-09-30": {
        "Diluted EPS": 0.61,
        "Total Revenue": 44,
        "Gross Profit": 39,
        "Operating Income": 11,
        "EBIT": NaN,
        "Net Income": 8
    },
    "2013-06-30": {
        "Diluted EPS": 0.59,
        "Total Revenue": 46,
        "Gross Profit": 41,
        "Operating Income": 10,
        "EBIT": NaN,
        "Net Income": 8
    },
    "2013-03-31": {
        "Diluted EPS": 0.6,
        "Total Revenue": 50,
        "Gross Profit": 45,
        "Operating Income": 11,
        "EBIT": NaN,
        "Net Income": 8
    },
    "2012-12-31": {
        "Diluted EPS": 0.91,
        "Total Revenue": 52,
        "Gross Profit": 47,
        "Operating Income": 13,
        "EBIT": NaN,
        "Net Income": 12
    },
    "2012-09-30": {
        "Diluted EPS": 0.51,
        "Total Revenue": 52,
        "Gross Profit": 45,
        "Operating Income": 8,
        "EBIT": NaN,
        "Net Income": 7
    },
    "2012-06-30": {
        "Diluted EPS": 1.58,
        "Total Revenue": 84,
        "Gross Profit": 76,
        "Operating Income": 31,
        "EBIT": NaN,
        "Net Income": 22
    },
    "2012-03-31": {
        "Diluted EPS": 0.54,
        "Total Revenue": 51,
        "Gross Profit": 43,
        "Operating Income": 8,
        "EBIT": NaN,
        "Net Income": 7
    },
    "2011-12-31": {
        "Diluted EPS": 0.87,
        "Total Revenue": 60,
        "Gross Profit": 51,
        "Operating Income": 11,
        "EBIT": NaN,
        "Net Income": 12
    },
    "2011-09-30": {
        "Diluted EPS": 0.33,
        "Total Revenue": 49,
        "Gross Profit": 40,
        "Operating Income": 9,
        "EBIT": NaN,
        "Net Income": 4
    },
    "2011-06-30": {
        "Diluted EPS": 0.37,
        "Total Revenue": 47,
        "Gross Profit": 38,
        "Operating Income": 8,
        "EBIT": NaN,
        "Net Income": 5
    },
    "2011-03-31": {
        "Diluted EPS": 0.36,
        "Total Revenue": 47,
        "Gross Profit": 38,
        "Operating Income": 8,
        "EBIT": NaN,
        "Net Income": 5
    },
    "2010-12-31": {
        "Diluted EPS": 0.39,
        "Total Revenue": 41,
        "Gross Profit": 30,
        "Operating Income": 6,
        "EBIT": NaN,
        "Net Income": 5
    },
    "2010-09-30": {
        "Diluted EPS": 0.38,
        "Total Revenue": 54,
        "Gross Profit": 42,
        "Operating Income": 9,
        "EBIT": NaN,
        "Net Income": 5
    },
    "2010-06-30": {
        "Diluted EPS": 0.35,
        "Total Revenue": 54,
        "Gross Profit": 41,
        "Operating Income": 8,
        "EBIT": NaN,
        "Net Income": 5
    },
    "2010-03-31": {
        "Diluted EPS": 0.34,
        "Total Revenue": 49,
        "Gross Profit": 36,
        "Operating Income": 8,
        "EBIT": NaN,
        "Net Income": 5
    },
    "2009-12-31": {
        "Diluted EPS": 0.27,
        "Total Revenue": 51,
        "Gross Profit": 36,
        "Operating Income": 7,
        "EBIT": NaN,
        "Net Income": 4
    },
    "2009-09-30": {
        "Diluted EPS": 1.9,
        "Total Revenue": 96,
        "Gross Profit": 81,
        "Operating Income": 41,
        "EBIT": NaN,
        "Net Income": 27
    },
    "2009-06-30": {
        "Diluted EPS": 0.17,
        "Total Revenue": 49,
        "Gross Profit": 31,
        "Operating Income": 4,
        "EBIT": NaN,
        "Net Income": 2
    },
    "2009-03-31": {
        "Diluted EPS": 2.1,
        "Total Revenue": 82,
        "Gross Profit": 65,
        "Operating Income": 45,
        "EBIT": NaN,
        "Net Income": 28
    },
    "2023-09-30": {
        "Tax Effect Of Unusual Items": 0.0,
        "Tax Rate For Calcs": 0.215,
        "Net Income From Continuing Operation Net Minority Interest": 15879000.0,
        "Reconciled Depreciation": 59000.0,
        "Net Interest Income": 46738000.0,
        "Interest Expense": 28534000.0,
        "Interest Income": 75272000.0,
        "Normalized Income": 15879000.0,
        "Net Income From Continuing And Discontinued Operation": 15879000.0,
        "Diluted Average Shares": 11939098.0,
        "Basic Average Shares": 11939098.0,
        "Diluted EPS": 1.33,
        "Basic EPS": 1.33,
        "Diluted NI Availto Com Stockholders": 15879000.0,
        "Net Income Common Stockholders": 15879000.0,
        "Net Income": 15879000.0,
        "Net Income Including Noncontrolling Interests": 15879000.0,
        "Net Income Continuous Operations": 15879000.0,
        "Tax Provision": 4349000.0,
        "Pretax Income": 20228000.0,
        "Gain On Sale Of Security": 55000.0,
        "Depreciation Amortization Depletion Income Statement": 59000.0,
        "Depreciation And Amortization In Income Statement": 59000.0,
        "Amortization": 59000.0,
        "Amortization Of Intangibles Income Statement": 59000.0,
        "Selling General And Administration": 21924000.0,
        "Selling And Marketing Expense": 950000.0,
        "General And Administrative Expense": 20974000.0,
        "Insurance And Claims": 1301000.0,
        "Salaries And Wages": 19673000.0,
        "Total Revenue": 54590000.0,
        "Operating Revenue": 54590000.0
    }
}