{
    "2023-06-30": {
        "Tax Effect Of Unusual Items": NaN,
        "Tax Rate For Calcs": NaN,
        "Net Income From Continuing Operation Net Minority Interest": NaN,
        "Reconciled Depreciation": NaN,
        "EBIT": NaN,
        "Net Interest Income": NaN,
        "Interest Expense": NaN,
        "Interest Income": NaN,
        "Normalized Income": NaN,
        "Net Income From Continuing And Discontinued Operation": NaN,
        "Total Expenses": NaN,
        "Diluted Average Shares": NaN,
        "Basic Average Shares": NaN,
        "Diluted EPS": NaN,
        "Basic EPS": NaN,
        "Diluted NI Availto Com Stockholders": NaN,
        "Average Dilution Earnings": 3514000.0,
        "Net Income Common Stockholders": NaN,
        "Net Income": NaN,
        "Minority Interests": NaN,
        "Net Income Including Noncontrolling Interests": NaN,
        "Net Income Continuous Operations": NaN,
        "Tax Provision": NaN,
        "Pretax Income": NaN,
        "Other Income Expense": NaN,
        "Net Non Operating Interest Income Expense": NaN,
        "Interest Expense Non Operating": NaN,
        "Other Operating Expenses": NaN,
        "Depreciation And Amortization In Income Statement": NaN,
        "Selling General And Administration": NaN,
        "General And Administrative Expense": NaN,
        "Other Gand A": NaN,
        "Salaries And Wages": NaN,
        "Total Revenue": NaN,
        "Operating Revenue": NaN
    },
    "2023-03-31": {
        "Tax Effect Of Unusual Items": 0.0,
        "Tax Rate For Calcs": 0.31,
        "Net Income From Continuing Operation Net Minority Interest": -81000.0,
        "Reconciled Depreciation": 2150000.0,
        "EBIT": 1469000.0,
        "Net Interest Income": -1731000.0,
        "Interest Expense": 1731000.0,
        "Interest Income": 397000.0,
        "Normalized Income": -81000.0,
        "Net Income From Continuing And Discontinued Operation": -81000.0,
        "Total Expenses": 58217000.0,
        "Diluted Average Shares": 23206000.0,
        "Basic Average Shares": 23206000.0,
        "Diluted EPS": -0.00349,
        "Basic EPS": -0.00349,
        "Diluted NI Availto Com Stockholders": -81000.0,
        "Net Income Common Stockholders": -81000.0,
        "Net Income": -81000.0,
        "Minority Interests": 100000.0,
        "Net Income Including Noncontrolling Interests": -181000.0,
        "Net Income Continuous Operations": -181000.0,
        "Tax Provision": -81000.0,
        "Pretax Income": -262000.0,
        "Other Income Expense": 32074000.0,
        "Net Non Operating Interest Income Expense": -1731000.0,
        "Interest Expense Non Operating": 1731000.0,
        "Other Operating Expenses": 1655000.0,
        "Depreciation And Amortization In Income Statement": 2093000.0,
        "Selling General And Administration": 52738000.0,
        "General And Administrative Expense": 52738000.0,
        "Other Gand A": 15856000.0,
        "Salaries And Wages": 36882000.0,
        "Total Revenue": 57955000.0,
        "Operating Revenue": 57955000.0
    },
    "2022-12-31": {
        "Tax Effect Of Unusual Items": 0.0,
        "Tax Rate For Calcs": 0.21,
        "Net Income From Continuing Operation Net Minority Interest": 501000.0,
        "Reconciled Depreciation": 1897000.0,
        "EBIT": 6775000.0,
        "Net Interest Income": -1588000.0,
        "Interest Expense": 1588000.0,
        "Interest Income": 391000.0,
        "Normalized Income": 501000.0,
        "Net Income From Continuing And Discontinued Operation": 501000.0,
        "Total Expenses": 52216000.0,
        "Diluted Average Shares": 23900000.0,
        "Basic Average Shares": 22373000.0,
        "Diluted EPS": 0.02,
        "Basic EPS": 0.02,
        "Diluted NI Availto Com Stockholders": 501000.0,
        "Net Income Common Stockholders": 501000.0,
        "Net Income": 501000.0,
        "Minority Interests": -2083000.0,
        "Net Income Including Noncontrolling Interests": 2584000.0,
        "Net Income Continuous Operations": 2584000.0,
        "Tax Provision": 2603000.0,
        "Pretax Income": 5187000.0,
        "Other Income Expense": 30423000.0,
        "Net Non Operating Interest Income Expense": -1588000.0,
        "Interest Expense Non Operating": 1588000.0,
        "Other Operating Expenses": 1436000.0,
        "Depreciation And Amortization In Income Statement": 1841000.0,
        "Selling General And Administration": 47351000.0,
        "General And Administrative Expense": 47351000.0,
        "Other Gand A": 13529000.0,
        "Salaries And Wages": 33822000.0,
        "Total Revenue": 57403000.0,
        "Operating Revenue": 57403000.0
    },
    "2022-09-30": {
        "Tax Effect Of Unusual Items": 0.0,
        "Tax Rate For Calcs": 0.21,
        "Net Income From Continuing Operation Net Minority Interest": 1979000.0,
        "Reconciled Depreciation": 1809000.0,
        "EBIT": 3788000.0,
        "Net Interest Income": -1414000.0,
        "Interest Expense": 1414000.0,
        "Interest Income": 363000.0,
        "Normalized Income": 1979000.0,
        "Net Income From Continuing And Discontinued Operation": 1979000.0,
        "Total Expenses": 55313000.0,
        "Diluted Average Shares": 21569000.0,
        "Basic Average Shares": 20892000.0,
        "Diluted EPS": 0.09,
        "Basic EPS": 0.09,
        "Diluted NI Availto Com Stockholders": 1979000.0,
        "Net Income Common Stockholders": 1979000.0,
        "Net Income": 1979000.0,
        "Minority Interests": -1061000.0,
        "Net Income Including Noncontrolling Interests": 3040000.0,
        "Net Income Continuous Operations": 3040000.0,
        "Tax Provision": -666000.0,
        "Pretax Income": 2374000.0,
        "Other Income Expense": 29922000.0,
        "Net Non Operating Interest Income Expense": -1414000.0,
        "Interest Expense Non Operating": 1414000.0,
        "Other Operating Expenses": 2306000.0,
        "Depreciation And Amortization In Income Statement": 1809000.0,
        "Selling General And Administration": 49784000.0,
        "General And Administrative Expense": 49784000.0,
        "Other Gand A": 13456000.0,
        "Salaries And Wages": 36328000.0,
        "Total Revenue": 57687000.0,
        "Operating Revenue": 57687000.0
    },
    "2022-06-30": {
        "Tax Effect Of Unusual Items": 0.0,
        "Tax Rate For Calcs": 0.4,
        "Net Income From Continuing Operation Net Minority Interest": 342000.0,
        "Reconciled Depreciation": 1658000.0,
        "EBIT": 5667000.0,
        "Net Interest Income": -1114000.0,
        "Interest Expense": 1114000.0,
        "Interest Income": 330000.0,
        "Normalized Income": 342000.0,
        "Net Income From Continuing And Discontinued Operation": 342000.0,
        "Total Expenses": 48469000.0,
        "Diluted Average Shares": 21245000.0,
        "Basic Average Shares": 20454000.0,
        "Diluted EPS": 0.02,
        "Basic EPS": 0.02,
        "Diluted NI Availto Com Stockholders": 342000.0,
        "Net Income Common Stockholders": 342000.0,
        "Net Income": 342000.0,
        "Minority Interests": -2047000.0,
        "Net Income Including Noncontrolling Interests": 2389000.0,
        "Net Income Continuous Operations": 2389000.0,
        "Tax Provision": 2164000.0,
        "Pretax Income": 4553000.0,
        "Other Income Expense": 26427000.0,
        "Net Non Operating Interest Income Expense": -1114000.0,
        "Interest Expense Non Operating": 1114000.0,
        "Other Operating Expenses": 1660000.0,
        "Depreciation And Amortization In Income Statement": 1658000.0,
        "Selling General And Administration": 44037000.0,
        "General And Administrative Expense": 44037000.0,
        "Other Gand A": 12378000.0,
        "Salaries And Wages": 31659000.0,
        "Total Revenue": 53022000.0,
        "Operating Revenue": 53022000.0
    },
    "2022-03-31": {
        "Diluted EPS": -0.11,
        "Total Revenue": 41,
        "Gross Profit": 41,
        "Operating Income": -6,
        "EBIT": -4,
        "Net Income": -2
    },
    "2021-12-31": {
        "Diluted EPS": 0.02,
        "Total Revenue": 40,
        "Gross Profit": 40,
        "Operating Income": 2,
        "EBIT": 4,
        "Net Income": 0
    },
    "2021-09-30": {
        "Diluted EPS": 0.19,
        "Total Revenue": 42,
        "Gross Profit": 42,
        "Operating Income": 4,
        "EBIT": 5,
        "Net Income": 4
    },
    "2021-06-30": {
        "Diluted EPS": 0.07,
        "Total Revenue": 38,
        "Gross Profit": 38,
        "Operating Income": 4,
        "EBIT": 5,
        "Net Income": 1
    },
    "2021-03-31": {
        "Diluted EPS": -0.02,
        "Total Revenue": 31,
        "Gross Profit": 31,
        "Operating Income": -1,
        "EBIT": 0,
        "Net Income": 0
    },
    "2020-12-31": {
        "Diluted EPS": 0.16,
        "Total Revenue": 35,
        "Gross Profit": 35,
        "Operating Income": 5,
        "EBIT": 6,
        "Net Income": 3
    },
    "2020-09-30": {
        "Diluted EPS": 0.17,
        "Total Revenue": 32,
        "Gross Profit": 32,
        "Operating Income": 7,
        "EBIT": 8,
        "Net Income": 3
    },
    "2020-06-30": {
        "Diluted EPS": 0.19,
        "Total Revenue": 30,
        "Gross Profit": 30,
        "Operating Income": 8,
        "EBIT": 8,
        "Net Income": 3
    },
    "2020-03-31": {
        "Diluted EPS": -0.01,
        "Total Revenue": 20,
        "Gross Profit": 20,
        "Operating Income": 0,
        "EBIT": 1,
        "Net Income": 0
    },
    "2019-12-31": {
        "Diluted EPS": -0.06,
        "Total Revenue": 14,
        "Gross Profit": 14,
        "Operating Income": -2,
        "EBIT": -2,
        "Net Income": -1
    },
    "2019-09-30": {
        "Diluted EPS": 0.06,
        "Total Revenue": 21,
        "Gross Profit": 21,
        "Operating Income": 4,
        "EBIT": 4,
        "Net Income": 1
    },
    "2019-06-30": {
        "Diluted EPS": 0.06,
        "Total Revenue": 19,
        "Gross Profit": 19,
        "Operating Income": 4,
        "EBIT": 4,
        "Net Income": 1
    },
    "2019-03-31": {
        "Diluted EPS": 0.16,
        "Total Revenue": 23,
        "Gross Profit": 23,
        "Operating Income": 9,
        "EBIT": 9,
        "Net Income": 2
    },
    "2018-12-31": {
        "Diluted EPS": 0.0,
        "Total Revenue": 15,
        "Gross Profit": 15,
        "Operating Income": 1,
        "EBIT": 3,
        "Net Income": 0
    },
    "2018-09-30": {
        "Diluted EPS": 0.02,
        "Total Revenue": 16,
        "Gross Profit": 16,
        "Operating Income": 3,
        "EBIT": 3,
        "Net Income": 0
    },
    "2018-06-30": {
        "Diluted EPS": -0.68,
        "Total Revenue": 15,
        "Gross Profit": 15,
        "Operating Income": -23,
        "EBIT": -22,
        "Net Income": -9
    },
    "2018-03-31": {
        "Diluted EPS": 0.0,
        "Total Revenue": 15,
        "Gross Profit": 15,
        "Operating Income": 5,
        "EBIT": 5,
        "Net Income": NaN
    },
    "2017-12-31": {
        "Diluted EPS": 0.0,
        "Total Revenue": NaN,
        "Gross Profit": NaN,
        "Operating Income": NaN,
        "EBIT": NaN,
        "Net Income": NaN
    },
    "2017-09-30": {
        "Diluted EPS": 0.0,
        "Total Revenue": 11,
        "Gross Profit": 11,
        "Operating Income": 1,
        "EBIT": 1,
        "Net Income": NaN
    },
    "2017-06-30": {
        "Diluted EPS": 0.0,
        "Total Revenue": 11,
        "Gross Profit": 11,
        "Operating Income": 3,
        "EBIT": 3,
        "Net Income": NaN
    },
    "2023-09-30": {
        "Tax Effect Of Unusual Items": 0.0,
        "Tax Rate For Calcs": 0.06,
        "Net Income From Continuing Operation Net Minority Interest": 6934000.0,
        "Reconciled Depreciation": 2408000.0,
        "EBIT": 13614000.0,
        "Net Interest Income": -1617000.0,
        "Interest Expense": 1617000.0,
        "Interest Income": 321000.0,
        "Normalized Income": 6934000.0,
        "Net Income From Continuing And Discontinued Operation": 6934000.0,
        "Total Expenses": 59033000.0,
        "Diluted Average Shares": 24891000.0,
        "Basic Average Shares": 24124000.0,
        "Diluted EPS": 0.28,
        "Basic EPS": 0.29,
        "Diluted NI Availto Com Stockholders": 11273000.0,
        "Average Dilution Earnings": 4339000.0,
        "Net Income Common Stockholders": 6934000.0,
        "Net Income": 6934000.0,
        "Minority Interests": -4339000.0,
        "Net Income Including Noncontrolling Interests": 11273000.0,
        "Net Income Continuous Operations": 11273000.0,
        "Tax Provision": 724000.0,
        "Pretax Income": 11997000.0,
        "Other Income Expense": 38729000.0,
        "Net Non Operating Interest Income Expense": -1617000.0,
        "Interest Expense Non Operating": 1617000.0,
        "Other Operating Expenses": 797000.0,
        "Depreciation And Amortization In Income Statement": 2352000.0,
        "Selling General And Administration": 54267000.0,
        "General And Administrative Expense": 54267000.0,
        "Other Gand A": 14831000.0,
        "Salaries And Wages": 39436000.0,
        "Total Revenue": 71030000.0,
        "Operating Revenue": 71030000.0
    },
    "2023-12-31": {
        "Tax Effect Of Unusual Items": 0.0,
        "Tax Rate For Calcs": 0.21,
        "Net Income From Continuing Operation Net Minority Interest": 3621000.0,
        "Reconciled Depreciation": 2483000.0,
        "EBIT": 6683000.0,
        "Net Interest Income": -1511000.0,
        "Interest Expense": 1511000.0,
        "Interest Income": 308000.0,
        "Normalized Income": 3621000.0,
        "Net Income From Continuing And Discontinued Operation": 3621000.0,
        "Total Expenses": 57842000.0,
        "Diluted Average Shares": 25516000.0,
        "Basic Average Shares": 24688000.0,
        "Diluted EPS": 0.14,
        "Basic EPS": 0.15,
        "Diluted NI Availto Com Stockholders": 3621000.0,
        "Average Dilution Earnings": NaN,
        "Net Income Common Stockholders": 3621000.0,
        "Net Income": 3621000.0,
        "Minority Interests": -1803000.0,
        "Net Income Including Noncontrolling Interests": 5424000.0,
        "Net Income Continuous Operations": 5424000.0,
        "Tax Provision": -252000.0,
        "Pretax Income": 5172000.0,
        "Other Income Expense": 35282000.0,
        "Net Non Operating Interest Income Expense": -1511000.0,
        "Interest Expense Non Operating": 1511000.0,
        "Other Operating Expenses": 1009000.0,
        "Depreciation And Amortization In Income Statement": 2427000.0,
        "Selling General And Administration": 52895000.0,
        "General And Administrative Expense": 52895000.0,
        "Other Gand A": 14092000.0,
        "Salaries And Wages": 38803000.0,
        "Total Revenue": 63014000.0,
        "Operating Revenue": 63014000.0
    },
    "2024-03-31": {
        "Tax Effect Of Unusual Items": 0.0,
        "Tax Rate For Calcs": 0.21,
        "Net Income From Continuing Operation Net Minority Interest": 1814000.0,
        "Reconciled Depreciation": 2632000.0,
        "EBIT": 1455000.0,
        "Net Interest Income": -1487000.0,
        "Interest Expense": 1487000.0,
        "Interest Income": 250000.0,
        "Normalized Income": 1814000.0,
        "Net Income From Continuing And Discontinued Operation": 1814000.0,
        "Total Expenses": 64492000.0,
        "Diluted Average Shares": 38839000.0,
        "Basic Average Shares": 25087000.0,
        "Diluted EPS": 0.05,
        "Basic EPS": 0.07,
        "Diluted NI Availto Com Stockholders": 1814000.0,
        "Average Dilution Earnings": NaN,
        "Net Income Common Stockholders": 1814000.0,
        "Net Income": 1814000.0,
        "Minority Interests": 5000.0,
        "Net Income Including Noncontrolling Interests": 1809000.0,
        "Net Income Continuous Operations": 1809000.0,
        "Tax Provision": -1841000.0,
        "Pretax Income": -32000.0,
        "Other Income Expense": 37989000.0,
        "Net Non Operating Interest Income Expense": -1487000.0,
        "Interest Expense Non Operating": 1487000.0,
        "Other Operating Expenses": 1127000.0,
        "Depreciation And Amortization In Income Statement": 2568000.0,
        "Selling General And Administration": 59310000.0,
        "General And Administrative Expense": 59310000.0,
        "Other Gand A": 17180000.0,
        "Salaries And Wages": 42130000.0,
        "Total Revenue": 64460000.0,
        "Operating Revenue": 64460000.0
    },
    "2024-06-30": {
        "Tax Effect Of Unusual Items": 0.0,
        "Tax Rate For Calcs": 0.22,
        "Net Income From Continuing Operation Net Minority Interest": 6198000.0,
        "Reconciled Depreciation": 2755000.0,
        "EBIT": 15838000.0,
        "Net Interest Income": -1982000.0,
        "Interest Expense": 1982000.0,
        "Interest Income": 244000.0,
        "Normalized Income": 6198000.0,
        "Net Income From Continuing And Discontinued Operation": 6198000.0,
        "Total Expenses": 64232000.0,
        "Diluted Average Shares": 38031000.0,
        "Basic Average Shares": 24693000.0,
        "Diluted EPS": 0.24,
        "Basic EPS": 0.25,
        "Diluted NI Availto Com Stockholders": 9140000.0,
        "Average Dilution Earnings": 2942000.0,
        "Net Income Common Stockholders": 6198000.0,
        "Net Income": 6198000.0,
        "Minority Interests": -4677000.0,
        "Net Income Including Noncontrolling Interests": 10875000.0,
        "Net Income Continuous Operations": 10875000.0,
        "Tax Provision": 2981000.0,
        "Pretax Income": 13856000.0,
        "Other Income Expense": 46225000.0,
        "Net Non Operating Interest Income Expense": -1982000.0,
        "Interest Expense Non Operating": 1982000.0,
        "Other Operating Expenses": 212000.0,
        "Depreciation And Amortization In Income Statement": 2632000.0,
        "Selling General And Administration": 59406000.0,
        "General And Administrative Expense": 59406000.0,
        "Other Gand A": 16855000.0,
        "Salaries And Wages": 42551000.0,
        "Total Revenue": 78088000.0,
        "Operating Revenue": 78088000.0
    },
    "2024-09-30": {
        "Tax Effect Of Unusual Items": 0.0,
        "Tax Rate For Calcs": 0.16,
        "Net Income From Continuing Operation Net Minority Interest": 7559000.0,
        "Reconciled Depreciation": 2762000.0,
        "EBIT": 16982000.0,
        "Net Interest Income": -2060000.0,
        "Interest Expense": 2060000.0,
        "Interest Income": 231000.0,
        "Normalized Income": 7559000.0,
        "Net Income From Continuing And Discontinued Operation": 7559000.0,
        "Total Expenses": 63113000.0,
        "Diluted Average Shares": 37942000.0,
        "Basic Average Shares": 24293000.0,
        "Diluted EPS": 0.29,
        "Basic EPS": 0.31,
        "Diluted NI Availto Com Stockholders": 11161000.0,
        "Average Dilution Earnings": 3602000.0,
        "Net Income Common Stockholders": 7559000.0,
        "Net Income": 7559000.0,
        "Minority Interests": -5048000.0,
        "Net Income Including Noncontrolling Interests": 12607000.0,
        "Net Income Continuous Operations": 12607000.0,
        "Tax Provision": 2315000.0,
        "Pretax Income": 14922000.0,
        "Other Income Expense": 46862000.0,
        "Net Non Operating Interest Income Expense": -2060000.0,
        "Interest Expense Non Operating": 2060000.0,
        "Other Operating Expenses": 21000.0,
        "Depreciation And Amortization In Income Statement": 2614000.0,
        "Selling General And Administration": 58418000.0,
        "General And Administrative Expense": 58418000.0,
        "Other Gand A": 15201000.0,
        "Salaries And Wages": 43217000.0,
        "Total Revenue": 78035000.0,
        "Operating Revenue": 78035000.0
    }
}