{
    "2023-03-31": {
        "Tax Effect Of Unusual Items": 0.0,
        "Tax Rate For Calcs": 0.0,
        "Normalized EBITDA": 106312000.0,
        "Total Unusual Items": -2785000.0,
        "Total Unusual Items Excluding Goodwill": -2785000.0,
        "Net Income From Continuing Operation Net Minority Interest": 74604000.0,
        "Reconciled Depreciation": 17820000.0,
        "Reconciled Cost Of Revenue": 69404000.0,
        "EBITDA": 103527000.0,
        "EBIT": 85707000.0,
        "Net Interest Income": -9291000.0,
        "Interest Expense": 11103000.0,
        "Interest Income": 1812000.0,
        "Normalized Income": 77389000.0,
        "Net Income From Continuing And Discontinued Operation": 74604000.0,
        "Total Expenses": 74193000.0,
        "Total Operating Income As Reported": 85098000.0,
        "Diluted Average Shares": 35696225.0,
        "Basic Average Shares": 35696225.0,
        "Diluted EPS": 2.02,
        "Basic EPS": 2.02,
        "Diluted NI Availto Com Stockholders": 72220000.0,
        "Net Income Common Stockholders": 72220000.0,
        "Preferred Stock Dividends": 2384000.0,
        "Net Income": 74604000.0,
        "Net Income Including Noncontrolling Interests": 74604000.0,
        "Net Income Continuous Operations": 74604000.0,
        "Tax Provision": 0.0,
        "Pretax Income": 74604000.0,
        "Other Income Expense": 2161000.0,
        "Other Non Operating Income Expenses": 4946000.0,
        "Gain On Sale Of Security": -2785000.0,
        "Net Non Operating Interest Income Expense": -9291000.0,
        "Interest Expense Non Operating": 11103000.0,
        "Interest Income Non Operating": 1812000.0,
        "Operating Income": 81734000.0,
        "Operating Expense": 4789000.0,
        "Selling General And Administration": 4789000.0,
        "General And Administrative Expense": 4789000.0,
        "Other Gand A": 4789000.0,
        "Gross Profit": 86523000.0,
        "Cost Of Revenue": 69404000.0,
        "Total Revenue": 155927000.0,
        "Operating Revenue": 155927000.0
    },
    "2022-12-31": {
        "Tax Effect Of Unusual Items": 0.0,
        "Tax Rate For Calcs": 0.0,
        "Normalized EBITDA": 110722000.0,
        "Total Unusual Items": -4656000.0,
        "Total Unusual Items Excluding Goodwill": -4656000.0,
        "Net Income From Continuing Operation Net Minority Interest": 75005000.0,
        "Reconciled Depreciation": 20656000.0,
        "Reconciled Cost Of Revenue": 72777000.0,
        "EBITDA": 106066000.0,
        "EBIT": 85410000.0,
        "Net Interest Income": -9088000.0,
        "Interest Expense": 10405000.0,
        "Interest Income": 1317000.0,
        "Normalized Income": 79661000.0,
        "Net Income From Continuing And Discontinued Operation": 75005000.0,
        "Total Expenses": 76855000.0,
        "Total Operating Income As Reported": 85134000.0,
        "Diluted Average Shares": 35990288.0,
        "Basic Average Shares": 35990288.0,
        "Diluted EPS": 2.017794,
        "Basic EPS": 2.017794,
        "Diluted NI Availto Com Stockholders": 72621000.0,
        "Net Income Common Stockholders": 72621000.0,
        "Preferred Stock Dividends": 2384000.0,
        "Net Income": 75005000.0,
        "Net Income Including Noncontrolling Interests": 75005000.0,
        "Net Income Continuous Operations": 75005000.0,
        "Tax Provision": 0.0,
        "Pretax Income": 75005000.0,
        "Other Income Expense": 4359000.0,
        "Other Non Operating Income Expenses": 9015000.0,
        "Special Income Charges": -3033000.0,
        "Gain On Sale Of Ppe": 0.0,
        "Gain On Sale Of Security": -1623000.0,
        "Net Non Operating Interest Income Expense": -9088000.0,
        "Interest Expense Non Operating": 10405000.0,
        "Interest Income Non Operating": 1317000.0,
        "Operating Income": 79734000.0,
        "Operating Expense": 4078000.0,
        "Selling General And Administration": 4078000.0,
        "General And Administrative Expense": 4078000.0,
        "Other Gand A": 4078000.0,
        "Gross Profit": 83812000.0,
        "Cost Of Revenue": 72777000.0,
        "Total Revenue": 156589000.0,
        "Operating Revenue": 156589000.0
    },
    "2022-09-30": {
        "Tax Effect Of Unusual Items": 1864000.0,
        "Tax Rate For Calcs": 0.4,
        "Normalized EBITDA": 123949000.0,
        "Total Unusual Items": 4660000.0,
        "Total Unusual Items Excluding Goodwill": 4660000.0,
        "Net Income From Continuing Operation Net Minority Interest": 91995000.0,
        "Reconciled Depreciation": 20522000.0,
        "Reconciled Cost Of Revenue": 66655000.0,
        "EBITDA": 128609000.0,
        "EBIT": 108087000.0,
        "Net Interest Income": -15462000.0,
        "Interest Expense": 16142000.0,
        "Interest Income": 680000.0,
        "Normalized Income": 89199000.0,
        "Net Income From Continuing And Discontinued Operation": 91995000.0,
        "Total Expenses": 70811000.0,
        "Total Operating Income As Reported": 101725000.0,
        "Diluted Average Shares": 36790836.0,
        "Basic Average Shares": 36790836.0,
        "Diluted EPS": 2.435688,
        "Basic EPS": 2.435688,
        "Diluted NI Availto Com Stockholders": 89611000.0,
        "Net Income Common Stockholders": 89611000.0,
        "Preferred Stock Dividends": 2384000.0,
        "Net Income": 91995000.0,
        "Net Income Including Noncontrolling Interests": 91995000.0,
        "Net Income Continuous Operations": 91995000.0,
        "Tax Provision": -50000.0,
        "Pretax Income": 91945000.0,
        "Other Income Expense": 14987000.0,
        "Other Non Operating Income Expenses": 10327000.0,
        "Special Income Charges": 0.0,
        "Gain On Sale Of Ppe": 0.0,
        "Impairment Of Capital Assets": NaN,
        "Gain On Sale Of Security": 4660000.0,
        "Net Non Operating Interest Income Expense": -15462000.0,
        "Interest Expense Non Operating": 16142000.0,
        "Interest Income Non Operating": 680000.0,
        "Operating Income": 92420000.0,
        "Operating Expense": 4156000.0,
        "Selling General And Administration": 4156000.0,
        "General And Administrative Expense": 4156000.0,
        "Other Gand A": 4156000.0,
        "Gross Profit": 96576000.0,
        "Cost Of Revenue": 66655000.0,
        "Total Revenue": 163231000.0,
        "Operating Revenue": 163231000.0
    },
    "2022-06-30": {
        "Tax Effect Of Unusual Items": 0.0,
        "Tax Rate For Calcs": 0.0,
        "Normalized EBITDA": 117966000.0,
        "Total Unusual Items": 2084000.0,
        "Total Unusual Items Excluding Goodwill": 2084000.0,
        "Net Income From Continuing Operation Net Minority Interest": 56915000.0,
        "Reconciled Depreciation": 33128000.0,
        "Reconciled Cost Of Revenue": 66816000.0,
        "EBITDA": 120050000.0,
        "EBIT": 86922000.0,
        "Net Interest Income": -29742000.0,
        "Interest Expense": 30007000.0,
        "Interest Income": 265000.0,
        "Normalized Income": 54831000.0,
        "Net Income From Continuing And Discontinued Operation": 56915000.0,
        "Total Expenses": 69690000.0,
        "Total Operating Income As Reported": 84766000.0,
        "Diluted Average Shares": 36726708.0,
        "Basic Average Shares": 36726708.0,
        "Diluted EPS": 1.452649,
        "Basic EPS": 1.452649,
        "Diluted NI Availto Com Stockholders": 54531000.0,
        "Net Income Common Stockholders": 54531000.0,
        "Preferred Stock Dividends": 2384000.0,
        "Net Income": 56915000.0,
        "Net Income Including Noncontrolling Interests": 56915000.0,
        "Net Income Continuous Operations": 56915000.0,
        "Tax Provision": 0.0,
        "Pretax Income": 56915000.0,
        "Other Income Expense": 12456000.0,
        "Other Non Operating Income Expenses": 10372000.0,
        "Special Income Charges": 0.0,
        "Gain On Sale Of Ppe": 0.0,
        "Impairment Of Capital Assets": NaN,
        "Gain On Sale Of Security": 2084000.0,
        "Net Non Operating Interest Income Expense": -29742000.0,
        "Interest Expense Non Operating": 30007000.0,
        "Interest Income Non Operating": 265000.0,
        "Operating Income": 74201000.0,
        "Operating Expense": 2874000.0,
        "Selling General And Administration": 2874000.0,
        "General And Administrative Expense": 2874000.0,
        "Other Gand A": 2874000.0,
        "Gross Profit": 77075000.0,
        "Cost Of Revenue": 66816000.0,
        "Total Revenue": 143891000.0,
        "Operating Revenue": 143891000.0
    },
    "2022-03-31": {
        "Diluted EPS": 1.86,
        "Total Revenue": 154,
        "Gross Profit": 110,
        "Operating Income": 84,
        "EBIT": 92,
        "Net Income": 68
    },
    "2021-12-31": {
        "Diluted EPS": 1.91,
        "Total Revenue": 154,
        "Gross Profit": 105,
        "Operating Income": 82,
        "EBIT": 84,
        "Net Income": 66
    },
    "2021-09-30": {
        "Diluted EPS": 1.73,
        "Total Revenue": 139,
        "Gross Profit": 100,
        "Operating Income": 80,
        "EBIT": 75,
        "Net Income": 63
    },
    "2021-06-30": {
        "Diluted EPS": 0.83,
        "Total Revenue": 83,
        "Gross Profit": 53,
        "Operating Income": 45,
        "EBIT": 58,
        "Net Income": 30
    },
    "2021-03-31": {
        "Diluted EPS": 0.13,
        "Total Revenue": 73,
        "Gross Profit": 47,
        "Operating Income": 30,
        "EBIT": 54,
        "Net Income": 4
    },
    "2020-12-31": {
        "Diluted EPS": 0.34,
        "Total Revenue": 70,
        "Gross Profit": 51,
        "Operating Income": 26,
        "EBIT": 39,
        "Net Income": -5
    },
    "2020-09-30": {
        "Diluted EPS": 0.44,
        "Total Revenue": 71,
        "Gross Profit": 43,
        "Operating Income": 29,
        "EBIT": 42,
        "Net Income": 14
    },
    "2020-06-30": {
        "Diluted EPS": 0.42,
        "Total Revenue": 71,
        "Gross Profit": 44,
        "Operating Income": 30,
        "EBIT": 42,
        "Net Income": 13
    },
    "2020-03-31": {
        "Diluted EPS": 0.02,
        "Total Revenue": 71,
        "Gross Profit": 30,
        "Operating Income": 20,
        "EBIT": 35,
        "Net Income": 1
    },
    "2019-12-31": {
        "Diluted EPS": 0.7,
        "Total Revenue": 68,
        "Gross Profit": 40,
        "Operating Income": 27,
        "EBIT": 40,
        "Net Income": -11
    },
    "2019-09-30": {
        "Diluted EPS": 0.0,
        "Total Revenue": 66,
        "Gross Profit": 42,
        "Operating Income": 29,
        "EBIT": 41,
        "Net Income": 11
    },
    "2019-06-30": {
        "Diluted EPS": 0.36,
        "Total Revenue": 63,
        "Gross Profit": 40,
        "Operating Income": 27,
        "EBIT": 39,
        "Net Income": 8
    },
    "2019-03-31": {
        "Diluted EPS": 0.42,
        "Total Revenue": 65,
        "Gross Profit": 42,
        "Operating Income": 29,
        "EBIT": 41,
        "Net Income": 10
    },
    "2018-12-31": {
        "Diluted EPS": -9.32,
        "Total Revenue": 50,
        "Gross Profit": 31,
        "Operating Income": -56,
        "EBIT": -43,
        "Net Income": -73
    },
    "2018-09-30": {
        "Diluted EPS": 0.64,
        "Total Revenue": 36,
        "Gross Profit": 25,
        "Operating Income": 15,
        "EBIT": 25,
        "Net Income": 4
    },
    "2018-06-30": {
        "Diluted EPS": 0.56,
        "Total Revenue": 35,
        "Gross Profit": 25,
        "Operating Income": 15,
        "EBIT": 24,
        "Net Income": 4
    },
    "2018-03-31": {
        "Diluted EPS": 0.7,
        "Total Revenue": 36,
        "Gross Profit": 26,
        "Operating Income": 15,
        "EBIT": 24,
        "Net Income": 4
    },
    "2017-12-31": {
        "Diluted EPS": -16.65,
        "Total Revenue": 38,
        "Gross Profit": 26,
        "Operating Income": -72,
        "EBIT": -47,
        "Net Income": -100
    },
    "2017-09-30": {
        "Diluted EPS": 1.52,
        "Total Revenue": 41,
        "Gross Profit": 31,
        "Operating Income": 20,
        "EBIT": 30,
        "Net Income": 9
    },
    "2017-06-30": {
        "Diluted EPS": 1.12,
        "Total Revenue": 40,
        "Gross Profit": 29,
        "Operating Income": 19,
        "EBIT": 29,
        "Net Income": 7
    },
    "2017-03-31": {
        "Diluted EPS": 1.12,
        "Total Revenue": 40,
        "Gross Profit": 29,
        "Operating Income": 18,
        "EBIT": 29,
        "Net Income": 7
    },
    "2016-12-31": {
        "Diluted EPS": -9.28,
        "Total Revenue": 41,
        "Gross Profit": 30,
        "Operating Income": -45,
        "EBIT": -34,
        "Net Income": -55
    },
    "2016-09-30": {
        "Diluted EPS": -3.92,
        "Total Revenue": 41,
        "Gross Profit": 29,
        "Operating Income": -12,
        "EBIT": -1,
        "Net Income": -24
    },
    "2016-06-30": {
        "Diluted EPS": 1.04,
        "Total Revenue": 41,
        "Gross Profit": 30,
        "Operating Income": 18,
        "EBIT": 29,
        "Net Income": 6
    },
    "2016-03-31": {
        "Diluted EPS": 0.8,
        "Total Revenue": 43,
        "Gross Profit": 31,
        "Operating Income": 18,
        "EBIT": 30,
        "Net Income": 5
    },
    "2015-12-31": {
        "Diluted EPS": 1.04,
        "Total Revenue": 44,
        "Gross Profit": 32,
        "Operating Income": 19,
        "EBIT": 31,
        "Net Income": 6
    },
    "2015-09-30": {
        "Diluted EPS": -6.88,
        "Total Revenue": 42,
        "Gross Profit": 29,
        "Operating Income": -28,
        "EBIT": -16,
        "Net Income": -41
    },
    "2015-06-30": {
        "Diluted EPS": 0.48,
        "Total Revenue": 41,
        "Gross Profit": 28,
        "Operating Income": 15,
        "EBIT": 27,
        "Net Income": 3
    },
    "2015-03-31": {
        "Diluted EPS": 0.0,
        "Total Revenue": 38,
        "Gross Profit": 25,
        "Operating Income": 13,
        "EBIT": 24,
        "Net Income": 0
    },
    "2014-12-31": {
        "Diluted EPS": -0.16,
        "Total Revenue": 37,
        "Gross Profit": 24,
        "Operating Income": 12,
        "EBIT": 23,
        "Net Income": -1
    },
    "2014-09-30": {
        "Diluted EPS": 1.04,
        "Total Revenue": 34,
        "Gross Profit": 22,
        "Operating Income": 10,
        "EBIT": 21,
        "Net Income": 6
    },
    "2014-06-30": {
        "Diluted EPS": -0.4,
        "Total Revenue": 34,
        "Gross Profit": 21,
        "Operating Income": 10,
        "EBIT": 20,
        "Net Income": -2
    },
    "2014-03-31": {
        "Diluted EPS": 0.32,
        "Total Revenue": 34,
        "Gross Profit": 23,
        "Operating Income": 11,
        "EBIT": 24,
        "Net Income": 2
    },
    "2013-12-31": {
        "Diluted EPS": 1.36,
        "Total Revenue": 36,
        "Gross Profit": 24,
        "Operating Income": 13,
        "EBIT": 23,
        "Net Income": 8
    },
    "2013-09-30": {
        "Diluted EPS": 1.2,
        "Total Revenue": 36,
        "Gross Profit": 25,
        "Operating Income": 13,
        "EBIT": 23,
        "Net Income": 7
    },
    "2013-06-30": {
        "Diluted EPS": 1.68,
        "Total Revenue": 36,
        "Gross Profit": 24,
        "Operating Income": 13,
        "EBIT": 23,
        "Net Income": 10
    },
    "2013-03-31": {
        "Diluted EPS": 1.2,
        "Total Revenue": 35,
        "Gross Profit": 24,
        "Operating Income": 12,
        "EBIT": 22,
        "Net Income": 7
    },
    "2012-12-31": {
        "Diluted EPS": 1.28,
        "Total Revenue": 36,
        "Gross Profit": 25,
        "Operating Income": 13,
        "EBIT": 23,
        "Net Income": 8
    },
    "2012-09-30": {
        "Diluted EPS": 1.44,
        "Total Revenue": 39,
        "Gross Profit": 28,
        "Operating Income": 17,
        "EBIT": 27,
        "Net Income": 8
    },
    "2012-06-30": {
        "Diluted EPS": 1.28,
        "Total Revenue": 39,
        "Gross Profit": 28,
        "Operating Income": 17,
        "EBIT": 27,
        "Net Income": 8
    },
    "2012-03-31": {
        "Diluted EPS": 1.36,
        "Total Revenue": 38,
        "Gross Profit": 27,
        "Operating Income": 15,
        "EBIT": 25,
        "Net Income": 8
    },
    "2011-12-31": {
        "Diluted EPS": 1.84,
        "Total Revenue": 40,
        "Gross Profit": 28,
        "Operating Income": 17,
        "EBIT": 26,
        "Net Income": 11
    },
    "2011-09-30": {
        "Diluted EPS": -0.16,
        "Total Revenue": 39,
        "Gross Profit": 27,
        "Operating Income": 15,
        "EBIT": 25,
        "Net Income": -1
    },
    "2011-06-30": {
        "Diluted EPS": -2.0,
        "Total Revenue": 39,
        "Gross Profit": 28,
        "Operating Income": 2,
        "EBIT": 12,
        "Net Income": -12
    },
    "2011-03-31": {
        "Diluted EPS": 1.84,
        "Total Revenue": 39,
        "Gross Profit": 28,
        "Operating Income": 16,
        "EBIT": 26,
        "Net Income": 11
    },
    "2010-12-31": {
        "Diluted EPS": 0.32,
        "Total Revenue": 40,
        "Gross Profit": 29,
        "Operating Income": -1,
        "EBIT": 9,
        "Net Income": 1
    },
    "2010-09-30": {
        "Diluted EPS": -0.64,
        "Total Revenue": 40,
        "Gross Profit": 29,
        "Operating Income": 17,
        "EBIT": 27,
        "Net Income": -4
    },
    "2010-06-30": {
        "Diluted EPS": -0.88,
        "Total Revenue": 40,
        "Gross Profit": 29,
        "Operating Income": 17,
        "EBIT": 27,
        "Net Income": -5
    },
    "2010-03-31": {
        "Diluted EPS": 0.56,
        "Total Revenue": 39,
        "Gross Profit": 30,
        "Operating Income": 18,
        "EBIT": 28,
        "Net Income": 3
    },
    "2009-12-31": {
        "Diluted EPS": 2.72,
        "Total Revenue": 40,
        "Gross Profit": 30,
        "Operating Income": 18,
        "EBIT": 28,
        "Net Income": 12
    },
    "2009-09-30": {
        "Diluted EPS": -0.64,
        "Total Revenue": 38,
        "Gross Profit": 27,
        "Operating Income": 16,
        "EBIT": 27,
        "Net Income": -4
    },
    "2009-06-30": {
        "Diluted EPS": 3.36,
        "Total Revenue": 36,
        "Gross Profit": 26,
        "Operating Income": 14,
        "EBIT": 23,
        "Net Income": 23
    },
    "2009-03-31": {
        "Diluted EPS": 1.84,
        "Total Revenue": 35,
        "Gross Profit": 24,
        "Operating Income": 13,
        "EBIT": 22,
        "Net Income": 11
    },
    "2023-06-30": {
        "Tax Effect Of Unusual Items": 91.089083,
        "Tax Rate For Calcs": 6.4e-05,
        "Normalized EBITDA": 109441000.0,
        "Total Unusual Items": 1417000.0,
        "Total Unusual Items Excluding Goodwill": 1417000.0,
        "Net Income From Continuing Operation Net Minority Interest": 77776000.0,
        "Reconciled Depreciation": 22172000.0,
        "Reconciled Cost Of Revenue": 72260000.0,
        "EBITDA": 110858000.0,
        "EBIT": 88686000.0,
        "Net Interest Income": -8323000.0,
        "Interest Expense": 10905000.0,
        "Interest Income": 2582000.0,
        "Normalized Income": 76359091.089083,
        "Net Income From Continuing And Discontinued Operation": 77776000.0,
        "Total Expenses": 76971000.0,
        "Total Operating Income As Reported": 85109000.0,
        "Diluted Average Shares": 35375684.0,
        "Basic Average Shares": 35375684.0,
        "Diluted EPS": 2.131181,
        "Basic EPS": 2.131181,
        "Diluted NI Availto Com Stockholders": 75392000.0,
        "Net Income Common Stockholders": 75392000.0,
        "Preferred Stock Dividends": 2384000.0,
        "Net Income": 77776000.0,
        "Net Income Including Noncontrolling Interests": 77776000.0,
        "Net Income Continuous Operations": 77776000.0,
        "Tax Provision": 5000.0,
        "Pretax Income": 77781000.0,
        "Other Income Expense": 2676000.0,
        "Other Non Operating Income Expenses": 1259000.0,
        "Gain On Sale Of Security": 1417000.0,
        "Net Non Operating Interest Income Expense": -8323000.0,
        "Interest Expense Non Operating": 10905000.0,
        "Interest Income Non Operating": 2582000.0,
        "Operating Income": 83428000.0,
        "Operating Expense": 4711000.0,
        "Selling General And Administration": 4711000.0,
        "General And Administrative Expense": 4711000.0,
        "Other Gand A": 4711000.0,
        "Gross Profit": 88139000.0,
        "Cost Of Revenue": 72260000.0,
        "Total Revenue": 160399000.0,
        "Operating Revenue": 160399000.0
    },
    "2023-09-30": {
        "Tax Effect Of Unusual Items": 0.0,
        "Tax Rate For Calcs": 0.0,
        "Normalized EBITDA": 118817000.0,
        "Total Unusual Items": 331000.0,
        "Total Unusual Items Excluding Goodwill": 331000.0,
        "Net Income From Continuing Operation Net Minority Interest": 85071000.0,
        "Reconciled Depreciation": 22462000.0,
        "Reconciled Cost Of Revenue": 76125000.0,
        "EBITDA": 119148000.0,
        "EBIT": 96686000.0,
        "Net Interest Income": -9114000.0,
        "Interest Expense": 11615000.0,
        "Interest Income": 2501000.0,
        "Normalized Income": 84740000.0,
        "Net Income From Continuing And Discontinued Operation": 85071000.0,
        "Total Expenses": 80373000.0,
        "Total Operating Income As Reported": 94157000.0,
        "Diluted Average Shares": 35355554.0,
        "Basic Average Shares": 35355554.0,
        "Diluted EPS": 2.338727,
        "Basic EPS": 2.338727,
        "Diluted NI Availto Com Stockholders": 82687000.0,
        "Net Income Common Stockholders": 82687000.0,
        "Preferred Stock Dividends": 2384000.0,
        "Net Income": 85071000.0,
        "Net Income Including Noncontrolling Interests": 85071000.0,
        "Net Income Continuous Operations": 85071000.0,
        "Tax Provision": 0.0,
        "Pretax Income": 85071000.0,
        "Other Income Expense": 1546000.0,
        "Other Non Operating Income Expenses": 1215000.0,
        "Gain On Sale Of Security": 331000.0,
        "Net Non Operating Interest Income Expense": -9114000.0,
        "Interest Expense Non Operating": 11615000.0,
        "Interest Income Non Operating": 2501000.0,
        "Operating Income": 92639000.0,
        "Operating Expense": 4248000.0,
        "Selling General And Administration": 4248000.0,
        "General And Administrative Expense": 4248000.0,
        "Other Gand A": 4248000.0,
        "Gross Profit": 96887000.0,
        "Cost Of Revenue": 76125000.0,
        "Total Revenue": 173012000.0,
        "Operating Revenue": 173012000.0
    },
    "2023-12-31": {
        "Tax Effect Of Unusual Items": -152049.057666,
        "Tax Rate For Calcs": 0.006564,
        "Normalized EBITDA": 132812000.0,
        "Total Unusual Items": -23165000.0,
        "Total Unusual Items Excluding Goodwill": -23165000.0,
        "Net Income From Continuing Operation Net Minority Interest": 67049000.0,
        "Reconciled Depreciation": 30954000.0,
        "Reconciled Cost Of Revenue": 76741000.0,
        "EBITDA": 109647000.0,
        "EBIT": 78693000.0,
        "Net Interest Income": -8319000.0,
        "Interest Expense": 11201000.0,
        "Interest Income": 2882000.0,
        "Normalized Income": 90061950.942334,
        "Net Income From Continuing And Discontinued Operation": 67049000.0,
        "Total Expenses": 81210000.0,
        "Total Operating Income As Reported": 78854000.0,
        "Diluted Average Shares": NaN,
        "Basic Average Shares": NaN,
        "Diluted EPS": NaN,
        "Basic EPS": NaN,
        "Diluted NI Availto Com Stockholders": 64665000.0,
        "Net Income Common Stockholders": 64665000.0,
        "Preferred Stock Dividends": 2384000.0,
        "Net Income": 67049000.0,
        "Net Income Including Noncontrolling Interests": 67049000.0,
        "Net Income Continuous Operations": 67049000.0,
        "Tax Provision": 443000.0,
        "Pretax Income": 67492000.0,
        "Other Income Expense": -20356000.0,
        "Other Non Operating Income Expenses": 2809000.0,
        "Gain On Sale Of Security": -4335000.0,
        "Net Non Operating Interest Income Expense": -8319000.0,
        "Interest Expense Non Operating": 11201000.0,
        "Interest Income Non Operating": 2882000.0,
        "Operating Income": 96167000.0,
        "Operating Expense": 4469000.0,
        "Selling General And Administration": 4469000.0,
        "General And Administrative Expense": 4469000.0,
        "Other Gand A": 4469000.0,
        "Gross Profit": 100636000.0,
        "Cost Of Revenue": 76741000.0,
        "Total Revenue": 177377000.0,
        "Operating Revenue": 177377000.0
    }
}