{
    "2023-03-31": {
        "Tax Effect Of Unusual Items": 460739.242463,
        "Tax Rate For Calcs": 0.270864,
        "Normalized EBITDA": 62198000.0,
        "Total Unusual Items": 1701000.0,
        "Total Unusual Items Excluding Goodwill": 1701000.0,
        "Net Income From Continuing Operation Net Minority Interest": 20991000.0,
        "Reconciled Depreciation": 17990000.0,
        "Reconciled Cost Of Revenue": 249833000.0,
        "EBITDA": 63899000.0,
        "EBIT": 45909000.0,
        "Net Interest Income": -10980000.0,
        "Interest Expense": 10980000.0,
        "Normalized Income": 19750739.242463,
        "Net Income From Continuing And Discontinued Operation": 20991000.0,
        "Total Expenses": 356660000.0,
        "Total Operating Income As Reported": 44454000.0,
        "Diluted Average Shares": 189629000.0,
        "Basic Average Shares": 187873000.0,
        "Diluted EPS": 0.11,
        "Basic EPS": 0.11,
        "Diluted NI Availto Com Stockholders": 20991000.0,
        "Net Income Common Stockholders": 20991000.0,
        "Net Income": 20991000.0,
        "Minority Interests": -4477000.0,
        "Net Income Including Noncontrolling Interests": 25468000.0,
        "Net Income Continuous Operations": 25468000.0,
        "Tax Provision": 9461000.0,
        "Pretax Income": 34929000.0,
        "Other Income Expense": 1701000.0,
        "Special Income Charges": 246000.0,
        "Write Off": -246000.0,
        "Impairment Of Capital Assets": NaN,
        "Gain On Sale Of Security": 1455000.0,
        "Net Non Operating Interest Income Expense": -10980000.0,
        "Interest Expense Non Operating": 10980000.0,
        "Operating Income": 44208000.0,
        "Operating Expense": 106827000.0,
        "Other Operating Expenses": 39284000.0,
        "Selling General And Administration": 67543000.0,
        "General And Administrative Expense": 67543000.0,
        "Salaries And Wages": 67543000.0,
        "Gross Profit": 151035000.0,
        "Cost Of Revenue": 249833000.0,
        "Total Revenue": 400868000.0,
        "Operating Revenue": 400868000.0
    },
    "2022-12-31": {
        "Tax Effect Of Unusual Items": -11215680.0,
        "Tax Rate For Calcs": 0.21,
        "Normalized EBITDA": 101065000.0,
        "Total Unusual Items": -53408000.0,
        "Total Unusual Items Excluding Goodwill": -53408000.0,
        "Net Income From Continuing Operation Net Minority Interest": 6197000.0,
        "Reconciled Depreciation": 20547000.0,
        "Reconciled Cost Of Revenue": 310119000.0,
        "EBITDA": 47657000.0,
        "EBIT": 27110000.0,
        "Net Interest Income": -16827000.0,
        "Interest Expense": 10193000.0,
        "Normalized Income": 48389320.0,
        "Net Income From Continuing And Discontinued Operation": 6197000.0,
        "Total Expenses": 361913000.0,
        "Total Operating Income As Reported": 29694000.0,
        "Diluted Average Shares": 188949000.0,
        "Basic Average Shares": 187523000.0,
        "Diluted EPS": 0.13,
        "Basic EPS": 0.14,
        "Diluted NI Availto Com Stockholders": 6197000.0,
        "Net Income Common Stockholders": 6197000.0,
        "Net Income": 6197000.0,
        "Minority Interests": -2944000.0,
        "Net Income Including Noncontrolling Interests": 9141000.0,
        "Net Income Continuous Operations": 9141000.0,
        "Tax Provision": 7776000.0,
        "Pretax Income": 16917000.0,
        "Other Income Expense": -52968000.0,
        "Special Income Charges": -57458000.0,
        "Write Off": NaN,
        "Impairment Of Capital Assets": 56999000.0,
        "Gain On Sale Of Security": 4050000.0,
        "Net Non Operating Interest Income Expense": -16827000.0,
        "Interest Expense Non Operating": 10193000.0,
        "Operating Income": 86712000.0,
        "Operating Expense": 51794000.0,
        "Other Operating Expenses": -24637000.0,
        "Selling General And Administration": 76431000.0,
        "General And Administrative Expense": 76431000.0,
        "Salaries And Wages": 76431000.0,
        "Gross Profit": 138506000.0,
        "Cost Of Revenue": 310119000.0,
        "Total Revenue": 448625000.0,
        "Operating Revenue": 448625000.0
    },
    "2022-09-30": {
        "Tax Effect Of Unusual Items": -483853.437629,
        "Tax Rate For Calcs": 0.273364,
        "Normalized EBITDA": 174143000.0,
        "Total Unusual Items": -1770000.0,
        "Total Unusual Items Excluding Goodwill": -1770000.0,
        "Net Income From Continuing Operation Net Minority Interest": 97628000.0,
        "Reconciled Depreciation": 19719000.0,
        "Reconciled Cost Of Revenue": 304929000.0,
        "EBITDA": 172373000.0,
        "EBIT": 152654000.0,
        "Net Interest Income": -16630000.0,
        "Interest Expense": 16630000.0,
        "Normalized Income": 98914146.562371,
        "Net Income From Continuing And Discontinued Operation": 97628000.0,
        "Total Expenses": 438794000.0,
        "Total Operating Income As Reported": 154424000.0,
        "Diluted Average Shares": 188850000.0,
        "Basic Average Shares": 187424000.0,
        "Diluted EPS": 0.52,
        "Basic EPS": 0.52,
        "Diluted NI Availto Com Stockholders": 97628000.0,
        "Net Income Common Stockholders": 97628000.0,
        "Net Income": 97628000.0,
        "Minority Interests": -1212000.0,
        "Net Income Including Noncontrolling Interests": 98840000.0,
        "Net Income Continuous Operations": 98840000.0,
        "Tax Provision": 37184000.0,
        "Pretax Income": 136024000.0,
        "Other Income Expense": -1770000.0,
        "Special Income Charges": 0.0,
        "Write Off": NaN,
        "Impairment Of Capital Assets": 0.0,
        "Gain On Sale Of Security": -1770000.0,
        "Net Non Operating Interest Income Expense": -16630000.0,
        "Total Other Finance Cost": NaN,
        "Interest Expense Non Operating": 16630000.0,
        "Operating Income": 154424000.0,
        "Operating Expense": 133865000.0,
        "Other Operating Expenses": 58176000.0,
        "Selling General And Administration": 75689000.0,
        "General And Administrative Expense": 75689000.0,
        "Salaries And Wages": 75689000.0,
        "Gross Profit": 288289000.0,
        "Cost Of Revenue": 304929000.0,
        "Total Revenue": 593218000.0,
        "Operating Revenue": 593218000.0
    },
    "2022-06-30": {
        "Tax Effect Of Unusual Items": -1918366.789731,
        "Tax Rate For Calcs": 0.243386,
        "Normalized EBITDA": 285483000.0,
        "Total Unusual Items": -7882000.0,
        "Total Unusual Items Excluding Goodwill": -7882000.0,
        "Net Income From Continuing Operation Net Minority Interest": 185323000.0,
        "Reconciled Depreciation": 20185000.0,
        "Reconciled Cost Of Revenue": 389934000.0,
        "EBITDA": 277601000.0,
        "EBIT": 257416000.0,
        "Net Interest Income": -12829000.0,
        "Interest Expense": 12829000.0,
        "Normalized Income": 191286633.210269,
        "Net Income From Continuing And Discontinued Operation": 185323000.0,
        "Total Expenses": 575510000.0,
        "Total Operating Income As Reported": 265298000.0,
        "Diluted Average Shares": 188538000.0,
        "Basic Average Shares": 187441000.0,
        "Diluted EPS": 0.98,
        "Basic EPS": 0.99,
        "Diluted NI Availto Com Stockholders": 185323000.0,
        "Net Income Common Stockholders": 185323000.0,
        "Net Income": 185323000.0,
        "Minority Interests": 265000.0,
        "Net Income Including Noncontrolling Interests": 185058000.0,
        "Net Income Continuous Operations": 185058000.0,
        "Tax Provision": 59529000.0,
        "Pretax Income": 244587000.0,
        "Other Income Expense": -7882000.0,
        "Special Income Charges": NaN,
        "Write Off": NaN,
        "Impairment Of Capital Assets": NaN,
        "Gain On Sale Of Security": -7882000.0,
        "Net Non Operating Interest Income Expense": -12829000.0,
        "Total Other Finance Cost": 12829000.0,
        "Interest Expense Non Operating": 12829000.0,
        "Operating Income": 265298000.0,
        "Operating Expense": 185576000.0,
        "Other Operating Expenses": 104872000.0,
        "Selling General And Administration": 80704000.0,
        "General And Administrative Expense": 80704000.0,
        "Salaries And Wages": 80704000.0,
        "Gross Profit": 450874000.0,
        "Cost Of Revenue": 389934000.0,
        "Total Revenue": 840808000.0,
        "Operating Revenue": 840808000.0
    },
    "2022-03-31": {
        "Diluted EPS": 0.8,
        "Total Revenue": 715,
        "Gross Profit": 375,
        "Operating Income": 211,
        "EBIT": 232,
        "Net Income": 151
    },
    "2021-12-31": {
        "Diluted EPS": 0.3,
        "Total Revenue": 570,
        "Gross Profit": 198,
        "Operating Income": 56,
        "EBIT": 80,
        "Net Income": 51
    },
    "2021-09-30": {
        "Diluted EPS": -0.54,
        "Total Revenue": 429,
        "Gross Profit": 134,
        "Operating Income": 11,
        "EBIT": 35,
        "Net Income": -97
    },
    "2021-06-30": {
        "Diluted EPS": 0.01,
        "Total Revenue": 419,
        "Gross Profit": 151,
        "Operating Income": 8,
        "EBIT": 32,
        "Net Income": 2
    },
    "2021-03-31": {
        "Diluted EPS": -0.4,
        "Total Revenue": 361,
        "Gross Profit": 111,
        "Operating Income": -44,
        "EBIT": -19,
        "Net Income": -67
    },
    "2020-12-31": {
        "Diluted EPS": -0.47,
        "Total Revenue": -209,
        "Gross Profit": -117,
        "Operating Income": -61,
        "EBIT": -35,
        "Net Income": -86
    },
    "2020-09-30": {
        "Diluted EPS": -0.28,
        "Total Revenue": 263,
        "Gross Profit": 96,
        "Operating Income": -39,
        "EBIT": 16,
        "Net Income": -47
    },
    "2020-06-30": {
        "Diluted EPS": -0.39,
        "Total Revenue": 780,
        "Gross Profit": 262,
        "Operating Income": -36,
        "EBIT": -37,
        "Net Income": -65
    },
    "2020-03-31": {
        "Diluted EPS": -0.28,
        "Total Revenue": 311,
        "Gross Profit": 68,
        "Operating Income": -49,
        "EBIT": -20,
        "Net Income": -48
    },
    "2019-12-31": {
        "Diluted EPS": -0.93,
        "Total Revenue": 377,
        "Gross Profit": 62,
        "Operating Income": -79,
        "EBIT": 15,
        "Net Income": -72
    },
    "2019-09-30": {
        "Diluted EPS": -0.83,
        "Total Revenue": 382,
        "Gross Profit": 104,
        "Operating Income": -213,
        "EBIT": -247,
        "Net Income": -141
    },
    "2019-06-30": {
        "Diluted EPS": -0.24,
        "Total Revenue": 409,
        "Gross Profit": 117,
        "Operating Income": -37,
        "EBIT": -6,
        "Net Income": -41
    },
    "2019-03-31": {
        "Diluted EPS": -0.16,
        "Total Revenue": 447,
        "Gross Profit": 118,
        "Operating Income": -27,
        "EBIT": 5,
        "Net Income": -27
    },
    "2018-12-31": {
        "Diluted EPS": -0.34,
        "Total Revenue": 579,
        "Gross Profit": 131,
        "Operating Income": -79,
        "EBIT": 9,
        "Net Income": -59
    },
    "2018-09-30": {
        "Diluted EPS": -0.01,
        "Total Revenue": 524,
        "Gross Profit": 190,
        "Operating Income": 14,
        "EBIT": -13,
        "Net Income": -1
    },
    "2018-06-30": {
        "Diluted EPS": 0.39,
        "Total Revenue": 578,
        "Gross Profit": 234,
        "Operating Income": 99,
        "EBIT": 129,
        "Net Income": 67
    },
    "2018-03-31": {
        "Diluted EPS": 0.21,
        "Total Revenue": 561,
        "Gross Profit": 240,
        "Operating Income": 65,
        "EBIT": 93,
        "Net Income": 37
    },
    "2017-12-31": {
        "Diluted EPS": 0.04,
        "Total Revenue": 468,
        "Gross Profit": 184,
        "Operating Income": -2,
        "EBIT": 22,
        "Net Income": 6
    },
    "2017-09-30": {
        "Diluted EPS": -0.02,
        "Total Revenue": 452,
        "Gross Profit": 184,
        "Operating Income": 27,
        "EBIT": 54,
        "Net Income": -3
    },
    "2017-06-30": {
        "Diluted EPS": 0.02,
        "Total Revenue": 426,
        "Gross Profit": 176,
        "Operating Income": 10,
        "EBIT": 37,
        "Net Income": 3
    },
    "2017-03-31": {
        "Diluted EPS": -0.04,
        "Total Revenue": 396,
        "Gross Profit": 155,
        "Operating Income": 4,
        "EBIT": 31,
        "Net Income": -7
    },
    "2016-12-31": {
        "Diluted EPS": -1.4,
        "Total Revenue": 398,
        "Gross Profit": 125,
        "Operating Income": -243,
        "EBIT": -216,
        "Net Income": -242
    },
    "2016-09-30": {
        "Diluted EPS": -0.17,
        "Total Revenue": 365,
        "Gross Profit": 128,
        "Operating Income": -34,
        "EBIT": -3,
        "Net Income": -29
    },
    "2016-06-30": {
        "Diluted EPS": -0.25,
        "Total Revenue": 398,
        "Gross Profit": 145,
        "Operating Income": -71,
        "EBIT": -47,
        "Net Income": -42
    },
    "2016-03-31": {
        "Diluted EPS": -0.15,
        "Total Revenue": 416,
        "Gross Profit": 134,
        "Operating Income": -25,
        "EBIT": 18,
        "Net Income": -26
    },
    "2015-09-30": {
        "Diluted EPS": 0.08,
        "Total Revenue": 175,
        "Gross Profit": 26,
        "Operating Income": 11,
        "EBIT": 11,
        "Net Income": 6
    },
    "2015-06-30": {
        "Diluted EPS": 0.0,
        "Total Revenue": NaN,
        "Gross Profit": NaN,
        "Operating Income": NaN,
        "EBIT": NaN,
        "Net Income": NaN
    },
    "2015-03-31": {
        "Diluted EPS": 0.1,
        "Total Revenue": 195,
        "Gross Profit": 41,
        "Operating Income": 16,
        "EBIT": 50,
        "Net Income": 8
    },
    "2014-12-31": {
        "Diluted EPS": 0.13,
        "Total Revenue": 198,
        "Gross Profit": 40,
        "Operating Income": 198,
        "EBIT": 209,
        "Net Income": 10
    },
    "2014-09-30": {
        "Diluted EPS": 0.16,
        "Total Revenue": 206,
        "Gross Profit": 37,
        "Operating Income": 22,
        "EBIT": 22,
        "Net Income": 12
    },
    "2014-06-30": {
        "Diluted EPS": 0.0,
        "Total Revenue": NaN,
        "Gross Profit": NaN,
        "Operating Income": NaN,
        "EBIT": NaN,
        "Net Income": NaN
    },
    "2014-03-31": {
        "Diluted EPS": 0.02,
        "Total Revenue": 196,
        "Gross Profit": 31,
        "Operating Income": 8,
        "EBIT": 40,
        "Net Income": 2
    },
    "2013-12-31": {
        "Diluted EPS": 0.28,
        "Total Revenue": 178,
        "Gross Profit": 28,
        "Operating Income": 178,
        "EBIT": 188,
        "Net Income": 21
    },
    "2013-09-30": {
        "Diluted EPS": -0.09,
        "Total Revenue": 173,
        "Gross Profit": 21,
        "Operating Income": -4,
        "EBIT": -4,
        "Net Income": -7
    },
    "2013-06-30": {
        "Diluted EPS": 0.0,
        "Total Revenue": NaN,
        "Gross Profit": NaN,
        "Operating Income": NaN,
        "EBIT": NaN,
        "Net Income": NaN
    },
    "2013-03-31": {
        "Diluted EPS": -0.53,
        "Total Revenue": 196,
        "Gross Profit": 15,
        "Operating Income": -43,
        "EBIT": -12,
        "Net Income": -40
    },
    "2012-12-31": {
        "Diluted EPS": 0.2,
        "Total Revenue": 180,
        "Gross Profit": 32,
        "Operating Income": 180,
        "EBIT": 190,
        "Net Income": 15
    },
    "2012-09-30": {
        "Diluted EPS": -0.08,
        "Total Revenue": 201,
        "Gross Profit": 32,
        "Operating Income": -6,
        "EBIT": -6,
        "Net Income": -6
    },
    "2012-06-30": {
        "Diluted EPS": 0.0,
        "Total Revenue": NaN,
        "Gross Profit": NaN,
        "Operating Income": NaN,
        "EBIT": NaN,
        "Net Income": NaN
    },
    "2012-03-31": {
        "Diluted EPS": 0.15,
        "Total Revenue": 173,
        "Gross Profit": 34,
        "Operating Income": 20,
        "EBIT": 44,
        "Net Income": 12
    },
    "2011-12-31": {
        "Diluted EPS": 0.18,
        "Total Revenue": 166,
        "Gross Profit": 36,
        "Operating Income": 166,
        "EBIT": 174,
        "Net Income": 13
    },
    "2011-09-30": {
        "Diluted EPS": 0.27,
        "Total Revenue": 175,
        "Gross Profit": 47,
        "Operating Income": 32,
        "EBIT": 32,
        "Net Income": 21
    },
    "2011-06-30": {
        "Diluted EPS": 0.0,
        "Total Revenue": NaN,
        "Gross Profit": NaN,
        "Operating Income": NaN,
        "EBIT": NaN,
        "Net Income": NaN
    },
    "2011-03-31": {
        "Diluted EPS": 0.3,
        "Total Revenue": 173,
        "Gross Profit": 51,
        "Operating Income": 37,
        "EBIT": 55,
        "Net Income": 23
    },
    "2010-12-31": {
        "Diluted EPS": 0.15,
        "Total Revenue": 156,
        "Gross Profit": 33,
        "Operating Income": 156,
        "EBIT": 162,
        "Net Income": 12
    },
    "2010-09-30": {
        "Diluted EPS": 0.03,
        "Total Revenue": 137,
        "Gross Profit": 20,
        "Operating Income": 8,
        "EBIT": 8,
        "Net Income": 2
    },
    "2010-06-30": {
        "Diluted EPS": 0.0,
        "Total Revenue": NaN,
        "Gross Profit": NaN,
        "Operating Income": NaN,
        "EBIT": NaN,
        "Net Income": NaN
    },
    "2010-03-31": {
        "Diluted EPS": 0.01,
        "Total Revenue": 112,
        "Gross Profit": 13,
        "Operating Income": 3,
        "EBIT": 18,
        "Net Income": 1
    },
    "2009-12-31": {
        "Diluted EPS": 0.25,
        "Total Revenue": 108,
        "Gross Profit": 20,
        "Operating Income": 30,
        "EBIT": 35,
        "Net Income": 19
    },
    "2009-09-30": {
        "Diluted EPS": 0.12,
        "Total Revenue": 105,
        "Gross Profit": 25,
        "Operating Income": 12,
        "EBIT": -2,
        "Net Income": 8
    },
    "2009-06-30": {
        "Diluted EPS": 0.02,
        "Total Revenue": 82,
        "Gross Profit": 14,
        "Operating Income": 1,
        "EBIT": 6,
        "Net Income": 2
    },
    "2009-03-31": {
        "Diluted EPS": 0.01,
        "Total Revenue": 76,
        "Gross Profit": 13,
        "Operating Income": 1,
        "EBIT": 16,
        "Net Income": 1
    },
    "2023-06-30": {
        "Tax Effect Of Unusual Items": -2267992.365333,
        "Tax Rate For Calcs": 0.362647,
        "Normalized EBITDA": 80185000.0,
        "Total Unusual Items": -6254000.0,
        "Total Unusual Items Excluding Goodwill": -6254000.0,
        "Net Income From Continuing Operation Net Minority Interest": 31908000.0,
        "Reconciled Depreciation": 16452000.0,
        "Reconciled Cost Of Revenue": 268722000.0,
        "EBITDA": 73931000.0,
        "EBIT": 57479000.0,
        "Net Interest Income": -895000.0,
        "Interest Expense": 895000.0,
        "Normalized Income": 35894007.634667,
        "Net Income From Continuing And Discontinued Operation": 31908000.0,
        "Total Expenses": 392708000.0,
        "Total Operating Income As Reported": 62846000.0,
        "Diluted Average Shares": 190174000.0,
        "Basic Average Shares": 187872000.0,
        "Diluted EPS": 0.17,
        "Basic EPS": 0.17,
        "Diluted NI Availto Com Stockholders": 31908000.0,
        "Net Income Common Stockholders": 31908000.0,
        "Net Income": 31908000.0,
        "Minority Interests": -4156000.0,
        "Net Income Including Noncontrolling Interests": 36064000.0,
        "Net Income Continuous Operations": 36064000.0,
        "Tax Provision": 20520000.0,
        "Pretax Income": 56584000.0,
        "Other Income Expense": -6254000.0,
        "Special Income Charges": -887000.0,
        "Write Off": 887000.0,
        "Impairment Of Capital Assets": NaN,
        "Gain On Sale Of Security": -5367000.0,
        "Net Non Operating Interest Income Expense": -895000.0,
        "Interest Expense Non Operating": 895000.0,
        "Operating Income": 63733000.0,
        "Operating Expense": 123986000.0,
        "Other Operating Expenses": 49014000.0,
        "Selling General And Administration": 74972000.0,
        "General And Administrative Expense": 74972000.0,
        "Salaries And Wages": 74972000.0,
        "Gross Profit": 187719000.0,
        "Cost Of Revenue": 268722000.0,
        "Total Revenue": 456441000.0,
        "Operating Revenue": 456441000.0
    },
    "2023-09-30": {
        "Tax Effect Of Unusual Items": 77289.622586,
        "Tax Rate For Calcs": 0.34659,
        "Normalized EBITDA": 95454000.0,
        "Total Unusual Items": 223000.0,
        "Total Unusual Items Excluding Goodwill": 223000.0,
        "Net Income From Continuing Operation Net Minority Interest": 40884000.0,
        "Reconciled Depreciation": 19000000.0,
        "Reconciled Cost Of Revenue": 214600000.0,
        "EBITDA": 95677000.0,
        "EBIT": 76677000.0,
        "Net Interest Income": -9165000.0,
        "Interest Expense": 9165000.0,
        "Normalized Income": 40738289.622586,
        "Net Income From Continuing And Discontinued Operation": 40884000.0,
        "Total Expenses": 340356000.0,
        "Total Operating Income As Reported": 75419000.0,
        "Diluted Average Shares": 190531000.0,
        "Basic Average Shares": 187872000.0,
        "Diluted EPS": 0.21,
        "Basic EPS": 0.22,
        "Diluted NI Availto Com Stockholders": 40884000.0,
        "Net Income Common Stockholders": 40884000.0,
        "Net Income": 40884000.0,
        "Minority Interests": -3229000.0,
        "Net Income Including Noncontrolling Interests": 44113000.0,
        "Net Income Continuous Operations": 44113000.0,
        "Tax Provision": 23399000.0,
        "Pretax Income": 67512000.0,
        "Other Income Expense": 223000.0,
        "Special Income Charges": -1035000.0,
        "Write Off": 1035000.0,
        "Impairment Of Capital Assets": NaN,
        "Gain On Sale Of Security": 1258000.0,
        "Net Non Operating Interest Income Expense": -9165000.0,
        "Interest Expense Non Operating": 9165000.0,
        "Operating Income": 76454000.0,
        "Operating Expense": 125756000.0,
        "Other Operating Expenses": 42174000.0,
        "Selling General And Administration": 83582000.0,
        "General And Administrative Expense": 83582000.0,
        "Salaries And Wages": 83582000.0,
        "Gross Profit": 202210000.0,
        "Cost Of Revenue": 214600000.0,
        "Total Revenue": 416810000.0,
        "Operating Revenue": 416810000.0
    }
}