{
    "2023-03-31": {
        "Tax Effect Of Unusual Items": NaN,
        "Tax Rate For Calcs": NaN,
        "Normalized EBITDA": NaN,
        "Total Unusual Items": NaN,
        "Total Unusual Items Excluding Goodwill": NaN,
        "Net Income From Continuing Operation Net Minority Interest": NaN,
        "Reconciled Depreciation": NaN,
        "Reconciled Cost Of Revenue": NaN,
        "EBITDA": NaN,
        "EBIT": NaN,
        "Net Interest Income": NaN,
        "Interest Expense": NaN,
        "Interest Income": NaN,
        "Normalized Income": NaN,
        "Net Income From Continuing And Discontinued Operation": NaN,
        "Total Expenses": NaN,
        "Total Operating Income As Reported": NaN,
        "Diluted Average Shares": 12978504.0,
        "Basic Average Shares": 12978504.0,
        "Diluted EPS": 0.11,
        "Basic EPS": 0.11,
        "Diluted NI Availto Com Stockholders": NaN,
        "Net Income Common Stockholders": NaN,
        "Net Income": NaN,
        "Minority Interests": NaN,
        "Net Income Including Noncontrolling Interests": NaN,
        "Net Income Continuous Operations": NaN,
        "Tax Provision": NaN,
        "Pretax Income": NaN,
        "Other Income Expense": NaN,
        "Other Non Operating Income Expenses": NaN,
        "Special Income Charges": 0.0,
        "Gain On Sale Of Ppe": 0.0,
        "Gain On Sale Of Security": NaN,
        "Net Non Operating Interest Income Expense": NaN,
        "Interest Expense Non Operating": NaN,
        "Interest Income Non Operating": NaN,
        "Operating Income": NaN,
        "Operating Expense": NaN,
        "Research And Development": NaN,
        "Selling General And Administration": NaN,
        "Selling And Marketing Expense": NaN,
        "General And Administrative Expense": NaN,
        "Other Gand A": NaN,
        "Gross Profit": NaN,
        "Cost Of Revenue": NaN,
        "Total Revenue": NaN,
        "Operating Revenue": NaN
    },
    "2022-12-31": {
        "Tax Effect Of Unusual Items": NaN,
        "Tax Rate For Calcs": NaN,
        "Normalized EBITDA": NaN,
        "Total Unusual Items": NaN,
        "Total Unusual Items Excluding Goodwill": NaN,
        "Net Income From Continuing Operation Net Minority Interest": NaN,
        "Reconciled Depreciation": NaN,
        "Reconciled Cost Of Revenue": NaN,
        "EBITDA": NaN,
        "EBIT": NaN,
        "Net Interest Income": NaN,
        "Interest Expense": NaN,
        "Interest Income": NaN,
        "Normalized Income": NaN,
        "Net Income From Continuing And Discontinued Operation": NaN,
        "Total Expenses": NaN,
        "Total Operating Income As Reported": NaN,
        "Diluted Average Shares": NaN,
        "Basic Average Shares": NaN,
        "Diluted EPS": NaN,
        "Basic EPS": NaN,
        "Diluted NI Availto Com Stockholders": NaN,
        "Net Income Common Stockholders": NaN,
        "Net Income": NaN,
        "Minority Interests": NaN,
        "Net Income Including Noncontrolling Interests": NaN,
        "Net Income Continuous Operations": NaN,
        "Tax Provision": NaN,
        "Pretax Income": NaN,
        "Other Income Expense": NaN,
        "Other Non Operating Income Expenses": NaN,
        "Special Income Charges": -816.0,
        "Gain On Sale Of Ppe": -816.0,
        "Gain On Sale Of Security": NaN,
        "Net Non Operating Interest Income Expense": NaN,
        "Interest Expense Non Operating": NaN,
        "Interest Income Non Operating": NaN,
        "Operating Income": NaN,
        "Operating Expense": NaN,
        "Research And Development": NaN,
        "Selling General And Administration": NaN,
        "Selling And Marketing Expense": NaN,
        "General And Administrative Expense": NaN,
        "Other Gand A": NaN,
        "Gross Profit": NaN,
        "Cost Of Revenue": NaN,
        "Total Revenue": NaN,
        "Operating Revenue": NaN
    },
    "2022-09-30": {
        "Tax Effect Of Unusual Items": NaN,
        "Tax Rate For Calcs": NaN,
        "Normalized EBITDA": NaN,
        "Total Unusual Items": NaN,
        "Total Unusual Items Excluding Goodwill": NaN,
        "Net Income From Continuing Operation Net Minority Interest": NaN,
        "Reconciled Depreciation": NaN,
        "Reconciled Cost Of Revenue": NaN,
        "EBITDA": NaN,
        "EBIT": NaN,
        "Net Interest Income": NaN,
        "Interest Expense": NaN,
        "Interest Income": NaN,
        "Normalized Income": NaN,
        "Net Income From Continuing And Discontinued Operation": NaN,
        "Total Expenses": NaN,
        "Total Operating Income As Reported": NaN,
        "Diluted Average Shares": 12222387.0,
        "Basic Average Shares": 12222387.0,
        "Diluted EPS": 0.1,
        "Basic EPS": 0.1,
        "Diluted NI Availto Com Stockholders": NaN,
        "Net Income Common Stockholders": NaN,
        "Net Income": NaN,
        "Minority Interests": NaN,
        "Net Income Including Noncontrolling Interests": NaN,
        "Net Income Continuous Operations": NaN,
        "Tax Provision": NaN,
        "Pretax Income": NaN,
        "Other Income Expense": NaN,
        "Other Non Operating Income Expenses": NaN,
        "Special Income Charges": NaN,
        "Gain On Sale Of Ppe": NaN,
        "Gain On Sale Of Security": NaN,
        "Net Non Operating Interest Income Expense": NaN,
        "Interest Expense Non Operating": NaN,
        "Interest Income Non Operating": NaN,
        "Operating Income": NaN,
        "Operating Expense": NaN,
        "Research And Development": NaN,
        "Selling General And Administration": NaN,
        "Selling And Marketing Expense": NaN,
        "General And Administrative Expense": NaN,
        "Other Gand A": NaN,
        "Gross Profit": NaN,
        "Cost Of Revenue": NaN,
        "Total Revenue": NaN,
        "Operating Revenue": NaN
    },
    "2022-06-30": {
        "Tax Effect Of Unusual Items": 0.966012,
        "Tax Rate For Calcs": 0.096601,
        "Normalized EBITDA": 3307932.0,
        "Total Unusual Items": 10.0,
        "Total Unusual Items Excluding Goodwill": 10.0,
        "Net Income From Continuing Operation Net Minority Interest": 1487264.0,
        "Reconciled Depreciation": 582431.0,
        "Reconciled Cost Of Revenue": 15763344.0,
        "EBITDA": 3307942.0,
        "EBIT": 2725511.0,
        "Net Interest Income": -81764.0,
        "Interest Expense": 91651.0,
        "Interest Income": 9887.0,
        "Normalized Income": 1487254.966012,
        "Net Income From Continuing And Discontinued Operation": 1487264.0,
        "Total Expenses": 18388601.0,
        "Total Operating Income As Reported": 2213904.0,
        "Diluted Average Shares": 11329530.0,
        "Basic Average Shares": 11329530.0,
        "Diluted EPS": 0.13,
        "Basic EPS": 0.13,
        "Diluted NI Availto Com Stockholders": 1487264.0,
        "Net Income Common Stockholders": 1487264.0,
        "Net Income": 1487264.0,
        "Minority Interests": -892162.0,
        "Net Income Including Noncontrolling Interests": 2379426.0,
        "Net Income Continuous Operations": 2379426.0,
        "Tax Provision": 254434.0,
        "Pretax Income": 2633860.0,
        "Other Income Expense": 501720.0,
        "Other Non Operating Income Expenses": 501710.0,
        "Special Income Charges": 10.0,
        "Gain On Sale Of Ppe": 10.0,
        "Net Non Operating Interest Income Expense": -81764.0,
        "Interest Expense Non Operating": 91651.0,
        "Interest Income Non Operating": 9887.0,
        "Operating Income": 2213904.0,
        "Operating Expense": 2625257.0,
        "Research And Development": 862535.0,
        "Selling General And Administration": 1762722.0,
        "Selling And Marketing Expense": 518088.0,
        "General And Administrative Expense": 1244634.0,
        "Other Gand A": 1244634.0,
        "Gross Profit": 4839161.0,
        "Cost Of Revenue": 15763344.0,
        "Total Revenue": 20602505.0,
        "Operating Revenue": 20602505.0
    },
    "2022-03-31": {
        "Diluted EPS": 0.16,
        "Total Revenue": 29,
        "Gross Profit": 6,
        "Operating Income": 3,
        "EBIT": 4,
        "Net Income": 2
    },
    "2021-12-31": {
        "Diluted EPS": 0.02,
        "Total Revenue": 23,
        "Gross Profit": 4,
        "Operating Income": 0,
        "EBIT": 1,
        "Net Income": 0
    },
    "2021-09-30": {
        "Diluted EPS": 0.09,
        "Total Revenue": 23,
        "Gross Profit": 5,
        "Operating Income": 2,
        "EBIT": 3,
        "Net Income": 1
    },
    "2021-06-30": {
        "Diluted EPS": 0.26,
        "Total Revenue": 28,
        "Gross Profit": 6,
        "Operating Income": 3,
        "EBIT": 4,
        "Net Income": 3
    },
    "2021-03-31": {
        "Diluted EPS": 0.21,
        "Total Revenue": 25,
        "Gross Profit": 5,
        "Operating Income": 3,
        "EBIT": 3,
        "Net Income": 2
    },
    "2020-12-31": {
        "Diluted EPS": 0.49,
        "Total Revenue": 24,
        "Gross Profit": 5,
        "Operating Income": 3,
        "EBIT": 3,
        "Net Income": 5
    },
    "2020-09-30": {
        "Diluted EPS": 0.02,
        "Total Revenue": 17,
        "Gross Profit": 3,
        "Operating Income": 2,
        "EBIT": 3,
        "Net Income": 0
    },
    "2020-06-30": {
        "Diluted EPS": 0.13,
        "Total Revenue": 17,
        "Gross Profit": 3,
        "Operating Income": 2,
        "EBIT": 2,
        "Net Income": 1
    },
    "2020-03-31": {
        "Diluted EPS": 0.03,
        "Total Revenue": 10,
        "Gross Profit": 2,
        "Operating Income": 0,
        "EBIT": 1,
        "Net Income": 0
    },
    "2019-12-31": {
        "Diluted EPS": 1.05,
        "Total Revenue": 12,
        "Gross Profit": 4,
        "Operating Income": -9,
        "EBIT": -8,
        "Net Income": 5
    },
    "2019-09-30": {
        "Diluted EPS": 0.02,
        "Total Revenue": 12,
        "Gross Profit": 2,
        "Operating Income": 1,
        "EBIT": 2,
        "Net Income": 0
    },
    "2019-08-31": {
        "Diluted EPS": -0.2,
        "Total Revenue": NaN,
        "Gross Profit": NaN,
        "Operating Income": 0,
        "EBIT": 0,
        "Net Income": 0
    },
    "2019-06-30": {
        "Diluted EPS": 0.15,
        "Total Revenue": 13,
        "Gross Profit": 3,
        "Operating Income": 2,
        "EBIT": 3,
        "Net Income": 1
    },
    "2019-05-31": {
        "Diluted EPS": -0.18,
        "Total Revenue": NaN,
        "Gross Profit": NaN,
        "Operating Income": 0,
        "EBIT": 0,
        "Net Income": 0
    },
    "2019-03-31": {
        "Diluted EPS": 0.21,
        "Total Revenue": 16,
        "Gross Profit": 4,
        "Operating Income": 2,
        "EBIT": 3,
        "Net Income": 2
    },
    "2019-02-28": {
        "Diluted EPS": -0.11,
        "Total Revenue": NaN,
        "Gross Profit": NaN,
        "Operating Income": 0,
        "EBIT": 0,
        "Net Income": 0
    },
    "2018-12-31": {
        "Diluted EPS": 0.0,
        "Total Revenue": NaN,
        "Gross Profit": NaN,
        "Operating Income": -51,
        "EBIT": -51,
        "Net Income": 6
    },
    "2018-11-30": {
        "Diluted EPS": 0.0,
        "Total Revenue": NaN,
        "Gross Profit": NaN,
        "Operating Income": NaN,
        "EBIT": NaN,
        "Net Income": NaN
    },
    "2018-08-31": {
        "Diluted EPS": -0.06,
        "Total Revenue": NaN,
        "Gross Profit": NaN,
        "Operating Income": 0,
        "EBIT": 0,
        "Net Income": 0
    },
    "2018-05-31": {
        "Diluted EPS": -0.01,
        "Total Revenue": NaN,
        "Gross Profit": NaN,
        "Operating Income": 0,
        "EBIT": 0,
        "Net Income": 0
    },
    "2018-03-31": {
        "Diluted EPS": 0.0,
        "Total Revenue": NaN,
        "Gross Profit": NaN,
        "Operating Income": 0,
        "EBIT": 0,
        "Net Income": 0
    },
    "2023-06-30": {
        "Tax Effect Of Unusual Items": -22.450089,
        "Tax Rate For Calcs": 0.093933,
        "Normalized EBITDA": 3848366.0,
        "Total Unusual Items": -239.0,
        "Total Unusual Items Excluding Goodwill": -239.0,
        "Net Income From Continuing Operation Net Minority Interest": 2399138.0,
        "Reconciled Depreciation": 523612.0,
        "Reconciled Cost Of Revenue": 16641612.0,
        "EBITDA": 3848127.0,
        "EBIT": 3324515.0,
        "Net Interest Income": -34821.0,
        "Interest Expense": 79504.0,
        "Interest Income": 44683.0,
        "Normalized Income": 2399354.549911,
        "Net Income From Continuing And Discontinued Operation": 2399138.0,
        "Total Expenses": 20160610.0,
        "Total Operating Income As Reported": 3408839.0,
        "Diluted Average Shares": 12978504.0,
        "Basic Average Shares": 12978504.0,
        "Diluted EPS": 0.18,
        "Basic EPS": 0.18,
        "Diluted NI Availto Com Stockholders": 2399138.0,
        "Net Income Common Stockholders": 2399138.0,
        "Net Income": 2399138.0,
        "Minority Interests": -541058.0,
        "Net Income Including Noncontrolling Interests": 2940196.0,
        "Net Income Continuous Operations": 2940196.0,
        "Tax Provision": 304815.0,
        "Pretax Income": 3245011.0,
        "Other Income Expense": -129007.0,
        "Other Non Operating Income Expenses": -128768.0,
        "Special Income Charges": -239.0,
        "Gain On Sale Of Ppe": -239.0,
        "Gain On Sale Of Security": NaN,
        "Net Non Operating Interest Income Expense": -34821.0,
        "Interest Expense Non Operating": 79504.0,
        "Interest Income Non Operating": 44683.0,
        "Operating Income": 3408839.0,
        "Operating Expense": 3518998.0,
        "Research And Development": 1425394.0,
        "Selling General And Administration": 2093604.0,
        "Selling And Marketing Expense": 574040.0,
        "General And Administrative Expense": 1519564.0,
        "Other Gand A": 1519564.0,
        "Gross Profit": 6927837.0,
        "Cost Of Revenue": 16641612.0,
        "Total Revenue": 23569449.0,
        "Operating Revenue": 23569449.0
    },
    "2023-09-30": {
        "Tax Effect Of Unusual Items": -51.0,
        "Tax Rate For Calcs": 0.25,
        "Normalized EBITDA": 1713066.0,
        "Total Unusual Items": -204.0,
        "Total Unusual Items Excluding Goodwill": -204.0,
        "Net Income From Continuing Operation Net Minority Interest": -887420.0,
        "Reconciled Depreciation": 566105.0,
        "Reconciled Cost Of Revenue": 15568224.0,
        "EBITDA": 1712862.0,
        "EBIT": 1146757.0,
        "Net Interest Income": -68710.0,
        "Interest Expense": 72952.0,
        "Interest Income": 4242.0,
        "Normalized Income": -887267.0,
        "Net Income From Continuing And Discontinued Operation": -887420.0,
        "Total Expenses": 19030619.0,
        "Total Operating Income As Reported": 2806142.0,
        "Diluted Average Shares": 13594530.0,
        "Basic Average Shares": 13594530.0,
        "Diluted EPS": -0.07,
        "Basic EPS": -0.07,
        "Diluted NI Availto Com Stockholders": -887420.0,
        "Net Income Common Stockholders": -887420.0,
        "Net Income": -887420.0,
        "Minority Interests": -1082303.0,
        "Net Income Including Noncontrolling Interests": 194883.0,
        "Net Income Continuous Operations": 194883.0,
        "Tax Provision": 878922.0,
        "Pretax Income": 1073805.0,
        "Other Income Expense": -1663627.0,
        "Other Non Operating Income Expenses": -1663423.0,
        "Special Income Charges": -204.0,
        "Gain On Sale Of Ppe": -204.0,
        "Gain On Sale Of Security": NaN,
        "Net Non Operating Interest Income Expense": -68710.0,
        "Interest Expense Non Operating": 72952.0,
        "Interest Income Non Operating": 4242.0,
        "Operating Income": 2806142.0,
        "Operating Expense": 3462395.0,
        "Research And Development": 1245646.0,
        "Selling General And Administration": 2216749.0,
        "Selling And Marketing Expense": 606649.0,
        "General And Administrative Expense": 1610100.0,
        "Other Gand A": 1610100.0,
        "Gross Profit": 6268537.0,
        "Cost Of Revenue": 15568224.0,
        "Total Revenue": 21836761.0,
        "Operating Revenue": 21836761.0
    },
    "2023-12-31": {
        "Tax Effect Of Unusual Items": -355625.25,
        "Tax Rate For Calcs": 0.25,
        "Normalized EBITDA": -28371207.0,
        "Total Unusual Items": -1422501.0,
        "Total Unusual Items Excluding Goodwill": -1422501.0,
        "Net Income From Continuing Operation Net Minority Interest": -18837809.0,
        "Reconciled Depreciation": 558307.0,
        "Reconciled Cost Of Revenue": 16921471.0,
        "EBITDA": -29793708.0,
        "EBIT": -30352015.0,
        "Net Interest Income": 32315.0,
        "Interest Expense": 31461.0,
        "Interest Income": 63776.0,
        "Normalized Income": -17770933.25,
        "Net Income From Continuing And Discontinued Operation": -18837809.0,
        "Total Expenses": 54358123.0,
        "Total Operating Income As Reported": 2190096.0,
        "Diluted Average Shares": NaN,
        "Basic Average Shares": NaN,
        "Diluted EPS": NaN,
        "Basic EPS": NaN,
        "Diluted NI Availto Com Stockholders": -18837809.0,
        "Net Income Common Stockholders": -18837809.0,
        "Net Income": -18837809.0,
        "Minority Interests": 11773334.0,
        "Net Income Including Noncontrolling Interests": -30611143.0,
        "Net Income Continuous Operations": -30611143.0,
        "Tax Provision": 227667.0,
        "Pretax Income": -30383476.0,
        "Other Income Expense": 1164662.0,
        "Other Non Operating Income Expenses": 2587163.0,
        "Special Income Charges": -330629.0,
        "Gain On Sale Of Ppe": -30629.0,
        "Gain On Sale Of Security": NaN,
        "Net Non Operating Interest Income Expense": 32315.0,
        "Interest Expense Non Operating": 31461.0,
        "Interest Income Non Operating": 63776.0,
        "Operating Income": -31580453.0,
        "Operating Expense": 37436652.0,
        "Research And Development": 1633469.0,
        "Selling General And Administration": 2032634.0,
        "Selling And Marketing Expense": 751661.0,
        "General And Administrative Expense": 1280973.0,
        "Other Gand A": 1280973.0,
        "Gross Profit": 5856199.0,
        "Cost Of Revenue": 16921471.0,
        "Total Revenue": 22777670.0,
        "Operating Revenue": 22777670.0
    },
    "2024-03-31": {
        "Tax Effect Of Unusual Items": 258826.5,
        "Tax Rate For Calcs": 0.25,
        "Normalized EBITDA": 2981622.0,
        "Total Unusual Items": 1035306.0,
        "Total Unusual Items Excluding Goodwill": 1035306.0,
        "Net Income From Continuing Operation Net Minority Interest": 2502203.0,
        "Reconciled Depreciation": 589841.0,
        "Reconciled Cost Of Revenue": 17076522.0,
        "EBITDA": 4016928.0,
        "EBIT": 3427087.0,
        "Net Interest Income": 125373.0,
        "Interest Expense": 43840.0,
        "Interest Income": 169213.0,
        "Normalized Income": 1725723.5,
        "Net Income From Continuing And Discontinued Operation": 2502203.0,
        "Total Expenses": 20797171.0,
        "Total Operating Income As Reported": 1926420.0,
        "Diluted Average Shares": 13594530.0,
        "Basic Average Shares": 13594530.0,
        "Diluted EPS": 0.18,
        "Basic EPS": 0.18,
        "Diluted NI Availto Com Stockholders": 2502203.0,
        "Net Income Common Stockholders": 2502203.0,
        "Net Income": 2502203.0,
        "Minority Interests": -1067045.0,
        "Net Income Including Noncontrolling Interests": 3569248.0,
        "Net Income Continuous Operations": 3569248.0,
        "Tax Provision": -186001.0,
        "Pretax Income": 3383247.0,
        "Other Income Expense": 1331454.0,
        "Other Non Operating Income Expenses": 296148.0,
        "Special Income Charges": NaN,
        "Gain On Sale Of Ppe": NaN,
        "Gain On Sale Of Security": 1035306.0,
        "Net Non Operating Interest Income Expense": 125373.0,
        "Interest Expense Non Operating": 43840.0,
        "Interest Income Non Operating": 169213.0,
        "Operating Income": 1926420.0,
        "Operating Expense": 3720649.0,
        "Research And Development": 987724.0,
        "Selling General And Administration": 2732925.0,
        "Selling And Marketing Expense": 549496.0,
        "General And Administrative Expense": 2183429.0,
        "Other Gand A": 2183429.0,
        "Gross Profit": 5647069.0,
        "Cost Of Revenue": 17076522.0,
        "Total Revenue": 22723591.0,
        "Operating Revenue": 22723591.0
    },
    "2024-06-30": {
        "Tax Effect Of Unusual Items": 194203.656062,
        "Tax Rate For Calcs": 0.103876,
        "Normalized EBITDA": 5223062.0,
        "Total Unusual Items": 1869574.0,
        "Total Unusual Items Excluding Goodwill": 1869574.0,
        "Net Income From Continuing Operation Net Minority Interest": 4650910.0,
        "Reconciled Depreciation": 502643.0,
        "Reconciled Cost Of Revenue": 16243205.0,
        "EBITDA": 7092636.0,
        "EBIT": 6589993.0,
        "Net Interest Income": 179724.0,
        "Interest Expense": 36008.0,
        "Interest Income": 215732.0,
        "Normalized Income": 2975539.656062,
        "Net Income From Continuing And Discontinued Operation": 4650910.0,
        "Total Expenses": 19030906.0,
        "Total Operating Income As Reported": 3986354.0,
        "Diluted Average Shares": 13594530.0,
        "Basic Average Shares": 13594530.0,
        "Diluted EPS": 0.34,
        "Basic EPS": 0.34,
        "Diluted NI Availto Com Stockholders": 4650910.0,
        "Net Income Common Stockholders": 4650910.0,
        "Net Income": 4650910.0,
        "Minority Interests": -1222274.0,
        "Net Income Including Noncontrolling Interests": 5873184.0,
        "Net Income Continuous Operations": 5873184.0,
        "Tax Provision": 680801.0,
        "Pretax Income": 6553985.0,
        "Other Income Expense": 2387907.0,
        "Other Non Operating Income Expenses": 518333.0,
        "Special Income Charges": 556.0,
        "Gain On Sale Of Ppe": 556.0,
        "Gain On Sale Of Security": 1869018.0,
        "Net Non Operating Interest Income Expense": 179724.0,
        "Interest Expense Non Operating": 36008.0,
        "Interest Income Non Operating": 215732.0,
        "Operating Income": 3986354.0,
        "Operating Expense": 2787701.0,
        "Research And Development": 1123063.0,
        "Selling General And Administration": 1664638.0,
        "Selling And Marketing Expense": 465146.0,
        "General And Administrative Expense": 1199492.0,
        "Other Gand A": 1199492.0,
        "Gross Profit": 6774055.0,
        "Cost Of Revenue": 16243205.0,
        "Total Revenue": 23017260.0,
        "Operating Revenue": 23017260.0
    }
}