{
    "2023-03-31": {
        "Tax Effect Of Unusual Items": NaN,
        "Tax Rate For Calcs": NaN,
        "Normalized EBITDA": NaN,
        "Total Unusual Items": NaN,
        "Total Unusual Items Excluding Goodwill": NaN,
        "Net Income From Continuing Operation Net Minority Interest": NaN,
        "Reconciled Depreciation": NaN,
        "Reconciled Cost Of Revenue": NaN,
        "EBITDA": NaN,
        "EBIT": NaN,
        "Net Interest Income": NaN,
        "Interest Expense": 26000.0,
        "Normalized Income": NaN,
        "Net Income From Continuing And Discontinued Operation": NaN,
        "Total Expenses": NaN,
        "Rent Expense Supplemental": NaN,
        "Total Operating Income As Reported": NaN,
        "Diluted Average Shares": NaN,
        "Basic Average Shares": NaN,
        "Diluted EPS": NaN,
        "Basic EPS": NaN,
        "Diluted NI Availto Com Stockholders": NaN,
        "Net Income Common Stockholders": NaN,
        "Net Income": NaN,
        "Minority Interests": NaN,
        "Net Income Including Noncontrolling Interests": NaN,
        "Net Income Continuous Operations": NaN,
        "Tax Provision": NaN,
        "Pretax Income": NaN,
        "Other Income Expense": NaN,
        "Special Income Charges": NaN,
        "Gain On Sale Of Ppe": NaN,
        "Other Special Charges": NaN,
        "Impairment Of Capital Assets": 76000.0,
        "Net Non Operating Interest Income Expense": NaN,
        "Total Other Finance Cost": NaN,
        "Interest Expense Non Operating": 26000.0,
        "Operating Income": NaN,
        "Operating Expense": NaN,
        "Selling General And Administration": NaN,
        "Selling And Marketing Expense": NaN,
        "General And Administrative Expense": NaN,
        "Other Gand A": NaN,
        "Gross Profit": NaN,
        "Cost Of Revenue": NaN,
        "Total Revenue": NaN,
        "Operating Revenue": NaN
    },
    "2022-12-31": {
        "Tax Effect Of Unusual Items": NaN,
        "Tax Rate For Calcs": NaN,
        "Normalized EBITDA": NaN,
        "Total Unusual Items": NaN,
        "Total Unusual Items Excluding Goodwill": NaN,
        "Net Income From Continuing Operation Net Minority Interest": NaN,
        "Reconciled Depreciation": NaN,
        "Reconciled Cost Of Revenue": NaN,
        "EBITDA": NaN,
        "EBIT": NaN,
        "Net Interest Income": NaN,
        "Interest Expense": 12000.0,
        "Normalized Income": NaN,
        "Net Income From Continuing And Discontinued Operation": NaN,
        "Total Expenses": NaN,
        "Rent Expense Supplemental": NaN,
        "Total Operating Income As Reported": NaN,
        "Diluted Average Shares": NaN,
        "Basic Average Shares": NaN,
        "Diluted EPS": NaN,
        "Basic EPS": NaN,
        "Diluted NI Availto Com Stockholders": NaN,
        "Net Income Common Stockholders": NaN,
        "Net Income": NaN,
        "Minority Interests": NaN,
        "Net Income Including Noncontrolling Interests": NaN,
        "Net Income Continuous Operations": NaN,
        "Tax Provision": NaN,
        "Pretax Income": NaN,
        "Other Income Expense": NaN,
        "Special Income Charges": NaN,
        "Gain On Sale Of Ppe": NaN,
        "Other Special Charges": NaN,
        "Impairment Of Capital Assets": NaN,
        "Net Non Operating Interest Income Expense": NaN,
        "Total Other Finance Cost": NaN,
        "Interest Expense Non Operating": 12000.0,
        "Operating Income": NaN,
        "Operating Expense": NaN,
        "Selling General And Administration": NaN,
        "Selling And Marketing Expense": NaN,
        "General And Administrative Expense": NaN,
        "Other Gand A": NaN,
        "Gross Profit": NaN,
        "Cost Of Revenue": NaN,
        "Total Revenue": NaN,
        "Operating Revenue": NaN
    },
    "2022-09-30": {
        "Tax Effect Of Unusual Items": NaN,
        "Tax Rate For Calcs": NaN,
        "Normalized EBITDA": NaN,
        "Total Unusual Items": NaN,
        "Total Unusual Items Excluding Goodwill": NaN,
        "Net Income From Continuing Operation Net Minority Interest": NaN,
        "Reconciled Depreciation": NaN,
        "Reconciled Cost Of Revenue": NaN,
        "EBITDA": NaN,
        "EBIT": NaN,
        "Net Interest Income": NaN,
        "Interest Expense": 13000.0,
        "Normalized Income": NaN,
        "Net Income From Continuing And Discontinued Operation": NaN,
        "Total Expenses": NaN,
        "Rent Expense Supplemental": NaN,
        "Total Operating Income As Reported": NaN,
        "Diluted Average Shares": NaN,
        "Basic Average Shares": NaN,
        "Diluted EPS": NaN,
        "Basic EPS": NaN,
        "Diluted NI Availto Com Stockholders": NaN,
        "Net Income Common Stockholders": NaN,
        "Net Income": NaN,
        "Minority Interests": NaN,
        "Net Income Including Noncontrolling Interests": NaN,
        "Net Income Continuous Operations": NaN,
        "Tax Provision": NaN,
        "Pretax Income": NaN,
        "Other Income Expense": NaN,
        "Special Income Charges": NaN,
        "Gain On Sale Of Ppe": NaN,
        "Other Special Charges": 0.0,
        "Impairment Of Capital Assets": 1381000.0,
        "Net Non Operating Interest Income Expense": NaN,
        "Total Other Finance Cost": NaN,
        "Interest Expense Non Operating": 13000.0,
        "Operating Income": NaN,
        "Operating Expense": NaN,
        "Selling General And Administration": NaN,
        "Selling And Marketing Expense": NaN,
        "General And Administrative Expense": NaN,
        "Other Gand A": NaN,
        "Gross Profit": NaN,
        "Cost Of Revenue": NaN,
        "Total Revenue": NaN,
        "Operating Revenue": NaN
    },
    "2022-06-30": {
        "Tax Effect Of Unusual Items": -363.411619,
        "Tax Rate For Calcs": 0.001236,
        "Normalized EBITDA": 3287000.0,
        "Total Unusual Items": -294000.0,
        "Total Unusual Items Excluding Goodwill": -294000.0,
        "Net Income From Continuing Operation Net Minority Interest": 469000.0,
        "Reconciled Depreciation": 2172000.0,
        "Reconciled Cost Of Revenue": 32196000.0,
        "EBITDA": 2993000.0,
        "EBIT": 821000.0,
        "Net Interest Income": -12000.0,
        "Interest Expense": 12000.0,
        "Normalized Income": 762636.588381,
        "Net Income From Continuing And Discontinued Operation": 469000.0,
        "Total Expenses": 35382000.0,
        "Rent Expense Supplemental": 2383000.0,
        "Total Operating Income As Reported": 821000.0,
        "Diluted Average Shares": 12560658.0,
        "Basic Average Shares": 12457251.0,
        "Diluted EPS": 0.04,
        "Basic EPS": 0.04,
        "Diluted NI Availto Com Stockholders": 469000.0,
        "Net Income Common Stockholders": 469000.0,
        "Net Income": 469000.0,
        "Minority Interests": -339000.0,
        "Net Income Including Noncontrolling Interests": 808000.0,
        "Net Income Continuous Operations": 808000.0,
        "Tax Provision": 1000.0,
        "Pretax Income": 809000.0,
        "Other Income Expense": -294000.0,
        "Special Income Charges": -294000.0,
        "Gain On Sale Of Ppe": 9000.0,
        "Other Special Charges": NaN,
        "Impairment Of Capital Assets": 303000.0,
        "Net Non Operating Interest Income Expense": -12000.0,
        "Total Other Finance Cost": NaN,
        "Interest Expense Non Operating": 12000.0,
        "Operating Income": 1115000.0,
        "Operating Expense": 3186000.0,
        "Selling General And Administration": 3186000.0,
        "Selling And Marketing Expense": 807000.0,
        "General And Administrative Expense": 2379000.0,
        "Other Gand A": 2379000.0,
        "Gross Profit": 4301000.0,
        "Cost Of Revenue": 32196000.0,
        "Total Revenue": 36497000.0,
        "Operating Revenue": 36497000.0
    },
    "2022-03-31": {
        "Diluted EPS": -0.17,
        "Total Revenue": 34,
        "Gross Profit": 5,
        "Operating Income": -2,
        "EBIT": -1,
        "Net Income": -2
    },
    "2021-12-31": {
        "Diluted EPS": 0.03,
        "Total Revenue": 33,
        "Gross Profit": 5,
        "Operating Income": 1,
        "EBIT": 2,
        "Net Income": 0
    },
    "2021-09-30": {
        "Diluted EPS": 0.12,
        "Total Revenue": 34,
        "Gross Profit": 5,
        "Operating Income": 2,
        "EBIT": 4,
        "Net Income": 1
    },
    "2021-06-30": {
        "Diluted EPS": 1.04,
        "Total Revenue": 34,
        "Gross Profit": 6,
        "Operating Income": 2,
        "EBIT": 4,
        "Net Income": 14
    },
    "2021-03-31": {
        "Diluted EPS": 0.09,
        "Total Revenue": 29,
        "Gross Profit": 5,
        "Operating Income": 2,
        "EBIT": 3,
        "Net Income": 1
    },
    "2020-12-31": {
        "Diluted EPS": 0.06,
        "Total Revenue": 27,
        "Gross Profit": 5,
        "Operating Income": 1,
        "EBIT": 3,
        "Net Income": 1
    },
    "2020-09-30": {
        "Diluted EPS": -1.06,
        "Total Revenue": 29,
        "Gross Profit": 5,
        "Operating Income": 2,
        "EBIT": 4,
        "Net Income": 2
    },
    "2020-06-30": {
        "Diluted EPS": 0.02,
        "Total Revenue": 24,
        "Gross Profit": 5,
        "Operating Income": 1,
        "EBIT": 3,
        "Net Income": 0
    },
    "2020-03-31": {
        "Diluted EPS": 0.0,
        "Total Revenue": 26,
        "Gross Profit": 3,
        "Operating Income": -15,
        "EBIT": -12,
        "Net Income": -15
    },
    "2019-12-31": {
        "Diluted EPS": -0.06,
        "Total Revenue": 31,
        "Gross Profit": 3,
        "Operating Income": 0,
        "EBIT": 2,
        "Net Income": -1
    },
    "2019-09-30": {
        "Diluted EPS": -0.33,
        "Total Revenue": 29,
        "Gross Profit": 3,
        "Operating Income": -4,
        "EBIT": -3,
        "Net Income": -4
    },
    "2019-06-30": {
        "Diluted EPS": 0.04,
        "Total Revenue": 29,
        "Gross Profit": 5,
        "Operating Income": 1,
        "EBIT": 2,
        "Net Income": 1
    },
    "2019-03-31": {
        "Diluted EPS": -0.04,
        "Total Revenue": 27,
        "Gross Profit": 4,
        "Operating Income": 0,
        "EBIT": 1,
        "Net Income": 0
    },
    "2018-12-31": {
        "Diluted EPS": -0.08,
        "Total Revenue": 25,
        "Gross Profit": 3,
        "Operating Income": -1,
        "EBIT": 0,
        "Net Income": -1
    },
    "2018-09-30": {
        "Diluted EPS": -0.02,
        "Total Revenue": 27,
        "Gross Profit": 3,
        "Operating Income": 0,
        "EBIT": 1,
        "Net Income": 0
    },
    "2018-06-30": {
        "Diluted EPS": 0.02,
        "Total Revenue": 26,
        "Gross Profit": 4,
        "Operating Income": 1,
        "EBIT": 2,
        "Net Income": 0
    },
    "2018-03-31": {
        "Diluted EPS": -0.03,
        "Total Revenue": 24,
        "Gross Profit": 3,
        "Operating Income": 0,
        "EBIT": 1,
        "Net Income": 0
    },
    "2017-12-31": {
        "Diluted EPS": -0.05,
        "Total Revenue": 23,
        "Gross Profit": 3,
        "Operating Income": 0,
        "EBIT": 0,
        "Net Income": -1
    },
    "2017-09-30": {
        "Diluted EPS": -0.05,
        "Total Revenue": 23,
        "Gross Profit": 3,
        "Operating Income": 0,
        "EBIT": 0,
        "Net Income": -1
    },
    "2017-06-30": {
        "Diluted EPS": -0.02,
        "Total Revenue": 22,
        "Gross Profit": 3,
        "Operating Income": 0,
        "EBIT": 1,
        "Net Income": 0
    },
    "2017-03-31": {
        "Diluted EPS": -0.06,
        "Total Revenue": 18,
        "Gross Profit": 2,
        "Operating Income": -1,
        "EBIT": 0,
        "Net Income": -1
    },
    "2016-12-31": {
        "Diluted EPS": -0.05,
        "Total Revenue": 17,
        "Gross Profit": 2,
        "Operating Income": 0,
        "EBIT": 0,
        "Net Income": -1
    },
    "2016-09-30": {
        "Diluted EPS": -0.01,
        "Total Revenue": 17,
        "Gross Profit": 3,
        "Operating Income": 0,
        "EBIT": 1,
        "Net Income": 0
    },
    "2016-06-30": {
        "Diluted EPS": 0.04,
        "Total Revenue": 18,
        "Gross Profit": 3,
        "Operating Income": 1,
        "EBIT": 1,
        "Net Income": 1
    },
    "2016-03-31": {
        "Diluted EPS": -0.05,
        "Total Revenue": 15,
        "Gross Profit": 2,
        "Operating Income": 0,
        "EBIT": 0,
        "Net Income": -1
    },
    "2015-12-31": {
        "Diluted EPS": -0.09,
        "Total Revenue": 14,
        "Gross Profit": 2,
        "Operating Income": -1,
        "EBIT": 0,
        "Net Income": -1
    },
    "2015-09-30": {
        "Diluted EPS": 0.0,
        "Total Revenue": 15,
        "Gross Profit": 2,
        "Operating Income": 0,
        "EBIT": 1,
        "Net Income": 0
    },
    "2015-06-30": {
        "Diluted EPS": 0.01,
        "Total Revenue": 13,
        "Gross Profit": 3,
        "Operating Income": 0,
        "EBIT": 1,
        "Net Income": 0
    },
    "2015-03-31": {
        "Diluted EPS": -0.05,
        "Total Revenue": 9,
        "Gross Profit": 1,
        "Operating Income": 0,
        "EBIT": 0,
        "Net Income": 0
    },
    "2014-12-31": {
        "Diluted EPS": -0.04,
        "Total Revenue": 8,
        "Gross Profit": 1,
        "Operating Income": 0,
        "EBIT": 0,
        "Net Income": 0
    },
    "2014-09-30": {
        "Diluted EPS": 0.01,
        "Total Revenue": 8,
        "Gross Profit": 1,
        "Operating Income": 0,
        "EBIT": 0,
        "Net Income": 0
    },
    "2014-06-30": {
        "Diluted EPS": 0.02,
        "Total Revenue": 8,
        "Gross Profit": 1,
        "Operating Income": 0,
        "EBIT": 0,
        "Net Income": 0
    },
    "2014-03-31": {
        "Diluted EPS": -0.1,
        "Total Revenue": 6,
        "Gross Profit": 1,
        "Operating Income": 0,
        "EBIT": 0,
        "Net Income": -1
    },
    "2013-12-31": {
        "Diluted EPS": -0.05,
        "Total Revenue": 6,
        "Gross Profit": 1,
        "Operating Income": 0,
        "EBIT": 0,
        "Net Income": 0
    },
    "2013-09-30": {
        "Diluted EPS": -0.04,
        "Total Revenue": 7,
        "Gross Profit": 1,
        "Operating Income": 0,
        "EBIT": 0,
        "Net Income": 0
    },
    "2013-06-30": {
        "Diluted EPS": 0.04,
        "Total Revenue": 6,
        "Gross Profit": 1,
        "Operating Income": 0,
        "EBIT": 0,
        "Net Income": 0
    },
    "2013-03-31": {
        "Diluted EPS": -0.13,
        "Total Revenue": 5,
        "Gross Profit": 0,
        "Operating Income": 0,
        "EBIT": 0,
        "Net Income": 0
    },
    "2012-12-31": {
        "Diluted EPS": -0.14,
        "Total Revenue": 5,
        "Gross Profit": 1,
        "Operating Income": 0,
        "EBIT": 0,
        "Net Income": 0
    },
    "2012-09-30": {
        "Diluted EPS": -0.02,
        "Total Revenue": 5,
        "Gross Profit": 1,
        "Operating Income": 0,
        "EBIT": 0,
        "Net Income": 0
    },
    "2012-06-30": {
        "Diluted EPS": 0.0,
        "Total Revenue": 5,
        "Gross Profit": 1,
        "Operating Income": 0,
        "EBIT": 0,
        "Net Income": 0
    },
    "2012-03-31": {
        "Diluted EPS": -0.14,
        "Total Revenue": 5,
        "Gross Profit": 0,
        "Operating Income": 0,
        "EBIT": 0,
        "Net Income": 0
    },
    "2011-12-31": {
        "Diluted EPS": -0.13,
        "Total Revenue": 5,
        "Gross Profit": 0,
        "Operating Income": 0,
        "EBIT": 0,
        "Net Income": 0
    },
    "2011-09-30": {
        "Diluted EPS": -0.02,
        "Total Revenue": 5,
        "Gross Profit": 1,
        "Operating Income": 0,
        "EBIT": 0,
        "Net Income": 0
    },
    "2011-06-30": {
        "Diluted EPS": 0.0,
        "Total Revenue": 5,
        "Gross Profit": 1,
        "Operating Income": 0,
        "EBIT": 0,
        "Net Income": 0
    },
    "2011-03-31": {
        "Diluted EPS": -0.15,
        "Total Revenue": 5,
        "Gross Profit": 0,
        "Operating Income": 0,
        "EBIT": 0,
        "Net Income": 0
    },
    "2010-12-31": {
        "Diluted EPS": -0.25,
        "Total Revenue": 5,
        "Gross Profit": 0,
        "Operating Income": 0,
        "EBIT": 0,
        "Net Income": 0
    },
    "2010-09-30": {
        "Diluted EPS": -0.41,
        "Total Revenue": 6,
        "Gross Profit": 1,
        "Operating Income": 0,
        "EBIT": 0,
        "Net Income": -1
    },
    "2010-06-30": {
        "Diluted EPS": -0.43,
        "Total Revenue": 6,
        "Gross Profit": 1,
        "Operating Income": 0,
        "EBIT": 0,
        "Net Income": -1
    },
    "2010-03-31": {
        "Diluted EPS": -0.93,
        "Total Revenue": 5,
        "Gross Profit": 0,
        "Operating Income": -1,
        "EBIT": 0,
        "Net Income": -1
    },
    "2009-12-31": {
        "Diluted EPS": -0.49,
        "Total Revenue": 5,
        "Gross Profit": 0,
        "Operating Income": -1,
        "EBIT": 0,
        "Net Income": -1
    },
    "2009-09-30": {
        "Diluted EPS": -0.12,
        "Total Revenue": 6,
        "Gross Profit": 1,
        "Operating Income": 0,
        "EBIT": 0,
        "Net Income": 0
    },
    "2009-06-30": {
        "Diluted EPS": -0.15,
        "Total Revenue": 6,
        "Gross Profit": 1,
        "Operating Income": 0,
        "EBIT": 0,
        "Net Income": 0
    },
    "2009-03-31": {
        "Diluted EPS": -0.39,
        "Total Revenue": 5,
        "Gross Profit": 1,
        "Operating Income": 0,
        "EBIT": 0,
        "Net Income": 0
    },
    "2023-06-30": {
        "Tax Effect Of Unusual Items": NaN,
        "Tax Rate For Calcs": NaN,
        "Normalized EBITDA": NaN,
        "Total Unusual Items": NaN,
        "Total Unusual Items Excluding Goodwill": NaN,
        "Net Income From Continuing Operation Net Minority Interest": NaN,
        "Reconciled Depreciation": NaN,
        "Reconciled Cost Of Revenue": NaN,
        "EBITDA": NaN,
        "EBIT": NaN,
        "Net Interest Income": NaN,
        "Interest Expense": 18000.0,
        "Normalized Income": NaN,
        "Net Income From Continuing And Discontinued Operation": NaN,
        "Total Expenses": NaN,
        "Rent Expense Supplemental": NaN,
        "Total Operating Income As Reported": NaN,
        "Diluted Average Shares": NaN,
        "Basic Average Shares": NaN,
        "Diluted EPS": NaN,
        "Basic EPS": NaN,
        "Diluted NI Availto Com Stockholders": NaN,
        "Net Income Common Stockholders": NaN,
        "Net Income": NaN,
        "Minority Interests": NaN,
        "Net Income Including Noncontrolling Interests": NaN,
        "Net Income Continuous Operations": NaN,
        "Tax Provision": NaN,
        "Pretax Income": NaN,
        "Other Income Expense": NaN,
        "Special Income Charges": NaN,
        "Gain On Sale Of Ppe": NaN,
        "Other Special Charges": NaN,
        "Impairment Of Capital Assets": 965000.0,
        "Net Non Operating Interest Income Expense": NaN,
        "Total Other Finance Cost": 18000.0,
        "Interest Expense Non Operating": 18000.0,
        "Operating Income": NaN,
        "Operating Expense": NaN,
        "Selling General And Administration": NaN,
        "Selling And Marketing Expense": NaN,
        "General And Administrative Expense": NaN,
        "Other Gand A": NaN,
        "Gross Profit": NaN,
        "Cost Of Revenue": NaN,
        "Total Revenue": NaN,
        "Operating Revenue": NaN
    },
    "2023-09-30": {
        "Tax Effect Of Unusual Items": -113190.0,
        "Tax Rate For Calcs": 0.21,
        "Normalized EBITDA": 68000.0,
        "Total Unusual Items": -539000.0,
        "Total Unusual Items Excluding Goodwill": -539000.0,
        "Net Income From Continuing Operation Net Minority Interest": -250000.0,
        "Reconciled Depreciation": 943000.0,
        "Reconciled Cost Of Revenue": 31267000.0,
        "EBITDA": -471000.0,
        "EBIT": -1414000.0,
        "Net Interest Income": -22000.0,
        "Interest Expense": NaN,
        "Normalized Income": 175810.0,
        "Net Income From Continuing And Discontinued Operation": -250000.0,
        "Total Expenses": 34189000.0,
        "Rent Expense Supplemental": 2289000.0,
        "Total Operating Income As Reported": -405000.0,
        "Diluted Average Shares": 11596000.0,
        "Basic Average Shares": 11531000.0,
        "Diluted EPS": -0.02,
        "Basic EPS": -0.02,
        "Diluted NI Availto Com Stockholders": -250000.0,
        "Net Income Common Stockholders": -250000.0,
        "Net Income": -250000.0,
        "Minority Interests": -107000.0,
        "Net Income Including Noncontrolling Interests": -143000.0,
        "Net Income Continuous Operations": -143000.0,
        "Tax Provision": -284000.0,
        "Pretax Income": -427000.0,
        "Other Income Expense": -539000.0,
        "Special Income Charges": -539000.0,
        "Gain On Sale Of Ppe": 9000.0,
        "Other Special Charges": NaN,
        "Impairment Of Capital Assets": 548000.0,
        "Net Non Operating Interest Income Expense": -22000.0,
        "Total Other Finance Cost": NaN,
        "Interest Expense Non Operating": NaN,
        "Operating Income": 134000.0,
        "Operating Expense": 2922000.0,
        "Selling General And Administration": 2922000.0,
        "Selling And Marketing Expense": 835000.0,
        "General And Administrative Expense": 2087000.0,
        "Other Gand A": 2087000.0,
        "Gross Profit": 3056000.0,
        "Cost Of Revenue": 31267000.0,
        "Total Revenue": 34323000.0,
        "Operating Revenue": 34323000.0
    },
    "2023-12-31": {
        "Tax Effect Of Unusual Items": 1404.0,
        "Tax Rate For Calcs": 0.1404,
        "Normalized EBITDA": 564000.0,
        "Total Unusual Items": 10000.0,
        "Total Unusual Items Excluding Goodwill": 10000.0,
        "Net Income From Continuing Operation Net Minority Interest": -556000.0,
        "Reconciled Depreciation": 948000.0,
        "Reconciled Cost Of Revenue": 30111000.0,
        "EBITDA": 574000.0,
        "EBIT": -374000.0,
        "Net Interest Income": -32000.0,
        "Interest Expense": 32000.0,
        "Normalized Income": -564596.0,
        "Net Income From Continuing And Discontinued Operation": -556000.0,
        "Total Expenses": 33516000.0,
        "Rent Expense Supplemental": 2505000.0,
        "Total Operating Income As Reported": -374000.0,
        "Diluted Average Shares": 11377579.0,
        "Basic Average Shares": 11377579.0,
        "Diluted EPS": -0.05,
        "Basic EPS": -0.05,
        "Diluted NI Availto Com Stockholders": -556000.0,
        "Net Income Common Stockholders": -556000.0,
        "Net Income": -556000.0,
        "Minority Interests": -73000.0,
        "Net Income Including Noncontrolling Interests": -483000.0,
        "Net Income Continuous Operations": -483000.0,
        "Tax Provision": 77000.0,
        "Pretax Income": -406000.0,
        "Other Income Expense": 10000.0,
        "Special Income Charges": 10000.0,
        "Gain On Sale Of Ppe": 10000.0,
        "Other Special Charges": NaN,
        "Impairment Of Capital Assets": NaN,
        "Net Non Operating Interest Income Expense": -32000.0,
        "Total Other Finance Cost": NaN,
        "Interest Expense Non Operating": 32000.0,
        "Operating Income": -384000.0,
        "Operating Expense": 3405000.0,
        "Selling General And Administration": 3405000.0,
        "Selling And Marketing Expense": 1092000.0,
        "General And Administrative Expense": 2313000.0,
        "Other Gand A": 2313000.0,
        "Gross Profit": 3021000.0,
        "Cost Of Revenue": 30111000.0,
        "Total Revenue": 33132000.0,
        "Operating Revenue": 33132000.0
    },
    "2024-03-31": {
        "Tax Effect Of Unusual Items": 19530.0,
        "Tax Rate For Calcs": 0.21,
        "Normalized EBITDA": 1502000.0,
        "Total Unusual Items": 93000.0,
        "Total Unusual Items Excluding Goodwill": 93000.0,
        "Net Income From Continuing Operation Net Minority Interest": 618000.0,
        "Reconciled Depreciation": 951000.0,
        "Reconciled Cost Of Revenue": 31509000.0,
        "EBITDA": 1595000.0,
        "EBIT": 644000.0,
        "Net Interest Income": -42000.0,
        "Interest Expense": 42000.0,
        "Normalized Income": 544530.0,
        "Net Income From Continuing And Discontinued Operation": 618000.0,
        "Total Expenses": 34887000.0,
        "Rent Expense Supplemental": 2613000.0,
        "Total Operating Income As Reported": 644000.0,
        "Diluted Average Shares": 11230717.0,
        "Basic Average Shares": 11136207.0,
        "Diluted EPS": 0.06,
        "Basic EPS": 0.06,
        "Diluted NI Availto Com Stockholders": 618000.0,
        "Net Income Common Stockholders": 618000.0,
        "Net Income": 618000.0,
        "Minority Interests": -62000.0,
        "Net Income Including Noncontrolling Interests": 680000.0,
        "Net Income Continuous Operations": 680000.0,
        "Tax Provision": -78000.0,
        "Pretax Income": 602000.0,
        "Other Income Expense": 93000.0,
        "Special Income Charges": 93000.0,
        "Gain On Sale Of Ppe": -4000.0,
        "Other Special Charges": -97000.0,
        "Impairment Of Capital Assets": 0.0,
        "Net Non Operating Interest Income Expense": -42000.0,
        "Total Other Finance Cost": NaN,
        "Interest Expense Non Operating": 42000.0,
        "Operating Income": 551000.0,
        "Operating Expense": 3378000.0,
        "Selling General And Administration": 3378000.0,
        "Selling And Marketing Expense": 824000.0,
        "General And Administrative Expense": 2554000.0,
        "Other Gand A": 2554000.0,
        "Gross Profit": 3929000.0,
        "Cost Of Revenue": 31509000.0,
        "Total Revenue": 35438000.0,
        "Operating Revenue": 35438000.0
    },
    "2024-06-30": {
        "Tax Effect Of Unusual Items": -45570.0,
        "Tax Rate For Calcs": 0.21,
        "Normalized EBITDA": 2429000.0,
        "Total Unusual Items": -217000.0,
        "Total Unusual Items Excluding Goodwill": -217000.0,
        "Net Income From Continuing Operation Net Minority Interest": 1321000.0,
        "Reconciled Depreciation": 984000.0,
        "Reconciled Cost Of Revenue": 33068000.0,
        "EBITDA": 2212000.0,
        "EBIT": 1228000.0,
        "Net Interest Income": -27000.0,
        "Interest Expense": 27000.0,
        "Normalized Income": 1492430.0,
        "Net Income From Continuing And Discontinued Operation": 1321000.0,
        "Total Expenses": 36497000.0,
        "Rent Expense Supplemental": 2580000.0,
        "Total Operating Income As Reported": 1228000.0,
        "Diluted Average Shares": 11034487.0,
        "Basic Average Shares": 10933758.0,
        "Diluted EPS": 0.12,
        "Basic EPS": 0.12,
        "Diluted NI Availto Com Stockholders": 1321000.0,
        "Net Income Common Stockholders": 1321000.0,
        "Net Income": 1321000.0,
        "Minority Interests": -77000.0,
        "Net Income Including Noncontrolling Interests": 1398000.0,
        "Net Income Continuous Operations": 1398000.0,
        "Tax Provision": -197000.0,
        "Pretax Income": 1201000.0,
        "Other Income Expense": -217000.0,
        "Special Income Charges": -217000.0,
        "Gain On Sale Of Ppe": -18000.0,
        "Other Special Charges": NaN,
        "Impairment Of Capital Assets": 199000.0,
        "Net Non Operating Interest Income Expense": -27000.0,
        "Total Other Finance Cost": NaN,
        "Interest Expense Non Operating": 27000.0,
        "Operating Income": 1445000.0,
        "Operating Expense": 3429000.0,
        "Selling General And Administration": 3429000.0,
        "Selling And Marketing Expense": 749000.0,
        "General And Administrative Expense": 2680000.0,
        "Other Gand A": 2680000.0,
        "Gross Profit": 4874000.0,
        "Cost Of Revenue": 33068000.0,
        "Total Revenue": 37942000.0,
        "Operating Revenue": 37942000.0
    },
    "2024-09-30": {
        "Tax Effect Of Unusual Items": -102690.0,
        "Tax Rate For Calcs": 0.21,
        "Normalized EBITDA": 1337000.0,
        "Total Unusual Items": -489000.0,
        "Total Unusual Items Excluding Goodwill": -489000.0,
        "Net Income From Continuing Operation Net Minority Interest": 230000.0,
        "Reconciled Depreciation": 966000.0,
        "Reconciled Cost Of Revenue": 31835000.0,
        "EBITDA": 848000.0,
        "EBIT": -118000.0,
        "Net Interest Income": -24000.0,
        "Interest Expense": 24000.0,
        "Normalized Income": 616310.0,
        "Net Income From Continuing And Discontinued Operation": 230000.0,
        "Total Expenses": 35423000.0,
        "Rent Expense Supplemental": 2389000.0,
        "Total Operating Income As Reported": -118000.0,
        "Diluted Average Shares": 10851000.0,
        "Basic Average Shares": 10741000.0,
        "Diluted EPS": 0.02,
        "Basic EPS": 0.02,
        "Diluted NI Availto Com Stockholders": 230000.0,
        "Net Income Common Stockholders": 230000.0,
        "Net Income": 230000.0,
        "Minority Interests": -54000.0,
        "Net Income Including Noncontrolling Interests": 284000.0,
        "Net Income Continuous Operations": 284000.0,
        "Tax Provision": -426000.0,
        "Pretax Income": -142000.0,
        "Other Income Expense": -489000.0,
        "Special Income Charges": -489000.0,
        "Gain On Sale Of Ppe": 10000.0,
        "Other Special Charges": 0.0,
        "Impairment Of Capital Assets": 499000.0,
        "Net Non Operating Interest Income Expense": -24000.0,
        "Total Other Finance Cost": NaN,
        "Interest Expense Non Operating": 24000.0,
        "Operating Income": 371000.0,
        "Operating Expense": 3588000.0,
        "Selling General And Administration": 3588000.0,
        "Selling And Marketing Expense": 863000.0,
        "General And Administrative Expense": 2725000.0,
        "Other Gand A": 2725000.0,
        "Gross Profit": 3959000.0,
        "Cost Of Revenue": 31835000.0,
        "Total Revenue": 35794000.0,
        "Operating Revenue": 35794000.0
    }
}