{
    "2023-04-30": {
        "Tax Effect Of Unusual Items": NaN,
        "Tax Rate For Calcs": NaN,
        "Normalized EBITDA": NaN,
        "Total Unusual Items": NaN,
        "Total Unusual Items Excluding Goodwill": NaN,
        "Net Income From Continuing Operation Net Minority Interest": NaN,
        "Reconciled Depreciation": NaN,
        "Reconciled Cost Of Revenue": NaN,
        "EBITDA": NaN,
        "EBIT": NaN,
        "Net Interest Income": NaN,
        "Interest Income": NaN,
        "Normalized Income": NaN,
        "Net Income From Continuing And Discontinued Operation": NaN,
        "Total Expenses": NaN,
        "Total Operating Income As Reported": NaN,
        "Diluted Average Shares": NaN,
        "Basic Average Shares": NaN,
        "Diluted EPS": NaN,
        "Basic EPS": NaN,
        "Diluted NI Availto Com Stockholders": NaN,
        "Net Income Common Stockholders": NaN,
        "Net Income": NaN,
        "Minority Interests": NaN,
        "Net Income Including Noncontrolling Interests": NaN,
        "Net Income Continuous Operations": NaN,
        "Earnings From Equity Interest Net Of Tax": NaN,
        "Tax Provision": NaN,
        "Pretax Income": NaN,
        "Other Income Expense": NaN,
        "Other Non Operating Income Expenses": NaN,
        "Special Income Charges": 0.0,
        "Gain On Sale Of Business": 0.0,
        "Earnings From Equity Interest": -748000.0,
        "Gain On Sale Of Security": NaN,
        "Net Non Operating Interest Income Expense": NaN,
        "Interest Income Non Operating": NaN,
        "Operating Income": NaN,
        "Operating Expense": NaN,
        "Research And Development": NaN,
        "Selling General And Administration": NaN,
        "Selling And Marketing Expense": NaN,
        "General And Administrative Expense": NaN,
        "Other Gand A": NaN,
        "Gross Profit": NaN,
        "Cost Of Revenue": NaN,
        "Total Revenue": NaN,
        "Operating Revenue": NaN
    },
    "2023-01-31": {
        "Tax Effect Of Unusual Items": NaN,
        "Tax Rate For Calcs": NaN,
        "Normalized EBITDA": NaN,
        "Total Unusual Items": NaN,
        "Total Unusual Items Excluding Goodwill": NaN,
        "Net Income From Continuing Operation Net Minority Interest": NaN,
        "Reconciled Depreciation": NaN,
        "Reconciled Cost Of Revenue": NaN,
        "EBITDA": NaN,
        "EBIT": NaN,
        "Net Interest Income": NaN,
        "Interest Income": NaN,
        "Normalized Income": NaN,
        "Net Income From Continuing And Discontinued Operation": NaN,
        "Total Expenses": NaN,
        "Total Operating Income As Reported": NaN,
        "Diluted Average Shares": NaN,
        "Basic Average Shares": NaN,
        "Diluted EPS": NaN,
        "Basic EPS": NaN,
        "Diluted NI Availto Com Stockholders": NaN,
        "Net Income Common Stockholders": NaN,
        "Net Income": NaN,
        "Minority Interests": NaN,
        "Net Income Including Noncontrolling Interests": NaN,
        "Net Income Continuous Operations": NaN,
        "Earnings From Equity Interest Net Of Tax": NaN,
        "Tax Provision": NaN,
        "Pretax Income": NaN,
        "Other Income Expense": NaN,
        "Other Non Operating Income Expenses": NaN,
        "Special Income Charges": NaN,
        "Gain On Sale Of Business": NaN,
        "Earnings From Equity Interest": -693000.0,
        "Gain On Sale Of Security": NaN,
        "Net Non Operating Interest Income Expense": NaN,
        "Interest Income Non Operating": NaN,
        "Operating Income": NaN,
        "Operating Expense": NaN,
        "Research And Development": NaN,
        "Selling General And Administration": NaN,
        "Selling And Marketing Expense": NaN,
        "General And Administrative Expense": NaN,
        "Other Gand A": NaN,
        "Gross Profit": NaN,
        "Cost Of Revenue": NaN,
        "Total Revenue": NaN,
        "Operating Revenue": NaN
    },
    "2022-10-31": {
        "Tax Effect Of Unusual Items": NaN,
        "Tax Rate For Calcs": NaN,
        "Normalized EBITDA": NaN,
        "Total Unusual Items": NaN,
        "Total Unusual Items Excluding Goodwill": NaN,
        "Net Income From Continuing Operation Net Minority Interest": NaN,
        "Reconciled Depreciation": NaN,
        "Reconciled Cost Of Revenue": NaN,
        "EBITDA": NaN,
        "EBIT": NaN,
        "Net Interest Income": NaN,
        "Interest Income": NaN,
        "Normalized Income": NaN,
        "Net Income From Continuing And Discontinued Operation": NaN,
        "Total Expenses": NaN,
        "Total Operating Income As Reported": NaN,
        "Diluted Average Shares": NaN,
        "Basic Average Shares": NaN,
        "Diluted EPS": NaN,
        "Basic EPS": NaN,
        "Diluted NI Availto Com Stockholders": NaN,
        "Net Income Common Stockholders": NaN,
        "Net Income": NaN,
        "Minority Interests": NaN,
        "Net Income Including Noncontrolling Interests": NaN,
        "Net Income Continuous Operations": NaN,
        "Earnings From Equity Interest Net Of Tax": NaN,
        "Tax Provision": NaN,
        "Pretax Income": NaN,
        "Other Income Expense": NaN,
        "Other Non Operating Income Expenses": NaN,
        "Special Income Charges": 0.0,
        "Gain On Sale Of Business": 0.0,
        "Earnings From Equity Interest": -756000.0,
        "Gain On Sale Of Security": NaN,
        "Net Non Operating Interest Income Expense": NaN,
        "Interest Income Non Operating": NaN,
        "Operating Income": NaN,
        "Operating Expense": NaN,
        "Research And Development": NaN,
        "Selling General And Administration": NaN,
        "Selling And Marketing Expense": NaN,
        "General And Administrative Expense": NaN,
        "Other Gand A": NaN,
        "Gross Profit": NaN,
        "Cost Of Revenue": NaN,
        "Total Revenue": NaN,
        "Operating Revenue": NaN
    },
    "2022-07-31": {
        "Tax Effect Of Unusual Items": 0.0,
        "Tax Rate For Calcs": 0.000926,
        "Normalized EBITDA": -63979000.0,
        "Total Unusual Items": 1646000.0,
        "Total Unusual Items Excluding Goodwill": 1646000.0,
        "Net Income From Continuing Operation Net Minority Interest": -59024000.0,
        "Reconciled Depreciation": 1323000.0,
        "Reconciled Cost Of Revenue": 13030000.0,
        "EBITDA": -63979000.0,
        "EBIT": -65302000.0,
        "Net Interest Income": 3064000.0,
        "Interest Income": 3064000.0,
        "Normalized Income": -59024000.0,
        "Net Income From Continuing And Discontinued Operation": -59024000.0,
        "Total Expenses": 166343000.0,
        "Total Operating Income As Reported": -65302000.0,
        "Diluted Average Shares": 147797000.0,
        "Basic Average Shares": 147797000.0,
        "Diluted EPS": -0.4,
        "Basic EPS": -0.4,
        "Diluted NI Availto Com Stockholders": -59024000.0,
        "Net Income Common Stockholders": -59024000.0,
        "Net Income": -59024000.0,
        "Minority Interests": 2473000.0,
        "Net Income Including Noncontrolling Interests": -61497000.0,
        "Net Income Continuous Operations": -61497000.0,
        "Earnings From Equity Interest Net Of Tax": -816000.0,
        "Tax Provision": -57000.0,
        "Pretax Income": -61554000.0,
        "Other Income Expense": 684000.0,
        "Other Non Operating Income Expenses": 1500000.0,
        "Special Income Charges": 0.0,
        "Gain On Sale Of Business": 0.0,
        "Earnings From Equity Interest": -816000.0,
        "Gain On Sale Of Security": 1646000.0,
        "Net Non Operating Interest Income Expense": 3064000.0,
        "Interest Income Non Operating": 3064000.0,
        "Operating Income": -65302000.0,
        "Operating Expense": 153313000.0,
        "Research And Development": 39520000.0,
        "Selling General And Administration": 113793000.0,
        "Selling And Marketing Expense": 80689000.0,
        "General And Administrative Expense": 33104000.0,
        "Other Gand A": 33104000.0,
        "Gross Profit": 88011000.0,
        "Cost Of Revenue": 13030000.0,
        "Total Revenue": 101041000.0,
        "Operating Revenue": 101041000.0
    },
    "2022-04-30": {
        "Diluted EPS": -0.18,
        "Total Revenue": 87,
        "Gross Profit": 78,
        "Operating Income": -43,
        "EBIT": -31,
        "Net Income": -26
    },
    "2022-01-31": {
        "Diluted EPS": -0.05,
        "Total Revenue": 78,
        "Gross Profit": 69,
        "Operating Income": -41,
        "EBIT": -30,
        "Net Income": -46
    },
    "2021-10-31": {
        "Diluted EPS": -0.62,
        "Total Revenue": 67,
        "Gross Profit": 60,
        "Operating Income": -33,
        "EBIT": -24,
        "Net Income": -41
    },
    "2021-07-31": {
        "Diluted EPS": -0.75,
        "Total Revenue": 58,
        "Gross Profit": 51,
        "Operating Income": -30,
        "EBIT": -22,
        "Net Income": -40
    },
    "2021-04-30": {
        "Diluted EPS": -0.53,
        "Total Revenue": 50,
        "Gross Profit": 44,
        "Operating Income": -26,
        "EBIT": -19,
        "Net Income": -28
    },
    "2021-01-31": {
        "Diluted EPS": 0.0,
        "Total Revenue": NaN,
        "Gross Profit": NaN,
        "Operating Income": NaN,
        "EBIT": NaN,
        "Net Income": NaN
    },
    "2020-10-31": {
        "Diluted EPS": -0.57,
        "Total Revenue": 42,
        "Gross Profit": 38,
        "Operating Income": -24,
        "EBIT": -24,
        "Net Income": -29
    },
    "2020-01-31": {
        "Diluted EPS": 0.0,
        "Total Revenue": NaN,
        "Gross Profit": NaN,
        "Operating Income": NaN,
        "EBIT": NaN,
        "Net Income": NaN
    },
    "2023-07-31": {
        "Tax Effect Of Unusual Items": NaN,
        "Tax Rate For Calcs": NaN,
        "Normalized EBITDA": NaN,
        "Total Unusual Items": NaN,
        "Total Unusual Items Excluding Goodwill": NaN,
        "Net Income From Continuing Operation Net Minority Interest": NaN,
        "Reconciled Depreciation": NaN,
        "Reconciled Cost Of Revenue": NaN,
        "EBITDA": NaN,
        "EBIT": NaN,
        "Net Interest Income": NaN,
        "Interest Income": NaN,
        "Normalized Income": NaN,
        "Net Income From Continuing And Discontinued Operation": NaN,
        "Total Expenses": NaN,
        "Total Operating Income As Reported": NaN,
        "Diluted Average Shares": NaN,
        "Basic Average Shares": NaN,
        "Diluted EPS": NaN,
        "Basic EPS": NaN,
        "Diluted NI Availto Com Stockholders": NaN,
        "Net Income Common Stockholders": NaN,
        "Net Income": NaN,
        "Minority Interests": NaN,
        "Net Income Including Noncontrolling Interests": NaN,
        "Net Income Continuous Operations": NaN,
        "Earnings From Equity Interest Net Of Tax": NaN,
        "Tax Provision": NaN,
        "Pretax Income": NaN,
        "Other Income Expense": NaN,
        "Other Non Operating Income Expenses": NaN,
        "Special Income Charges": 0.0,
        "Gain On Sale Of Business": 0.0,
        "Earnings From Equity Interest": -917000.0,
        "Gain On Sale Of Security": NaN,
        "Net Non Operating Interest Income Expense": NaN,
        "Interest Income Non Operating": NaN,
        "Operating Income": NaN,
        "Operating Expense": NaN,
        "Research And Development": NaN,
        "Selling General And Administration": NaN,
        "Selling And Marketing Expense": NaN,
        "General And Administrative Expense": NaN,
        "Other Gand A": NaN,
        "Gross Profit": NaN,
        "Cost Of Revenue": NaN,
        "Total Revenue": NaN,
        "Operating Revenue": NaN
    },
    "2023-10-31": {
        "Tax Effect Of Unusual Items": 102480.0,
        "Tax Rate For Calcs": 0.21,
        "Normalized EBITDA": -39111000.0,
        "Total Unusual Items": 488000.0,
        "Total Unusual Items Excluding Goodwill": 488000.0,
        "Net Income From Continuing Operation Net Minority Interest": -285158000.0,
        "Reconciled Depreciation": 1644000.0,
        "Reconciled Cost Of Revenue": 15084000.0,
        "EBITDA": -38623000.0,
        "EBIT": -40267000.0,
        "Net Interest Income": 10874000.0,
        "Interest Income": 10874000.0,
        "Normalized Income": -285543520.0,
        "Net Income From Continuing And Discontinued Operation": -285158000.0,
        "Total Expenses": 189935000.0,
        "Total Operating Income As Reported": -40267000.0,
        "Diluted Average Shares": 155123000.0,
        "Basic Average Shares": 155123000.0,
        "Diluted EPS": -1.84,
        "Basic EPS": -1.84,
        "Diluted NI Availto Com Stockholders": -285158000.0,
        "Net Income Common Stockholders": -285158000.0,
        "Net Income": -285158000.0,
        "Minority Interests": 1197000.0,
        "Net Income Including Noncontrolling Interests": -286355000.0,
        "Net Income Continuous Operations": -286355000.0,
        "Earnings From Equity Interest Net Of Tax": -743000.0,
        "Tax Provision": 256788000.0,
        "Pretax Income": -28824000.0,
        "Other Income Expense": 569000.0,
        "Other Non Operating Income Expenses": 81000.0,
        "Special Income Charges": 0.0,
        "Gain On Sale Of Business": 0.0,
        "Earnings From Equity Interest": NaN,
        "Gain On Sale Of Security": 488000.0,
        "Net Non Operating Interest Income Expense": 10874000.0,
        "Interest Income Non Operating": 10874000.0,
        "Operating Income": -40267000.0,
        "Operating Expense": 174851000.0,
        "Research And Development": 49058000.0,
        "Selling General And Administration": 125793000.0,
        "Selling And Marketing Expense": 86978000.0,
        "General And Administrative Expense": 38815000.0,
        "Other Gand A": 38815000.0,
        "Gross Profit": 134584000.0,
        "Cost Of Revenue": 15084000.0,
        "Total Revenue": 149668000.0,
        "Operating Revenue": 149668000.0
    },
    "2024-01-31": {
        "Tax Effect Of Unusual Items": -2416890.0,
        "Tax Rate For Calcs": 0.21,
        "Normalized EBITDA": -21814000.0,
        "Total Unusual Items": -11509000.0,
        "Total Unusual Items Excluding Goodwill": -11509000.0,
        "Net Income From Continuing Operation Net Minority Interest": -36467000.0,
        "Reconciled Depreciation": 1560000.0,
        "Reconciled Cost Of Revenue": 15989000.0,
        "EBITDA": -33323000.0,
        "EBIT": -34883000.0,
        "Net Interest Income": 11813000.0,
        "Interest Income": 11813000.0,
        "Normalized Income": -27374890.0,
        "Net Income From Continuing And Discontinued Operation": -36467000.0,
        "Total Expenses": 198662000.0,
        "Total Operating Income As Reported": -34883000.0,
        "Diluted Average Shares": 156601000.0,
        "Basic Average Shares": 156601000.0,
        "Diluted EPS": -0.23,
        "Basic EPS": -0.23,
        "Diluted NI Availto Com Stockholders": -36467000.0,
        "Net Income Common Stockholders": -36467000.0,
        "Net Income": -36467000.0,
        "Minority Interests": 1104000.0,
        "Net Income Including Noncontrolling Interests": -37571000.0,
        "Net Income Continuous Operations": -37571000.0,
        "Earnings From Equity Interest Net Of Tax": -1416000.0,
        "Tax Provision": 1767000.0,
        "Pretax Income": -34388000.0,
        "Other Income Expense": -11318000.0,
        "Other Non Operating Income Expenses": 191000.0,
        "Special Income Charges": -8858000.0,
        "Gain On Sale Of Business": 0.0,
        "Earnings From Equity Interest": NaN,
        "Gain On Sale Of Security": -2651000.0,
        "Net Non Operating Interest Income Expense": 11813000.0,
        "Interest Income Non Operating": 11813000.0,
        "Operating Income": -34883000.0,
        "Operating Expense": 182673000.0,
        "Research And Development": 52388000.0,
        "Selling General And Administration": 130285000.0,
        "Selling And Marketing Expense": 90762000.0,
        "General And Administrative Expense": 39523000.0,
        "Other Gand A": 39523000.0,
        "Gross Profit": 147790000.0,
        "Cost Of Revenue": 15989000.0,
        "Total Revenue": 163779000.0,
        "Operating Revenue": 163779000.0
    },
    "2024-04-30": {
        "Tax Effect Of Unusual Items": -191737.0,
        "Tax Rate For Calcs": 0.301,
        "Normalized EBITDA": -50979000.0,
        "Total Unusual Items": -637000.0,
        "Total Unusual Items Excluding Goodwill": -637000.0,
        "Net Income From Continuing Operation Net Minority Interest": -54644000.0,
        "Reconciled Depreciation": 2024000.0,
        "Reconciled Cost Of Revenue": 18776000.0,
        "EBITDA": -51616000.0,
        "EBIT": -53640000.0,
        "Net Interest Income": 12030000.0,
        "Interest Income": 12030000.0,
        "Normalized Income": -54198737.0,
        "Net Income From Continuing And Discontinued Operation": -54644000.0,
        "Total Expenses": 222827000.0,
        "Total Operating Income As Reported": -53640000.0,
        "Diluted Average Shares": 158157000.0,
        "Basic Average Shares": 158157000.0,
        "Diluted EPS": -0.35,
        "Basic EPS": -0.35,
        "Diluted NI Availto Com Stockholders": -54644000.0,
        "Net Income Common Stockholders": -54644000.0,
        "Net Income": -54644000.0,
        "Minority Interests": 243000.0,
        "Net Income Including Noncontrolling Interests": -54887000.0,
        "Net Income Continuous Operations": -54887000.0,
        "Earnings From Equity Interest Net Of Tax": 0.0,
        "Tax Provision": 12710000.0,
        "Pretax Income": -42177000.0,
        "Other Income Expense": -567000.0,
        "Other Non Operating Income Expenses": 70000.0,
        "Special Income Charges": NaN,
        "Gain On Sale Of Business": NaN,
        "Earnings From Equity Interest": NaN,
        "Gain On Sale Of Security": -637000.0,
        "Net Non Operating Interest Income Expense": 12030000.0,
        "Interest Income Non Operating": 12030000.0,
        "Operating Income": -53640000.0,
        "Operating Expense": 204051000.0,
        "Research And Development": 54140000.0,
        "Selling General And Administration": 149911000.0,
        "Selling And Marketing Expense": 92424000.0,
        "General And Administrative Expense": 57487000.0,
        "Other Gand A": 57487000.0,
        "Gross Profit": 150411000.0,
        "Cost Of Revenue": 18776000.0,
        "Total Revenue": 169187000.0,
        "Operating Revenue": 169187000.0
    },
    "2024-07-31": {
        "Tax Effect Of Unusual Items": 182070.0,
        "Tax Rate For Calcs": 0.21,
        "Normalized EBITDA": -38795000.0,
        "Total Unusual Items": 867000.0,
        "Total Unusual Items Excluding Goodwill": 867000.0,
        "Net Income From Continuing Operation Net Minority Interest": 12949000.0,
        "Reconciled Depreciation": 3077000.0,
        "Reconciled Cost Of Revenue": 21370000.0,
        "EBITDA": -37928000.0,
        "EBIT": -41005000.0,
        "Net Interest Income": 12827000.0,
        "Interest Income": 12827000.0,
        "Normalized Income": 12264070.0,
        "Net Income From Continuing And Discontinued Operation": 12949000.0,
        "Total Expenses": 223589000.0,
        "Total Operating Income As Reported": -41005000.0,
        "Diluted Average Shares": 166346000.0,
        "Basic Average Shares": 159677000.0,
        "Diluted EPS": 0.08,
        "Basic EPS": 0.08,
        "Diluted NI Availto Com Stockholders": 12949000.0,
        "Net Income Common Stockholders": 12949000.0,
        "Net Income": 12949000.0,
        "Minority Interests": 675000.0,
        "Net Income Including Noncontrolling Interests": 12274000.0,
        "Net Income Continuous Operations": 12274000.0,
        "Earnings From Equity Interest Net Of Tax": 0.0,
        "Tax Provision": -39420000.0,
        "Pretax Income": -27146000.0,
        "Other Income Expense": 1032000.0,
        "Other Non Operating Income Expenses": 165000.0,
        "Special Income Charges": NaN,
        "Gain On Sale Of Business": NaN,
        "Earnings From Equity Interest": NaN,
        "Gain On Sale Of Security": 867000.0,
        "Net Non Operating Interest Income Expense": 12827000.0,
        "Interest Income Non Operating": 12827000.0,
        "Operating Income": -41005000.0,
        "Operating Expense": 202219000.0,
        "Research And Development": 61273000.0,
        "Selling General And Administration": 140946000.0,
        "Selling And Marketing Expense": 97778000.0,
        "General And Administrative Expense": 43168000.0,
        "Other Gand A": 43168000.0,
        "Gross Profit": 161214000.0,
        "Cost Of Revenue": 21370000.0,
        "Total Revenue": 182584000.0,
        "Operating Revenue": 182584000.0
    },
    "2024-10-31": {
        "Tax Effect Of Unusual Items": 1070160.0,
        "Tax Rate For Calcs": 0.21,
        "Normalized EBITDA": -30637000.0,
        "Total Unusual Items": 5096000.0,
        "Total Unusual Items Excluding Goodwill": 5096000.0,
        "Net Income From Continuing Operation Net Minority Interest": 29565000.0,
        "Reconciled Depreciation": 3191000.0,
        "Reconciled Cost Of Revenue": 22125000.0,
        "EBITDA": -25541000.0,
        "EBIT": -28732000.0,
        "Net Interest Income": 12586000.0,
        "Interest Income": 12586000.0,
        "Normalized Income": 25539160.0,
        "Net Income From Continuing And Discontinued Operation": 29565000.0,
        "Total Expenses": 224779000.0,
        "Total Operating Income As Reported": -28732000.0,
        "Diluted Average Shares": 167436000.0,
        "Basic Average Shares": 161317000.0,
        "Diluted EPS": 0.18,
        "Basic EPS": 0.18,
        "Diluted NI Availto Com Stockholders": 29565000.0,
        "Net Income Common Stockholders": 29565000.0,
        "Net Income": 29565000.0,
        "Minority Interests": 1298000.0,
        "Net Income Including Noncontrolling Interests": 28267000.0,
        "Net Income Continuous Operations": 28267000.0,
        "Earnings From Equity Interest Net Of Tax": 0.0,
        "Tax Provision": -39421000.0,
        "Pretax Income": -11154000.0,
        "Other Income Expense": 4992000.0,
        "Other Non Operating Income Expenses": -104000.0,
        "Special Income Charges": NaN,
        "Gain On Sale Of Business": NaN,
        "Earnings From Equity Interest": NaN,
        "Gain On Sale Of Security": 5096000.0,
        "Net Non Operating Interest Income Expense": 12586000.0,
        "Interest Income Non Operating": 12586000.0,
        "Operating Income": -28732000.0,
        "Operating Expense": 202654000.0,
        "Research And Development": 61354000.0,
        "Selling General And Administration": 141300000.0,
        "Selling And Marketing Expense": 95340000.0,
        "General And Administrative Expense": 45960000.0,
        "Other Gand A": 45960000.0,
        "Gross Profit": 173922000.0,
        "Cost Of Revenue": 22125000.0,
        "Total Revenue": 196047000.0,
        "Operating Revenue": 196047000.0
    }
}