{
    "2023-06-30": {
        "Tax Effect Of Unusual Items": NaN,
        "Tax Rate For Calcs": NaN,
        "Normalized EBITDA": NaN,
        "Total Unusual Items": NaN,
        "Total Unusual Items Excluding Goodwill": NaN,
        "Net Income From Continuing Operation Net Minority Interest": NaN,
        "Reconciled Depreciation": NaN,
        "Reconciled Cost Of Revenue": NaN,
        "EBITDA": NaN,
        "EBIT": NaN,
        "Net Interest Income": NaN,
        "Interest Expense": NaN,
        "Normalized Income": NaN,
        "Net Income From Continuing And Discontinued Operation": NaN,
        "Total Expenses": NaN,
        "Total Operating Income As Reported": NaN,
        "Diluted Average Shares": 46450000.0,
        "Basic Average Shares": 41970000.0,
        "Diluted EPS": 0.05,
        "Basic EPS": 0.05,
        "Diluted NI Availto Com Stockholders": NaN,
        "Net Income Common Stockholders": NaN,
        "Preferred Stock Dividends": NaN,
        "Net Income": NaN,
        "Minority Interests": NaN,
        "Net Income Including Noncontrolling Interests": NaN,
        "Net Income Discontinuous Operations": NaN,
        "Net Income Continuous Operations": NaN,
        "Earnings From Equity Interest Net Of Tax": NaN,
        "Tax Provision": NaN,
        "Pretax Income": NaN,
        "Other Income Expense": NaN,
        "Other Non Operating Income Expenses": NaN,
        "Special Income Charges": NaN,
        "Restructuring And Mergern Acquisition": NaN,
        "Earnings From Equity Interest": NaN,
        "Gain On Sale Of Security": -500000.0,
        "Net Non Operating Interest Income Expense": NaN,
        "Total Other Finance Cost": 4400000.0,
        "Interest Expense Non Operating": NaN,
        "Operating Income": NaN,
        "Operating Expense": NaN,
        "Depreciation Amortization Depletion Income Statement": NaN,
        "Depreciation And Amortization In Income Statement": NaN,
        "Amortization": NaN,
        "Amortization Of Intangibles Income Statement": NaN,
        "Selling General And Administration": NaN,
        "Gross Profit": NaN,
        "Cost Of Revenue": NaN,
        "Total Revenue": NaN,
        "Operating Revenue": NaN
    },
    "2023-03-31": {
        "Tax Effect Of Unusual Items": NaN,
        "Tax Rate For Calcs": NaN,
        "Normalized EBITDA": NaN,
        "Total Unusual Items": NaN,
        "Total Unusual Items Excluding Goodwill": NaN,
        "Net Income From Continuing Operation Net Minority Interest": NaN,
        "Reconciled Depreciation": NaN,
        "Reconciled Cost Of Revenue": NaN,
        "EBITDA": NaN,
        "EBIT": NaN,
        "Net Interest Income": NaN,
        "Interest Expense": NaN,
        "Normalized Income": NaN,
        "Net Income From Continuing And Discontinued Operation": NaN,
        "Total Expenses": NaN,
        "Total Operating Income As Reported": NaN,
        "Diluted Average Shares": NaN,
        "Basic Average Shares": NaN,
        "Diluted EPS": NaN,
        "Basic EPS": NaN,
        "Diluted NI Availto Com Stockholders": NaN,
        "Net Income Common Stockholders": NaN,
        "Preferred Stock Dividends": NaN,
        "Net Income": NaN,
        "Minority Interests": NaN,
        "Net Income Including Noncontrolling Interests": NaN,
        "Net Income Discontinuous Operations": NaN,
        "Net Income Continuous Operations": NaN,
        "Earnings From Equity Interest Net Of Tax": NaN,
        "Tax Provision": NaN,
        "Pretax Income": NaN,
        "Other Income Expense": NaN,
        "Other Non Operating Income Expenses": NaN,
        "Special Income Charges": NaN,
        "Restructuring And Mergern Acquisition": NaN,
        "Earnings From Equity Interest": NaN,
        "Gain On Sale Of Security": -900000.0,
        "Net Non Operating Interest Income Expense": NaN,
        "Total Other Finance Cost": 2800000.0,
        "Interest Expense Non Operating": NaN,
        "Operating Income": NaN,
        "Operating Expense": NaN,
        "Depreciation Amortization Depletion Income Statement": NaN,
        "Depreciation And Amortization In Income Statement": NaN,
        "Amortization": NaN,
        "Amortization Of Intangibles Income Statement": NaN,
        "Selling General And Administration": NaN,
        "Gross Profit": NaN,
        "Cost Of Revenue": NaN,
        "Total Revenue": NaN,
        "Operating Revenue": NaN
    },
    "2022-12-31": {
        "Tax Effect Of Unusual Items": NaN,
        "Tax Rate For Calcs": NaN,
        "Normalized EBITDA": NaN,
        "Total Unusual Items": NaN,
        "Total Unusual Items Excluding Goodwill": NaN,
        "Net Income From Continuing Operation Net Minority Interest": NaN,
        "Reconciled Depreciation": NaN,
        "Reconciled Cost Of Revenue": NaN,
        "EBITDA": NaN,
        "EBIT": NaN,
        "Net Interest Income": NaN,
        "Interest Expense": NaN,
        "Normalized Income": NaN,
        "Net Income From Continuing And Discontinued Operation": NaN,
        "Total Expenses": NaN,
        "Total Operating Income As Reported": NaN,
        "Diluted Average Shares": NaN,
        "Basic Average Shares": NaN,
        "Diluted EPS": NaN,
        "Basic EPS": NaN,
        "Diluted NI Availto Com Stockholders": NaN,
        "Net Income Common Stockholders": NaN,
        "Preferred Stock Dividends": NaN,
        "Net Income": NaN,
        "Minority Interests": NaN,
        "Net Income Including Noncontrolling Interests": NaN,
        "Net Income Discontinuous Operations": NaN,
        "Net Income Continuous Operations": NaN,
        "Earnings From Equity Interest Net Of Tax": NaN,
        "Tax Provision": NaN,
        "Pretax Income": NaN,
        "Other Income Expense": NaN,
        "Other Non Operating Income Expenses": NaN,
        "Special Income Charges": NaN,
        "Restructuring And Mergern Acquisition": NaN,
        "Earnings From Equity Interest": NaN,
        "Gain On Sale Of Security": 22500000.0,
        "Net Non Operating Interest Income Expense": NaN,
        "Total Other Finance Cost": 800000.0,
        "Interest Expense Non Operating": NaN,
        "Operating Income": NaN,
        "Operating Expense": NaN,
        "Depreciation Amortization Depletion Income Statement": NaN,
        "Depreciation And Amortization In Income Statement": NaN,
        "Amortization": NaN,
        "Amortization Of Intangibles Income Statement": NaN,
        "Selling General And Administration": NaN,
        "Gross Profit": NaN,
        "Cost Of Revenue": NaN,
        "Total Revenue": NaN,
        "Operating Revenue": NaN
    },
    "2022-09-30": {
        "Tax Effect Of Unusual Items": NaN,
        "Tax Rate For Calcs": NaN,
        "Normalized EBITDA": NaN,
        "Total Unusual Items": NaN,
        "Total Unusual Items Excluding Goodwill": NaN,
        "Net Income From Continuing Operation Net Minority Interest": NaN,
        "Reconciled Depreciation": NaN,
        "Reconciled Cost Of Revenue": NaN,
        "EBITDA": NaN,
        "EBIT": NaN,
        "Net Interest Income": NaN,
        "Interest Expense": NaN,
        "Normalized Income": NaN,
        "Net Income From Continuing And Discontinued Operation": NaN,
        "Total Expenses": NaN,
        "Total Operating Income As Reported": NaN,
        "Diluted Average Shares": NaN,
        "Basic Average Shares": NaN,
        "Diluted EPS": NaN,
        "Basic EPS": NaN,
        "Diluted NI Availto Com Stockholders": NaN,
        "Net Income Common Stockholders": NaN,
        "Preferred Stock Dividends": NaN,
        "Net Income": NaN,
        "Minority Interests": NaN,
        "Net Income Including Noncontrolling Interests": NaN,
        "Net Income Discontinuous Operations": NaN,
        "Net Income Continuous Operations": NaN,
        "Earnings From Equity Interest Net Of Tax": NaN,
        "Tax Provision": NaN,
        "Pretax Income": NaN,
        "Other Income Expense": NaN,
        "Other Non Operating Income Expenses": NaN,
        "Special Income Charges": NaN,
        "Restructuring And Mergern Acquisition": NaN,
        "Earnings From Equity Interest": 0.0,
        "Gain On Sale Of Security": NaN,
        "Net Non Operating Interest Income Expense": NaN,
        "Total Other Finance Cost": NaN,
        "Interest Expense Non Operating": NaN,
        "Operating Income": NaN,
        "Operating Expense": NaN,
        "Depreciation Amortization Depletion Income Statement": NaN,
        "Depreciation And Amortization In Income Statement": NaN,
        "Amortization": NaN,
        "Amortization Of Intangibles Income Statement": NaN,
        "Selling General And Administration": NaN,
        "Gross Profit": NaN,
        "Cost Of Revenue": NaN,
        "Total Revenue": NaN,
        "Operating Revenue": NaN
    },
    "2022-06-30": {
        "Tax Effect Of Unusual Items": -1558000.0,
        "Tax Rate For Calcs": 0.205,
        "Normalized EBITDA": 50800000.0,
        "Total Unusual Items": -7600000.0,
        "Total Unusual Items Excluding Goodwill": -7600000.0,
        "Net Income From Continuing Operation Net Minority Interest": 13000000.0,
        "Reconciled Depreciation": 21700000.0,
        "Reconciled Cost Of Revenue": 300000000.0,
        "EBITDA": 43200000.0,
        "EBIT": 21500000.0,
        "Net Interest Income": -5100000.0,
        "Interest Expense": 4400000.0,
        "Normalized Income": 19042000.0,
        "Net Income From Continuing And Discontinued Operation": 13000000.0,
        "Total Expenses": 375200000.0,
        "Total Operating Income As Reported": 29600000.0,
        "Diluted Average Shares": 41560000.0,
        "Basic Average Shares": 35860000.0,
        "Diluted EPS": 0.31,
        "Basic EPS": 0.36,
        "Diluted NI Availto Com Stockholders": 13000000.0,
        "Net Income Common Stockholders": 13000000.0,
        "Preferred Stock Dividends": NaN,
        "Net Income": 13000000.0,
        "Minority Interests": -400000.0,
        "Net Income Including Noncontrolling Interests": 13400000.0,
        "Net Income Discontinuous Operations": NaN,
        "Net Income Continuous Operations": 13400000.0,
        "Earnings From Equity Interest Net Of Tax": -200000.0,
        "Tax Provision": 3500000.0,
        "Pretax Income": 17100000.0,
        "Other Income Expense": -7400000.0,
        "Other Non Operating Income Expenses": 200000.0,
        "Special Income Charges": NaN,
        "Restructuring And Mergern Acquisition": NaN,
        "Earnings From Equity Interest": NaN,
        "Gain On Sale Of Security": -7600000.0,
        "Net Non Operating Interest Income Expense": -5100000.0,
        "Total Other Finance Cost": 700000.0,
        "Interest Expense Non Operating": 4400000.0,
        "Operating Income": 29600000.0,
        "Operating Expense": 65200000.0,
        "Depreciation Amortization Depletion Income Statement": 11700000.0,
        "Depreciation And Amortization In Income Statement": 11700000.0,
        "Amortization": 11700000.0,
        "Amortization Of Intangibles Income Statement": 11700000.0,
        "Selling General And Administration": 53500000.0,
        "Gross Profit": 94800000.0,
        "Cost Of Revenue": 310000000.0,
        "Total Revenue": 404800000.0,
        "Operating Revenue": 404800000.0
    },
    "2022-03-31": {
        "Diluted EPS": 0.25,
        "Total Revenue": 354,
        "Gross Profit": 84,
        "Operating Income": 20,
        "EBIT": 41,
        "Net Income": 10
    },
    "2021-12-31": {
        "Diluted EPS": 0.29,
        "Total Revenue": 379,
        "Gross Profit": 82,
        "Operating Income": 20,
        "EBIT": 46,
        "Net Income": 12
    },
    "2021-09-30": {
        "Diluted EPS": 0.36,
        "Total Revenue": 328,
        "Gross Profit": 75,
        "Operating Income": 14,
        "EBIT": 36,
        "Net Income": 15
    },
    "2021-06-30": {
        "Diluted EPS": 0.16,
        "Total Revenue": 322,
        "Gross Profit": 83,
        "Operating Income": 26,
        "EBIT": 46,
        "Net Income": 7
    },
    "2021-03-31": {
        "Diluted EPS": 0.63,
        "Total Revenue": 289,
        "Gross Profit": 84,
        "Operating Income": 29,
        "EBIT": 50,
        "Net Income": 26
    },
    "2020-12-31": {
        "Diluted EPS": 7.04,
        "Total Revenue": 313,
        "Gross Profit": 88,
        "Operating Income": 23,
        "EBIT": 42,
        "Net Income": 258
    },
    "2020-09-30": {
        "Diluted EPS": 0.6,
        "Total Revenue": 273,
        "Gross Profit": 79,
        "Operating Income": 28,
        "EBIT": 49,
        "Net Income": 22
    },
    "2020-06-30": {
        "Diluted EPS": 0.57,
        "Total Revenue": 290,
        "Gross Profit": 83,
        "Operating Income": 26,
        "EBIT": 51,
        "Net Income": 20
    },
    "2020-03-31": {
        "Diluted EPS": 0.24,
        "Total Revenue": 302,
        "Gross Profit": 82,
        "Operating Income": 16,
        "EBIT": 41,
        "Net Income": 9
    },
    "2019-12-31": {
        "Diluted EPS": 0.37,
        "Total Revenue": 279,
        "Gross Profit": 55,
        "Operating Income": -1,
        "EBIT": 23,
        "Net Income": 12
    },
    "2019-09-30": {
        "Diluted EPS": 0.51,
        "Total Revenue": 338,
        "Gross Profit": 93,
        "Operating Income": 24,
        "EBIT": 48,
        "Net Income": 19
    },
    "2019-06-30": {
        "Diluted EPS": 0.41,
        "Total Revenue": 310,
        "Gross Profit": 83,
        "Operating Income": 25,
        "EBIT": 42,
        "Net Income": 14
    },
    "2019-03-31": {
        "Diluted EPS": 0.03,
        "Total Revenue": 289,
        "Gross Profit": 67,
        "Operating Income": 5,
        "EBIT": 21,
        "Net Income": 1
    },
    "2018-12-31": {
        "Diluted EPS": 1.5,
        "Total Revenue": 210,
        "Gross Profit": 37,
        "Operating Income": -1,
        "EBIT": 18,
        "Net Income": 48
    },
    "2018-09-30": {
        "Diluted EPS": 0.67,
        "Total Revenue": 272,
        "Gross Profit": 82,
        "Operating Income": 32,
        "EBIT": 44,
        "Net Income": 22
    },
    "2018-06-30": {
        "Diluted EPS": 0.38,
        "Total Revenue": 278,
        "Gross Profit": 73,
        "Operating Income": 20,
        "EBIT": 31,
        "Net Income": 12
    },
    "2018-03-31": {
        "Diluted EPS": 0.18,
        "Total Revenue": 244,
        "Gross Profit": 67,
        "Operating Income": 15,
        "EBIT": 28,
        "Net Income": 6
    },
    "2017-12-31": {
        "Diluted EPS": 0.84,
        "Total Revenue": 198,
        "Gross Profit": 55,
        "Operating Income": 21,
        "EBIT": 34,
        "Net Income": 27
    },
    "2017-09-30": {
        "Diluted EPS": 0.05,
        "Total Revenue": 203,
        "Gross Profit": 58,
        "Operating Income": 7,
        "EBIT": 14,
        "Net Income": 2
    },
    "2017-06-30": {
        "Diluted EPS": 0.09,
        "Total Revenue": 238,
        "Gross Profit": 63,
        "Operating Income": 10,
        "EBIT": 20,
        "Net Income": 3
    },
    "2017-03-31": {
        "Diluted EPS": -0.09,
        "Total Revenue": 204,
        "Gross Profit": 56,
        "Operating Income": 0,
        "EBIT": 10,
        "Net Income": -3
    },
    "2016-12-31": {
        "Diluted EPS": -0.1,
        "Total Revenue": 77,
        "Gross Profit": 0,
        "Operating Income": -14,
        "EBIT": -9,
        "Net Income": -3
    },
    "2016-09-30": {
        "Diluted EPS": 0.48,
        "Total Revenue": 204,
        "Gross Profit": 70,
        "Operating Income": 20,
        "EBIT": 30,
        "Net Income": 15
    },
    "2016-06-30": {
        "Diluted EPS": 0.68,
        "Total Revenue": 247,
        "Gross Profit": 87,
        "Operating Income": 35,
        "EBIT": 45,
        "Net Income": 21
    },
    "2016-03-31": {
        "Diluted EPS": -0.15,
        "Total Revenue": 194,
        "Gross Profit": 53,
        "Operating Income": 0,
        "EBIT": 10,
        "Net Income": -5
    },
    "2015-12-31": {
        "Diluted EPS": -7.54,
        "Total Revenue": 261,
        "Gross Profit": 73,
        "Operating Income": -239,
        "EBIT": -227,
        "Net Income": -230
    },
    "2015-09-30": {
        "Diluted EPS": 0.15,
        "Total Revenue": 264,
        "Gross Profit": 68,
        "Operating Income": 16,
        "EBIT": 27,
        "Net Income": 5
    },
    "2015-06-30": {
        "Diluted EPS": 0.56,
        "Total Revenue": 270,
        "Gross Profit": 75,
        "Operating Income": 25,
        "EBIT": 37,
        "Net Income": 17
    },
    "2015-03-31": {
        "Diluted EPS": 0.17,
        "Total Revenue": 245,
        "Gross Profit": 73,
        "Operating Income": 15,
        "EBIT": 27,
        "Net Income": 5
    },
    "2014-12-31": {
        "Diluted EPS": 0.9,
        "Total Revenue": 326,
        "Gross Profit": 97,
        "Operating Income": 42,
        "EBIT": 54,
        "Net Income": 27
    },
    "2014-09-30": {
        "Diluted EPS": 0.74,
        "Total Revenue": 294,
        "Gross Profit": 91,
        "Operating Income": 40,
        "EBIT": 52,
        "Net Income": 23
    },
    "2014-06-30": {
        "Diluted EPS": 0.65,
        "Total Revenue": 307,
        "Gross Profit": 92,
        "Operating Income": 34,
        "EBIT": 45,
        "Net Income": 20
    },
    "2014-03-31": {
        "Diluted EPS": 0.38,
        "Total Revenue": 266,
        "Gross Profit": 78,
        "Operating Income": 22,
        "EBIT": 33,
        "Net Income": 12
    },
    "2013-12-31": {
        "Diluted EPS": 0.71,
        "Total Revenue": 304,
        "Gross Profit": 94,
        "Operating Income": 40,
        "EBIT": 50,
        "Net Income": 23
    },
    "2013-09-30": {
        "Diluted EPS": 0.74,
        "Total Revenue": 302,
        "Gross Profit": 89,
        "Operating Income": 36,
        "EBIT": 46,
        "Net Income": 24
    },
    "2013-06-30": {
        "Diluted EPS": 0.64,
        "Total Revenue": 298,
        "Gross Profit": 90,
        "Operating Income": 33,
        "EBIT": 43,
        "Net Income": 20
    },
    "2013-03-31": {
        "Diluted EPS": 0.51,
        "Total Revenue": 274,
        "Gross Profit": 79,
        "Operating Income": 27,
        "EBIT": 38,
        "Net Income": 16
    },
    "2012-12-31": {
        "Diluted EPS": 0.69,
        "Total Revenue": 304,
        "Gross Profit": 85,
        "Operating Income": 33,
        "EBIT": 43,
        "Net Income": 21
    },
    "2012-09-30": {
        "Diluted EPS": 0.61,
        "Total Revenue": 254,
        "Gross Profit": 78,
        "Operating Income": 32,
        "EBIT": 41,
        "Net Income": 19
    },
    "2012-06-30": {
        "Diluted EPS": 0.59,
        "Total Revenue": 240,
        "Gross Profit": 74,
        "Operating Income": 33,
        "EBIT": 41,
        "Net Income": 18
    },
    "2012-03-31": {
        "Diluted EPS": 0.47,
        "Total Revenue": 216,
        "Gross Profit": 68,
        "Operating Income": 24,
        "EBIT": 31,
        "Net Income": 14
    },
    "2011-12-31": {
        "Diluted EPS": 0.28,
        "Total Revenue": 220,
        "Gross Profit": 64,
        "Operating Income": 25,
        "EBIT": 36,
        "Net Income": 8
    },
    "2011-09-30": {
        "Diluted EPS": 0.59,
        "Total Revenue": 211,
        "Gross Profit": 67,
        "Operating Income": 29,
        "EBIT": 37,
        "Net Income": 18
    },
    "2011-06-30": {
        "Diluted EPS": 0.35,
        "Total Revenue": 201,
        "Gross Profit": 62,
        "Operating Income": 21,
        "EBIT": 29,
        "Net Income": 11
    },
    "2011-03-31": {
        "Diluted EPS": 0.25,
        "Total Revenue": 163,
        "Gross Profit": 52,
        "Operating Income": 14,
        "EBIT": 21,
        "Net Income": 8
    },
    "2010-12-31": {
        "Diluted EPS": 0.33,
        "Total Revenue": 159,
        "Gross Profit": 51,
        "Operating Income": 18,
        "EBIT": 24,
        "Net Income": 10
    },
    "2010-09-30": {
        "Diluted EPS": 0.23,
        "Total Revenue": 139,
        "Gross Profit": 43,
        "Operating Income": 13,
        "EBIT": 20,
        "Net Income": 7
    },
    "2010-06-30": {
        "Diluted EPS": 0.08,
        "Total Revenue": 139,
        "Gross Profit": 38,
        "Operating Income": 9,
        "EBIT": 16,
        "Net Income": 2
    },
    "2010-03-31": {
        "Diluted EPS": 0.05,
        "Total Revenue": 118,
        "Gross Profit": 34,
        "Operating Income": 8,
        "EBIT": 14,
        "Net Income": 1
    },
    "2009-12-31": {
        "Diluted EPS": 0.54,
        "Total Revenue": 132,
        "Gross Profit": 44,
        "Operating Income": 15,
        "EBIT": 21,
        "Net Income": 16
    },
    "2009-09-30": {
        "Diluted EPS": 0.28,
        "Total Revenue": 129,
        "Gross Profit": 39,
        "Operating Income": 16,
        "EBIT": 22,
        "Net Income": 8
    },
    "2009-06-30": {
        "Diluted EPS": 0.61,
        "Total Revenue": 157,
        "Gross Profit": 56,
        "Operating Income": 29,
        "EBIT": 35,
        "Net Income": 18
    },
    "2009-03-31": {
        "Diluted EPS": 0.68,
        "Total Revenue": 180,
        "Gross Profit": 63,
        "Operating Income": 34,
        "EBIT": 40,
        "Net Income": 19
    },
    "2023-09-30": {
        "Tax Effect Of Unusual Items": -23000.0,
        "Tax Rate For Calcs": 0.01,
        "Normalized EBITDA": 165500000.0,
        "Total Unusual Items": -2300000.0,
        "Total Unusual Items Excluding Goodwill": -2300000.0,
        "Net Income From Continuing Operation Net Minority Interest": 9400000.0,
        "Reconciled Depreciation": 67000000.0,
        "Reconciled Cost Of Revenue": 603700000.0,
        "EBITDA": 163200000.0,
        "EBIT": 96200000.0,
        "Net Interest Income": -90500000.0,
        "Interest Expense": 85700000.0,
        "Normalized Income": 11677000.0,
        "Net Income From Continuing And Discontinued Operation": 3400000.0,
        "Total Expenses": 793500000.0,
        "Total Operating Income As Reported": 104400000.0,
        "Diluted Average Shares": 47610000.0,
        "Basic Average Shares": 41980000.0,
        "Diluted EPS": -0.08,
        "Basic EPS": -0.08,
        "Diluted NI Availto Com Stockholders": -3400000.0,
        "Net Income Common Stockholders": -3400000.0,
        "Preferred Stock Dividends": 6800000.0,
        "Net Income": 3400000.0,
        "Minority Interests": -2300000.0,
        "Net Income Including Noncontrolling Interests": 5700000.0,
        "Net Income Discontinuous Operations": -6000000.0,
        "Net Income Continuous Operations": 11700000.0,
        "Earnings From Equity Interest Net Of Tax": 1300000.0,
        "Tax Provision": 100000.0,
        "Pretax Income": 10500000.0,
        "Other Income Expense": -3400000.0,
        "Other Non Operating Income Expenses": -1100000.0,
        "Special Income Charges": 0.0,
        "Restructuring And Mergern Acquisition": 0.0,
        "Earnings From Equity Interest": 0.0,
        "Gain On Sale Of Security": -2300000.0,
        "Net Non Operating Interest Income Expense": -90500000.0,
        "Total Other Finance Cost": 4800000.0,
        "Interest Expense Non Operating": 85700000.0,
        "Operating Income": 104400000.0,
        "Operating Expense": 171800000.0,
        "Depreciation Amortization Depletion Income Statement": 49000000.0,
        "Depreciation And Amortization In Income Statement": 49000000.0,
        "Amortization": 49000000.0,
        "Amortization Of Intangibles Income Statement": 49000000.0,
        "Selling General And Administration": 122800000.0,
        "Gross Profit": 276200000.0,
        "Cost Of Revenue": 621700000.0,
        "Total Revenue": 897900000.0,
        "Operating Revenue": 897900000.0
    },
    "2023-12-31": {
        "Tax Effect Of Unusual Items": -1772307.692308,
        "Tax Rate For Calcs": 0.123077,
        "Normalized EBITDA": 222000000.0,
        "Total Unusual Items": -14400000.0,
        "Total Unusual Items Excluding Goodwill": -14400000.0,
        "Net Income From Continuing Operation Net Minority Interest": 47800000.0,
        "Reconciled Depreciation": 67900000.0,
        "Reconciled Cost Of Revenue": 661200000.0,
        "EBITDA": 207600000.0,
        "EBIT": 139700000.0,
        "Net Interest Income": -86400000.0,
        "Interest Expense": 81200000.0,
        "Normalized Income": 60427692.307692,
        "Net Income From Continuing And Discontinued Operation": 49800000.0,
        "Total Expenses": 859000000.0,
        "Total Operating Income As Reported": 156000000.0,
        "Diluted Average Shares": 46740000.0,
        "Basic Average Shares": 41990000.0,
        "Diluted EPS": 0.92,
        "Basic EPS": 1.02,
        "Diluted NI Availto Com Stockholders": 43000000.0,
        "Net Income Common Stockholders": 43000000.0,
        "Preferred Stock Dividends": 6800000.0,
        "Net Income": 49800000.0,
        "Minority Interests": -3600000.0,
        "Net Income Including Noncontrolling Interests": 53400000.0,
        "Net Income Discontinuous Operations": 2000000.0,
        "Net Income Continuous Operations": 51400000.0,
        "Earnings From Equity Interest Net Of Tax": 100000.0,
        "Tax Provision": 7200000.0,
        "Pretax Income": 58500000.0,
        "Other Income Expense": -11100000.0,
        "Other Non Operating Income Expenses": 3300000.0,
        "Special Income Charges": -7800000.0,
        "Restructuring And Mergern Acquisition": 0.0,
        "Earnings From Equity Interest": 0.0,
        "Gain On Sale Of Security": -6600000.0,
        "Net Non Operating Interest Income Expense": -86400000.0,
        "Total Other Finance Cost": 5200000.0,
        "Interest Expense Non Operating": 81200000.0,
        "Operating Income": 156000000.0,
        "Operating Expense": 178300000.0,
        "Depreciation Amortization Depletion Income Statement": 48400000.0,
        "Depreciation And Amortization In Income Statement": 48400000.0,
        "Amortization": 48400000.0,
        "Amortization Of Intangibles Income Statement": 48400000.0,
        "Selling General And Administration": 129900000.0,
        "Gross Profit": 334300000.0,
        "Cost Of Revenue": 680700000.0,
        "Total Revenue": 1015000000.0,
        "Operating Revenue": 1015000000.0
    },
    "2024-03-31": {
        "Tax Effect Of Unusual Items": 0.0,
        "Tax Rate For Calcs": 0.34,
        "Normalized EBITDA": 175600000.0,
        "Total Unusual Items": 0.0,
        "Total Unusual Items Excluding Goodwill": 0.0,
        "Net Income From Continuing Operation Net Minority Interest": 13500000.0,
        "Reconciled Depreciation": 65900000.0,
        "Reconciled Cost Of Revenue": 630400000.0,
        "EBITDA": 175600000.0,
        "EBIT": 109700000.0,
        "Net Interest Income": -83800000.0,
        "Interest Expense": 83800000.0,
        "Normalized Income": 13500000.0,
        "Net Income From Continuing And Discontinued Operation": 11300000.0,
        "Total Expenses": 837800000.0,
        "Total Operating Income As Reported": 112900000.0,
        "Diluted Average Shares": 46730000.0,
        "Basic Average Shares": 42030000.0,
        "Diluted EPS": 0.1,
        "Basic EPS": 0.11,
        "Diluted NI Availto Com Stockholders": 4500000.0,
        "Net Income Common Stockholders": 4500000.0,
        "Preferred Stock Dividends": 6800000.0,
        "Net Income": 11300000.0,
        "Minority Interests": -3300000.0,
        "Net Income Including Noncontrolling Interests": 14600000.0,
        "Net Income Discontinuous Operations": -2200000.0,
        "Net Income Continuous Operations": 16800000.0,
        "Earnings From Equity Interest Net Of Tax": -300000.0,
        "Tax Provision": 8800000.0,
        "Pretax Income": 25900000.0,
        "Other Income Expense": -3200000.0,
        "Other Non Operating Income Expenses": -3200000.0,
        "Special Income Charges": 0.0,
        "Restructuring And Mergern Acquisition": 0.0,
        "Earnings From Equity Interest": NaN,
        "Gain On Sale Of Security": NaN,
        "Net Non Operating Interest Income Expense": -83800000.0,
        "Total Other Finance Cost": NaN,
        "Interest Expense Non Operating": 83800000.0,
        "Operating Income": 112900000.0,
        "Operating Expense": 189400000.0,
        "Depreciation Amortization Depletion Income Statement": 47900000.0,
        "Depreciation And Amortization In Income Statement": 47900000.0,
        "Amortization": 47900000.0,
        "Amortization Of Intangibles Income Statement": 47900000.0,
        "Selling General And Administration": 141500000.0,
        "Gross Profit": 302300000.0,
        "Cost Of Revenue": 648400000.0,
        "Total Revenue": 950700000.0,
        "Operating Revenue": 950700000.0
    },
    "2024-06-30": {
        "Tax Effect Of Unusual Items": 0.0,
        "Tax Rate For Calcs": 0.194,
        "Normalized EBITDA": 230200000.0,
        "Total Unusual Items": 0.0,
        "Total Unusual Items Excluding Goodwill": 0.0,
        "Net Income From Continuing Operation Net Minority Interest": 58800000.0,
        "Reconciled Depreciation": 66000000.0,
        "Reconciled Cost Of Revenue": 670300000.0,
        "EBITDA": 230200000.0,
        "EBIT": 164200000.0,
        "Net Interest Income": -84300000.0,
        "Interest Expense": 84300000.0,
        "Normalized Income": 58800000.0,
        "Net Income From Continuing And Discontinued Operation": 58600000.0,
        "Total Expenses": 872500000.0,
        "Total Operating Income As Reported": 167800000.0,
        "Diluted Average Shares": 47250000.0,
        "Basic Average Shares": 42040000.0,
        "Diluted EPS": 1.1,
        "Basic EPS": 1.23,
        "Diluted NI Availto Com Stockholders": 51800000.0,
        "Net Income Common Stockholders": 51800000.0,
        "Preferred Stock Dividends": 6800000.0,
        "Net Income": 58600000.0,
        "Minority Interests": -4300000.0,
        "Net Income Including Noncontrolling Interests": 62900000.0,
        "Net Income Discontinuous Operations": -200000.0,
        "Net Income Continuous Operations": 63100000.0,
        "Earnings From Equity Interest Net Of Tax": -1300000.0,
        "Tax Provision": 15500000.0,
        "Pretax Income": 79900000.0,
        "Other Income Expense": -3600000.0,
        "Other Non Operating Income Expenses": -3600000.0,
        "Special Income Charges": 0.0,
        "Restructuring And Mergern Acquisition": 0.0,
        "Earnings From Equity Interest": NaN,
        "Gain On Sale Of Security": NaN,
        "Net Non Operating Interest Income Expense": -84300000.0,
        "Total Other Finance Cost": NaN,
        "Interest Expense Non Operating": 84300000.0,
        "Operating Income": 167800000.0,
        "Operating Expense": 183800000.0,
        "Depreciation Amortization Depletion Income Statement": 47600000.0,
        "Depreciation And Amortization In Income Statement": 47600000.0,
        "Amortization": 47600000.0,
        "Amortization Of Intangibles Income Statement": 47600000.0,
        "Selling General And Administration": 136200000.0,
        "Gross Profit": 351600000.0,
        "Cost Of Revenue": 688700000.0,
        "Total Revenue": 1040300000.0,
        "Operating Revenue": 1040300000.0
    },
    "2024-09-30": {
        "Tax Effect Of Unusual Items": 0.0,
        "Tax Rate For Calcs": 0.264677,
        "Normalized EBITDA": 249200000.0,
        "Total Unusual Items": 0.0,
        "Total Unusual Items Excluding Goodwill": 0.0,
        "Net Income From Continuing Operation Net Minority Interest": 69400000.0,
        "Reconciled Depreciation": 68100000.0,
        "Reconciled Cost Of Revenue": 680200000.0,
        "EBITDA": 249200000.0,
        "EBIT": 181100000.0,
        "Net Interest Income": -80600000.0,
        "Interest Expense": 80600000.0,
        "Normalized Income": 69400000.0,
        "Net Income From Continuing And Discontinued Operation": 69000000.0,
        "Total Expenses": 884000000.0,
        "Total Operating Income As Reported": 178500000.0,
        "Diluted Average Shares": NaN,
        "Basic Average Shares": NaN,
        "Diluted EPS": NaN,
        "Basic EPS": NaN,
        "Diluted NI Availto Com Stockholders": 62200000.0,
        "Net Income Common Stockholders": 62200000.0,
        "Preferred Stock Dividends": 6800000.0,
        "Net Income": 69000000.0,
        "Minority Interests": -3700000.0,
        "Net Income Including Noncontrolling Interests": 72700000.0,
        "Net Income Discontinuous Operations": -400000.0,
        "Net Income Continuous Operations": 73100000.0,
        "Earnings From Equity Interest Net Of Tax": -800000.0,
        "Tax Provision": 26600000.0,
        "Pretax Income": 100500000.0,
        "Other Income Expense": 2600000.0,
        "Other Non Operating Income Expenses": 2600000.0,
        "Special Income Charges": 0.0,
        "Restructuring And Mergern Acquisition": 0.0,
        "Earnings From Equity Interest": NaN,
        "Gain On Sale Of Security": NaN,
        "Net Non Operating Interest Income Expense": -80600000.0,
        "Total Other Finance Cost": NaN,
        "Interest Expense Non Operating": 80600000.0,
        "Operating Income": 178500000.0,
        "Operating Expense": 184100000.0,
        "Depreciation Amortization Depletion Income Statement": 48400000.0,
        "Depreciation And Amortization In Income Statement": 48400000.0,
        "Amortization": 48400000.0,
        "Amortization Of Intangibles Income Statement": 48400000.0,
        "Selling General And Administration": 135700000.0,
        "Gross Profit": 362600000.0,
        "Cost Of Revenue": 699900000.0,
        "Total Revenue": 1062500000.0,
        "Operating Revenue": 1062500000.0
    }
}