{
    "2023-03-31": {
        "Tax Effect Of Unusual Items": -3380000.0,
        "Tax Rate For Calcs": 0.26,
        "Normalized EBITDA": 169000000.0,
        "Total Unusual Items": -13000000.0,
        "Total Unusual Items Excluding Goodwill": -13000000.0,
        "Net Income From Continuing Operation Net Minority Interest": -31000000.0,
        "Reconciled Depreciation": 94000000.0,
        "Reconciled Cost Of Revenue": 604000000.0,
        "EBITDA": 156000000.0,
        "EBIT": 62000000.0,
        "Net Interest Income": -104000000.0,
        "Interest Expense": 104000000.0,
        "Normalized Income": -21380000.0,
        "Net Income From Continuing And Discontinued Operation": -31000000.0,
        "Total Expenses": 724000000.0,
        "Total Operating Income As Reported": 67000000.0,
        "Diluted Average Shares": 92000000.0,
        "Basic Average Shares": 92000000.0,
        "Diluted EPS": -0.48,
        "Basic EPS": -0.48,
        "Diluted NI Availto Com Stockholders": -44000000.0,
        "Net Income Common Stockholders": -44000000.0,
        "Preferred Stock Dividends": 13000000.0,
        "Net Income": -31000000.0,
        "Net Income Including Noncontrolling Interests": -31000000.0,
        "Net Income Continuous Operations": -31000000.0,
        "Tax Provision": -11000000.0,
        "Pretax Income": -42000000.0,
        "Other Income Expense": -15000000.0,
        "Other Non Operating Income Expenses": -2000000.0,
        "Special Income Charges": -13000000.0,
        "Gain On Sale Of Ppe": -10000000.0,
        "Other Special Charges": 3000000.0,
        "Impairment Of Capital Assets": NaN,
        "Net Non Operating Interest Income Expense": -104000000.0,
        "Interest Expense Non Operating": 104000000.0,
        "Operating Income": 77000000.0,
        "Operating Expense": 110000000.0,
        "Depreciation Amortization Depletion Income Statement": 84000000.0,
        "Depreciation And Amortization In Income Statement": 84000000.0,
        "Amortization": 49000000.0,
        "Amortization Of Intangibles Income Statement": 49000000.0,
        "Depreciation Income Statement": 35000000.0,
        "Selling General And Administration": 26000000.0,
        "General And Administrative Expense": 26000000.0,
        "Other Gand A": 26000000.0,
        "Gross Profit": 187000000.0,
        "Cost Of Revenue": 614000000.0,
        "Total Revenue": 801000000.0,
        "Operating Revenue": 801000000.0
    },
    "2022-12-31": {
        "Tax Effect Of Unusual Items": -5229508.196721,
        "Tax Rate For Calcs": 0.237705,
        "Normalized EBITDA": 462000000.0,
        "Total Unusual Items": -22000000.0,
        "Total Unusual Items Excluding Goodwill": -22000000.0,
        "Net Income From Continuing Operation Net Minority Interest": 186000000.0,
        "Reconciled Depreciation": 96000000.0,
        "Reconciled Cost Of Revenue": 585000000.0,
        "EBITDA": 440000000.0,
        "EBIT": 344000000.0,
        "Net Interest Income": -100000000.0,
        "Interest Expense": 100000000.0,
        "Normalized Income": 202770491.803279,
        "Net Income From Continuing And Discontinued Operation": 186000000.0,
        "Total Expenses": 705000000.0,
        "Total Operating Income As Reported": 363000000.0,
        "Diluted Average Shares": 92000000.0,
        "Basic Average Shares": 91000000.0,
        "Diluted EPS": 1.88,
        "Basic EPS": 1.9,
        "Diluted NI Availto Com Stockholders": 173000000.0,
        "Net Income Common Stockholders": 173000000.0,
        "Preferred Stock Dividends": 13000000.0,
        "Net Income": 186000000.0,
        "Net Income Including Noncontrolling Interests": 186000000.0,
        "Net Income Continuous Operations": 186000000.0,
        "Tax Provision": 58000000.0,
        "Pretax Income": 244000000.0,
        "Other Income Expense": -23000000.0,
        "Other Non Operating Income Expenses": -1000000.0,
        "Special Income Charges": -22000000.0,
        "Gain On Sale Of Ppe": -4000000.0,
        "Other Special Charges": NaN,
        "Impairment Of Capital Assets": NaN,
        "Net Non Operating Interest Income Expense": -100000000.0,
        "Interest Expense Non Operating": 100000000.0,
        "Operating Income": 367000000.0,
        "Operating Expense": 108000000.0,
        "Depreciation Amortization Depletion Income Statement": 84000000.0,
        "Depreciation And Amortization In Income Statement": 84000000.0,
        "Amortization": 51000000.0,
        "Amortization Of Intangibles Income Statement": 51000000.0,
        "Depreciation Income Statement": 33000000.0,
        "Selling General And Administration": 24000000.0,
        "General And Administrative Expense": 24000000.0,
        "Other Gand A": 24000000.0,
        "Gross Profit": 475000000.0,
        "Cost Of Revenue": 597000000.0,
        "Total Revenue": 1072000000.0,
        "Operating Revenue": 1072000000.0
    },
    "2022-09-30": {
        "Tax Effect Of Unusual Items": 280000.0,
        "Tax Rate For Calcs": 0.28,
        "Normalized EBITDA": 339000000.0,
        "Total Unusual Items": 1000000.0,
        "Total Unusual Items Excluding Goodwill": 1000000.0,
        "Net Income From Continuing Operation Net Minority Interest": 108000000.0,
        "Reconciled Depreciation": 96000000.0,
        "Reconciled Cost Of Revenue": 542000000.0,
        "EBITDA": 340000000.0,
        "EBIT": 244000000.0,
        "Net Interest Income": -94000000.0,
        "Interest Expense": 94000000.0,
        "Normalized Income": 107280000.0,
        "Net Income From Continuing And Discontinued Operation": 108000000.0,
        "Total Expenses": 665000000.0,
        "Total Operating Income As Reported": 245000000.0,
        "Diluted Average Shares": 92000000.0,
        "Basic Average Shares": 91000000.0,
        "Diluted EPS": 1.03,
        "Basic EPS": 1.04,
        "Diluted NI Availto Com Stockholders": 95000000.0,
        "Net Income Common Stockholders": 95000000.0,
        "Preferred Stock Dividends": 13000000.0,
        "Net Income": 108000000.0,
        "Net Income Including Noncontrolling Interests": 108000000.0,
        "Net Income Continuous Operations": 108000000.0,
        "Tax Provision": 42000000.0,
        "Pretax Income": 150000000.0,
        "Other Income Expense": NaN,
        "Other Non Operating Income Expenses": -1000000.0,
        "Special Income Charges": 1000000.0,
        "Gain On Sale Of Ppe": 1000000.0,
        "Other Special Charges": NaN,
        "Write Off": NaN,
        "Impairment Of Capital Assets": NaN,
        "Restructuring And Mergern Acquisition": NaN,
        "Net Non Operating Interest Income Expense": -94000000.0,
        "Interest Expense Non Operating": 94000000.0,
        "Operating Income": 244000000.0,
        "Operating Expense": 112000000.0,
        "Depreciation Amortization Depletion Income Statement": 85000000.0,
        "Depreciation And Amortization In Income Statement": 85000000.0,
        "Amortization": 52000000.0,
        "Amortization Of Intangibles Income Statement": 52000000.0,
        "Depreciation Income Statement": 33000000.0,
        "Selling General And Administration": 27000000.0,
        "General And Administrative Expense": 27000000.0,
        "Other Gand A": 27000000.0,
        "Salaries And Wages": NaN,
        "Gross Profit": 356000000.0,
        "Cost Of Revenue": 553000000.0,
        "Total Revenue": 909000000.0,
        "Operating Revenue": 909000000.0
    },
    "2022-06-30": {
        "Tax Effect Of Unusual Items": 0.0,
        "Tax Rate For Calcs": 0.28,
        "Normalized EBITDA": 313000000.0,
        "Total Unusual Items": 0.0,
        "Total Unusual Items Excluding Goodwill": 0.0,
        "Net Income From Continuing Operation Net Minority Interest": 99000000.0,
        "Reconciled Depreciation": 95000000.0,
        "Reconciled Cost Of Revenue": 530000000.0,
        "EBITDA": 313000000.0,
        "EBIT": 218000000.0,
        "Net Interest Income": -81000000.0,
        "Interest Expense": 81000000.0,
        "Normalized Income": 99000000.0,
        "Net Income From Continuing And Discontinued Operation": 99000000.0,
        "Total Expenses": 650000000.0,
        "Total Operating Income As Reported": 218000000.0,
        "Diluted Average Shares": 94000000.0,
        "Basic Average Shares": 93000000.0,
        "Diluted EPS": 0.91,
        "Basic EPS": 0.92,
        "Diluted NI Availto Com Stockholders": 86000000.0,
        "Net Income Common Stockholders": 86000000.0,
        "Preferred Stock Dividends": 13000000.0,
        "Net Income": 99000000.0,
        "Net Income Including Noncontrolling Interests": 99000000.0,
        "Net Income Continuous Operations": 99000000.0,
        "Tax Provision": 38000000.0,
        "Pretax Income": 137000000.0,
        "Other Income Expense": NaN,
        "Other Non Operating Income Expenses": NaN,
        "Special Income Charges": 0.0,
        "Gain On Sale Of Ppe": 0.0,
        "Other Special Charges": NaN,
        "Write Off": NaN,
        "Restructuring And Mergern Acquisition": NaN,
        "Net Non Operating Interest Income Expense": -81000000.0,
        "Interest Expense Non Operating": 81000000.0,
        "Operating Income": 218000000.0,
        "Operating Expense": 108000000.0,
        "Depreciation Amortization Depletion Income Statement": 83000000.0,
        "Depreciation And Amortization In Income Statement": 83000000.0,
        "Amortization": 52000000.0,
        "Amortization Of Intangibles Income Statement": 52000000.0,
        "Depreciation Income Statement": 31000000.0,
        "Selling General And Administration": 25000000.0,
        "General And Administrative Expense": 25000000.0,
        "Other Gand A": 25000000.0,
        "Salaries And Wages": NaN,
        "Gross Profit": 326000000.0,
        "Cost Of Revenue": 542000000.0,
        "Total Revenue": 868000000.0,
        "Operating Revenue": 868000000.0
    },
    "2022-03-31": {
        "Diluted EPS": 0.52,
        "Total Revenue": 827,
        "Gross Profit": 271,
        "Operating Income": 164,
        "EBIT": 270,
        "Net Income": 49
    },
    "2021-12-31": {
        "Diluted EPS": 0.18,
        "Total Revenue": 721,
        "Gross Profit": 249,
        "Operating Income": 105,
        "EBIT": 187,
        "Net Income": 16
    },
    "2021-09-30": {
        "Diluted EPS": -0.32,
        "Total Revenue": 601,
        "Gross Profit": 204,
        "Operating Income": 67,
        "EBIT": 136,
        "Net Income": -30
    },
    "2021-06-30": {
        "Diluted EPS": 0.27,
        "Total Revenue": 547,
        "Gross Profit": 184,
        "Operating Income": 108,
        "EBIT": 174,
        "Net Income": 26
    },
    "2021-03-31": {
        "Diluted EPS": 0.27,
        "Total Revenue": 544,
        "Gross Profit": 166,
        "Operating Income": 101,
        "EBIT": 168,
        "Net Income": 26
    },
    "2020-12-31": {
        "Diluted EPS": 2.17,
        "Total Revenue": 792,
        "Gross Profit": 417,
        "Operating Income": 351,
        "EBIT": 421,
        "Net Income": 211
    },
    "2020-09-30": {
        "Diluted EPS": 1.14,
        "Total Revenue": 604,
        "Gross Profit": 270,
        "Operating Income": 212,
        "EBIT": 282,
        "Net Income": 109
    },
    "2020-06-30": {
        "Diluted EPS": -0.02,
        "Total Revenue": 451,
        "Gross Profit": 122,
        "Operating Income": 65,
        "EBIT": 128,
        "Net Income": -2
    },
    "2020-03-31": {
        "Diluted EPS": 0.4,
        "Total Revenue": 534,
        "Gross Profit": 180,
        "Operating Income": 124,
        "EBIT": 187,
        "Net Income": 40
    },
    "2019-12-31": {
        "Diluted EPS": 0.81,
        "Total Revenue": 579,
        "Gross Profit": 223,
        "Operating Income": 180,
        "EBIT": 246,
        "Net Income": 81
    },
    "2019-09-30": {
        "Diluted EPS": 0.46,
        "Total Revenue": 517,
        "Gross Profit": 188,
        "Operating Income": 139,
        "EBIT": 206,
        "Net Income": 46
    },
    "2019-06-30": {
        "Diluted EPS": 0.31,
        "Total Revenue": 508,
        "Gross Profit": 185,
        "Operating Income": 119,
        "EBIT": 182,
        "Net Income": 31
    },
    "2019-03-31": {
        "Diluted EPS": -0.31,
        "Total Revenue": 518,
        "Gross Profit": 127,
        "Operating Income": 40,
        "EBIT": 105,
        "Net Income": -31
    },
    "2018-12-31": {
        "Diluted EPS": 1.0,
        "Total Revenue": 329,
        "Gross Profit": 170,
        "Operating Income": 151,
        "EBIT": 177,
        "Net Income": 89
    },
    "2018-09-30": {
        "Diluted EPS": 0.69,
        "Total Revenue": 279,
        "Gross Profit": 134,
        "Operating Income": 108,
        "EBIT": 135,
        "Net Income": 61
    },
    "2018-06-30": {
        "Diluted EPS": 0.46,
        "Total Revenue": 250,
        "Gross Profit": 108,
        "Operating Income": 80,
        "EBIT": 107,
        "Net Income": 41
    },
    "2018-03-31": {
        "Diluted EPS": 0.22,
        "Total Revenue": 226,
        "Gross Profit": 76,
        "Operating Income": 50,
        "EBIT": 77,
        "Net Income": 20
    },
    "2017-12-31": {
        "Diluted EPS": 2.23,
        "Total Revenue": 234,
        "Gross Profit": 83,
        "Operating Income": 54,
        "EBIT": 85,
        "Net Income": 166
    },
    "2017-09-30": {
        "Diluted EPS": 0.21,
        "Total Revenue": 219,
        "Gross Profit": 79,
        "Operating Income": 50,
        "EBIT": 77,
        "Net Income": 15
    },
    "2017-06-30": {
        "Diluted EPS": 0.97,
        "Total Revenue": 227,
        "Gross Profit": 93,
        "Operating Income": 142,
        "EBIT": 169,
        "Net Income": 71
    },
    "2017-03-31": {
        "Diluted EPS": 0.14,
        "Total Revenue": 203,
        "Gross Profit": 70,
        "Operating Income": 43,
        "EBIT": 69,
        "Net Income": 11
    },
    "2016-12-31": {
        "Diluted EPS": 0.5,
        "Total Revenue": 238,
        "Gross Profit": 109,
        "Operating Income": 84,
        "EBIT": 107,
        "Net Income": 36
    },
    "2016-09-30": {
        "Diluted EPS": -0.0,
        "Total Revenue": 204,
        "Gross Profit": 84,
        "Operating Income": 60,
        "EBIT": 83,
        "Net Income": 0
    },
    "2016-06-30": {
        "Diluted EPS": 0.24,
        "Total Revenue": 197,
        "Gross Profit": 79,
        "Operating Income": 54,
        "EBIT": 77,
        "Net Income": 18
    },
    "2016-03-31": {
        "Diluted EPS": 0.12,
        "Total Revenue": 174,
        "Gross Profit": 65,
        "Operating Income": 36,
        "EBIT": 58,
        "Net Income": 9
    },
    "2015-12-31": {
        "Diluted EPS": 0.21,
        "Total Revenue": 169,
        "Gross Profit": 68,
        "Operating Income": 44,
        "EBIT": 63,
        "Net Income": 15
    },
    "2015-09-30": {
        "Diluted EPS": 0.09,
        "Total Revenue": 151,
        "Gross Profit": 52,
        "Operating Income": 29,
        "EBIT": 47,
        "Net Income": 7
    },
    "2015-06-30": {
        "Diluted EPS": 0.17,
        "Total Revenue": 143,
        "Gross Profit": 57,
        "Operating Income": 39,
        "EBIT": 55,
        "Net Income": 12
    },
    "2015-03-31": {
        "Diluted EPS": 0.1,
        "Total Revenue": 133,
        "Gross Profit": 46,
        "Operating Income": 28,
        "EBIT": 45,
        "Net Income": 6
    },
    "2014-12-31": {
        "Diluted EPS": 0.53,
        "Total Revenue": 178,
        "Gross Profit": 92,
        "Operating Income": 72,
        "EBIT": 89,
        "Net Income": 31
    },
    "2014-09-30": {
        "Diluted EPS": 0.24,
        "Total Revenue": 132,
        "Gross Profit": 58,
        "Operating Income": 41,
        "EBIT": 58,
        "Net Income": 14
    },
    "2014-06-30": {
        "Diluted EPS": 0.03,
        "Total Revenue": 107,
        "Gross Profit": 41,
        "Operating Income": 23,
        "EBIT": 36,
        "Net Income": 2
    },
    "2014-03-31": {
        "Diluted EPS": 0.02,
        "Total Revenue": 91,
        "Gross Profit": 31,
        "Operating Income": 17,
        "EBIT": 30,
        "Net Income": 1
    },
    "2013-12-31": {
        "Diluted EPS": 0.09,
        "Total Revenue": 96,
        "Gross Profit": 37,
        "Operating Income": 23,
        "EBIT": 34,
        "Net Income": 5
    },
    "2013-09-30": {
        "Diluted EPS": 0.12,
        "Total Revenue": 88,
        "Gross Profit": 35,
        "Operating Income": 24,
        "EBIT": 34,
        "Net Income": 7
    },
    "2013-06-30": {
        "Diluted EPS": 0.09,
        "Total Revenue": 84,
        "Gross Profit": 32,
        "Operating Income": 21,
        "EBIT": 32,
        "Net Income": 5
    },
    "2013-03-31": {
        "Diluted EPS": 0.02,
        "Total Revenue": 78,
        "Gross Profit": 25,
        "Operating Income": 15,
        "EBIT": 24,
        "Net Income": 1
    },
    "2012-12-31": {
        "Diluted EPS": -0.05,
        "Total Revenue": 127,
        "Gross Profit": 70,
        "Operating Income": 59,
        "EBIT": 68,
        "Net Income": -3
    },
    "2012-09-30": {
        "Diluted EPS": 0.26,
        "Total Revenue": 103,
        "Gross Profit": 51,
        "Operating Income": 41,
        "EBIT": 51,
        "Net Income": 15
    },
    "2012-06-30": {
        "Diluted EPS": 0.17,
        "Total Revenue": 95,
        "Gross Profit": 42,
        "Operating Income": 33,
        "EBIT": 43,
        "Net Income": 10
    },
    "2012-03-31": {
        "Diluted EPS": 0.04,
        "Total Revenue": 81,
        "Gross Profit": 30,
        "Operating Income": 21,
        "EBIT": 31,
        "Net Income": 2
    },
    "2011-12-31": {
        "Diluted EPS": 0.11,
        "Total Revenue": 85,
        "Gross Profit": 35,
        "Operating Income": 27,
        "EBIT": 37,
        "Net Income": 6
    },
    "2011-09-30": {
        "Diluted EPS": 0.0,
        "Total Revenue": 77,
        "Gross Profit": 28,
        "Operating Income": 18,
        "EBIT": 29,
        "Net Income": 0
    },
    "2011-06-30": {
        "Diluted EPS": 0.01,
        "Total Revenue": 76,
        "Gross Profit": 28,
        "Operating Income": 19,
        "EBIT": 30,
        "Net Income": 1
    },
    "2011-03-31": {
        "Diluted EPS": -0.09,
        "Total Revenue": 70,
        "Gross Profit": 22,
        "Operating Income": 12,
        "EBIT": 23,
        "Net Income": -5
    },
    "2010-12-31": {
        "Diluted EPS": 0.39,
        "Total Revenue": 115,
        "Gross Profit": 62,
        "Operating Income": 52,
        "EBIT": 65,
        "Net Income": 20
    },
    "2010-09-30": {
        "Diluted EPS": 0.07,
        "Total Revenue": 85,
        "Gross Profit": 36,
        "Operating Income": 25,
        "EBIT": 37,
        "Net Income": 4
    },
    "2010-06-30": {
        "Diluted EPS": -0.11,
        "Total Revenue": 76,
        "Gross Profit": 30,
        "Operating Income": 18,
        "EBIT": 31,
        "Net Income": -6
    },
    "2010-03-31": {
        "Diluted EPS": -0.19,
        "Total Revenue": 70,
        "Gross Profit": 23,
        "Operating Income": 12,
        "EBIT": 24,
        "Net Income": -9
    },
    "2009-12-31": {
        "Diluted EPS": -0.13,
        "Total Revenue": 78,
        "Gross Profit": 27,
        "Operating Income": 19,
        "EBIT": 31,
        "Net Income": -7
    },
    "2009-09-30": {
        "Diluted EPS": -0.21,
        "Total Revenue": 66,
        "Gross Profit": 20,
        "Operating Income": 11,
        "EBIT": 23,
        "Net Income": -10
    },
    "2009-06-30": {
        "Diluted EPS": -0.22,
        "Total Revenue": 65,
        "Gross Profit": 20,
        "Operating Income": 9,
        "EBIT": 22,
        "Net Income": -11
    },
    "2009-03-31": {
        "Diluted EPS": -0.27,
        "Total Revenue": 61,
        "Gross Profit": 16,
        "Operating Income": 5,
        "EBIT": 17,
        "Net Income": -13
    },
    "2023-06-30": {
        "Tax Effect Of Unusual Items": -3360000.0,
        "Tax Rate For Calcs": 0.21,
        "Normalized EBITDA": 229000000.0,
        "Total Unusual Items": -16000000.0,
        "Total Unusual Items Excluding Goodwill": -16000000.0,
        "Net Income From Continuing Operation Net Minority Interest": 4000000.0,
        "Reconciled Depreciation": 95000000.0,
        "Reconciled Cost Of Revenue": 553000000.0,
        "EBITDA": 213000000.0,
        "EBIT": 118000000.0,
        "Net Interest Income": -109000000.0,
        "Interest Expense": 109000000.0,
        "Normalized Income": 16640000.0,
        "Net Income From Continuing And Discontinued Operation": 4000000.0,
        "Total Expenses": 678000000.0,
        "Total Operating Income As Reported": 119000000.0,
        "Diluted Average Shares": 93000000.0,
        "Basic Average Shares": 93000000.0,
        "Diluted EPS": -0.1,
        "Basic EPS": -0.1,
        "Diluted NI Availto Com Stockholders": -9000000.0,
        "Net Income Common Stockholders": -9000000.0,
        "Preferred Stock Dividends": 13000000.0,
        "Net Income": 4000000.0,
        "Net Income Including Noncontrolling Interests": 4000000.0,
        "Net Income Continuous Operations": 4000000.0,
        "Tax Provision": 5000000.0,
        "Pretax Income": 9000000.0,
        "Other Income Expense": -17000000.0,
        "Other Non Operating Income Expenses": -1000000.0,
        "Special Income Charges": -16000000.0,
        "Gain On Sale Of Ppe": -16000000.0,
        "Other Special Charges": NaN,
        "Impairment Of Capital Assets": NaN,
        "Net Non Operating Interest Income Expense": -109000000.0,
        "Interest Expense Non Operating": 109000000.0,
        "Operating Income": 135000000.0,
        "Operating Expense": 115000000.0,
        "Depreciation Amortization Depletion Income Statement": 85000000.0,
        "Depreciation And Amortization In Income Statement": 85000000.0,
        "Amortization": 50000000.0,
        "Amortization Of Intangibles Income Statement": 50000000.0,
        "Depreciation Income Statement": 35000000.0,
        "Selling General And Administration": 30000000.0,
        "General And Administrative Expense": 30000000.0,
        "Other Gand A": 30000000.0,
        "Gross Profit": 250000000.0,
        "Cost Of Revenue": 563000000.0,
        "Total Revenue": 813000000.0,
        "Operating Revenue": 797000000.0
    },
    "2023-09-30": {
        "Tax Effect Of Unusual Items": -7770000.0,
        "Tax Rate For Calcs": 0.21,
        "Normalized EBITDA": 204000000.0,
        "Total Unusual Items": -37000000.0,
        "Total Unusual Items Excluding Goodwill": -37000000.0,
        "Net Income From Continuing Operation Net Minority Interest": -40000000.0,
        "Reconciled Depreciation": 93000000.0,
        "Reconciled Cost Of Revenue": 566000000.0,
        "EBITDA": 167000000.0,
        "EBIT": 74000000.0,
        "Net Interest Income": -111000000.0,
        "Interest Expense": 111000000.0,
        "Normalized Income": -10770000.0,
        "Net Income From Continuing And Discontinued Operation": -40000000.0,
        "Total Expenses": 682000000.0,
        "Total Operating Income As Reported": 84000000.0,
        "Diluted Average Shares": 93000000.0,
        "Basic Average Shares": 93000000.0,
        "Diluted EPS": -0.57,
        "Basic EPS": -0.57,
        "Diluted NI Availto Com Stockholders": -53000000.0,
        "Net Income Common Stockholders": -53000000.0,
        "Preferred Stock Dividends": 13000000.0,
        "Net Income": -40000000.0,
        "Net Income Including Noncontrolling Interests": -40000000.0,
        "Net Income Continuous Operations": -40000000.0,
        "Tax Provision": 3000000.0,
        "Pretax Income": -37000000.0,
        "Other Income Expense": -47000000.0,
        "Other Non Operating Income Expenses": -10000000.0,
        "Special Income Charges": -37000000.0,
        "Gain On Sale Of Ppe": 6000000.0,
        "Other Special Charges": NaN,
        "Impairment Of Capital Assets": 43000000.0,
        "Net Non Operating Interest Income Expense": -111000000.0,
        "Interest Expense Non Operating": 111000000.0,
        "Operating Income": 121000000.0,
        "Operating Expense": 107000000.0,
        "Depreciation Amortization Depletion Income Statement": 84000000.0,
        "Depreciation And Amortization In Income Statement": 84000000.0,
        "Amortization": 48000000.0,
        "Amortization Of Intangibles Income Statement": 48000000.0,
        "Depreciation Income Statement": 36000000.0,
        "Selling General And Administration": 23000000.0,
        "General And Administrative Expense": 23000000.0,
        "Other Gand A": 23000000.0,
        "Gross Profit": 228000000.0,
        "Cost Of Revenue": 575000000.0,
        "Total Revenue": 803000000.0,
        "Operating Revenue": 787000000.0
    },
    "2023-12-31": {
        "Tax Effect Of Unusual Items": -7500000.0,
        "Tax Rate For Calcs": 0.25,
        "Normalized EBITDA": 228000000.0,
        "Total Unusual Items": -30000000.0,
        "Total Unusual Items Excluding Goodwill": -30000000.0,
        "Net Income From Continuing Operation Net Minority Interest": -9000000.0,
        "Reconciled Depreciation": 94000000.0,
        "Reconciled Cost Of Revenue": 623000000.0,
        "EBITDA": 198000000.0,
        "EBIT": 104000000.0,
        "Net Interest Income": -116000000.0,
        "Interest Expense": 116000000.0,
        "Normalized Income": 13500000.0,
        "Net Income From Continuing And Discontinued Operation": -9000000.0,
        "Total Expenses": 750000000.0,
        "Total Operating Income As Reported": 113000000.0,
        "Diluted Average Shares": 93000000.0,
        "Basic Average Shares": 93000000.0,
        "Diluted EPS": -0.24,
        "Basic EPS": -0.24,
        "Diluted NI Availto Com Stockholders": -22000000.0,
        "Net Income Common Stockholders": -22000000.0,
        "Preferred Stock Dividends": 13000000.0,
        "Net Income": -9000000.0,
        "Net Income Including Noncontrolling Interests": -9000000.0,
        "Net Income Continuous Operations": -9000000.0,
        "Tax Provision": -3000000.0,
        "Pretax Income": -12000000.0,
        "Other Income Expense": -10000000.0,
        "Other Non Operating Income Expenses": 20000000.0,
        "Special Income Charges": -30000000.0,
        "Gain On Sale Of Ppe": -1000000.0,
        "Other Special Charges": 0.0,
        "Impairment Of Capital Assets": 0.0,
        "Net Non Operating Interest Income Expense": -116000000.0,
        "Interest Expense Non Operating": 116000000.0,
        "Operating Income": 114000000.0,
        "Operating Expense": 119000000.0,
        "Depreciation Amortization Depletion Income Statement": 86000000.0,
        "Depreciation And Amortization In Income Statement": 86000000.0,
        "Amortization": 47000000.0,
        "Amortization Of Intangibles Income Statement": 47000000.0,
        "Depreciation Income Statement": 39000000.0,
        "Selling General And Administration": 33000000.0,
        "General And Administrative Expense": 33000000.0,
        "Other Gand A": 33000000.0,
        "Gross Profit": 233000000.0,
        "Cost Of Revenue": 631000000.0,
        "Total Revenue": 864000000.0,
        "Operating Revenue": 845000000.0
    },
    "2024-03-31": {
        "Tax Effect Of Unusual Items": 0.0,
        "Tax Rate For Calcs": 0.26,
        "Normalized EBITDA": 308000000.0,
        "Total Unusual Items": 0.0,
        "Total Unusual Items Excluding Goodwill": 0.0,
        "Net Income From Continuing Operation Net Minority Interest": 88000000.0,
        "Reconciled Depreciation": 74000000.0,
        "Reconciled Cost Of Revenue": 597000000.0,
        "EBITDA": 308000000.0,
        "EBIT": 234000000.0,
        "Net Interest Income": -115000000.0,
        "Interest Expense": 115000000.0,
        "Normalized Income": 88000000.0,
        "Net Income From Continuing And Discontinued Operation": 88000000.0,
        "Total Expenses": 699000000.0,
        "Total Operating Income As Reported": 124000000.0,
        "Diluted Average Shares": 95000000.0,
        "Basic Average Shares": 94000000.0,
        "Diluted EPS": 0.79,
        "Basic EPS": 0.8,
        "Diluted NI Availto Com Stockholders": 75000000.0,
        "Net Income Common Stockholders": 75000000.0,
        "Preferred Stock Dividends": 13000000.0,
        "Net Income": 88000000.0,
        "Net Income Including Noncontrolling Interests": 88000000.0,
        "Net Income Continuous Operations": 88000000.0,
        "Tax Provision": 31000000.0,
        "Pretax Income": 119000000.0,
        "Other Income Expense": 110000000.0,
        "Other Non Operating Income Expenses": 110000000.0,
        "Special Income Charges": 0.0,
        "Gain On Sale Of Ppe": 0.0,
        "Other Special Charges": NaN,
        "Impairment Of Capital Assets": NaN,
        "Net Non Operating Interest Income Expense": -115000000.0,
        "Interest Expense Non Operating": 115000000.0,
        "Operating Income": 124000000.0,
        "Operating Expense": 95000000.0,
        "Depreciation Amortization Depletion Income Statement": 67000000.0,
        "Depreciation And Amortization In Income Statement": 67000000.0,
        "Amortization": 31000000.0,
        "Amortization Of Intangibles Income Statement": 31000000.0,
        "Depreciation Income Statement": 36000000.0,
        "Selling General And Administration": 28000000.0,
        "General And Administrative Expense": 28000000.0,
        "Other Gand A": 28000000.0,
        "Gross Profit": 219000000.0,
        "Cost Of Revenue": 604000000.0,
        "Total Revenue": 823000000.0,
        "Operating Revenue": 823000000.0
    }
}