{
    "2023-06-30": {
        "Tax Effect Of Unusual Items": -9892680.0,
        "Tax Rate For Calcs": 0.21,
        "Normalized EBITDA": 58212000.0,
        "Total Unusual Items": -47108000.0,
        "Total Unusual Items Excluding Goodwill": -47108000.0,
        "Net Income From Continuing Operation Net Minority Interest": -17000000.0,
        "Reconciled Depreciation": 21795000.0,
        "Reconciled Cost Of Revenue": 795466000.0,
        "EBITDA": 11104000.0,
        "EBIT": -10691000.0,
        "Net Interest Income": -899000.0,
        "Interest Expense": 4131000.0,
        "Interest Income": 3232000.0,
        "Normalized Income": 20215320.0,
        "Net Income From Continuing And Discontinued Operation": -17000000.0,
        "Total Expenses": 873636000.0,
        "Total Operating Income As Reported": 28860000.0,
        "Diluted Average Shares": 43892000.0,
        "Basic Average Shares": 43892000.0,
        "Diluted EPS": -0.39,
        "Basic EPS": -0.39,
        "Diluted NI Availto Com Stockholders": -17000000.0,
        "Net Income Common Stockholders": -17000000.0,
        "Net Income": -17000000.0,
        "Minority Interests": 6846000.0,
        "Net Income Including Noncontrolling Interests": -23846000.0,
        "Net Income Continuous Operations": -23846000.0,
        "Tax Provision": 9024000.0,
        "Pretax Income": -14822000.0,
        "Other Income Expense": -38839000.0,
        "Other Non Operating Income Expenses": 1225000.0,
        "Special Income Charges": -47108000.0,
        "Gain On Sale Of Ppe": 3944000.0,
        "Other Special Charges": 51052000.0,
        "Earnings From Equity Interest": 7044000.0,
        "Net Non Operating Interest Income Expense": -899000.0,
        "Interest Expense Non Operating": 4131000.0,
        "Interest Income Non Operating": 3232000.0,
        "Operating Income": 24916000.0,
        "Operating Expense": 78170000.0,
        "Other Operating Expenses": 13607000.0,
        "Selling General And Administration": 64563000.0,
        "Selling And Marketing Expense": 15691000.0,
        "General And Administrative Expense": 48872000.0,
        "Other Gand A": 21914000.0,
        "Salaries And Wages": 26958000.0,
        "Gross Profit": 103086000.0,
        "Cost Of Revenue": 795466000.0,
        "Total Revenue": 898552000.0,
        "Operating Revenue": 898552000.0
    },
    "2023-03-31": {
        "Tax Effect Of Unusual Items": 547327.062229,
        "Tax Rate For Calcs": 0.268693,
        "Normalized EBITDA": -14654000.0,
        "Total Unusual Items": 2037000.0,
        "Total Unusual Items Excluding Goodwill": 2037000.0,
        "Net Income From Continuing Operation Net Minority Interest": -23023000.0,
        "Reconciled Depreciation": 19733000.0,
        "Reconciled Cost Of Revenue": 527709000.0,
        "EBITDA": -12617000.0,
        "EBIT": -32350000.0,
        "Net Interest Income": 871000.0,
        "Interest Expense": 2891000.0,
        "Interest Income": 3762000.0,
        "Normalized Income": -24512672.937771,
        "Net Income From Continuing And Discontinued Operation": -23023000.0,
        "Total Expenses": 605354000.0,
        "Total Operating Income As Reported": -43249000.0,
        "Diluted Average Shares": 43764000.0,
        "Basic Average Shares": 43764000.0,
        "Diluted EPS": -0.53,
        "Basic EPS": -0.53,
        "Diluted NI Availto Com Stockholders": -23023000.0,
        "Net Income Common Stockholders": -23023000.0,
        "Net Income": -23023000.0,
        "Minority Interests": 2749000.0,
        "Net Income Including Noncontrolling Interests": -25772000.0,
        "Net Income Continuous Operations": -25772000.0,
        "Tax Provision": -9469000.0,
        "Pretax Income": -35241000.0,
        "Other Income Expense": 9174000.0,
        "Other Non Operating Income Expenses": 1950000.0,
        "Special Income Charges": 2037000.0,
        "Gain On Sale Of Ppe": 2037000.0,
        "Other Special Charges": NaN,
        "Earnings From Equity Interest": 5187000.0,
        "Net Non Operating Interest Income Expense": 871000.0,
        "Interest Expense Non Operating": 2891000.0,
        "Interest Income Non Operating": 3762000.0,
        "Operating Income": -45286000.0,
        "Operating Expense": 77645000.0,
        "Other Operating Expenses": 4523000.0,
        "Selling General And Administration": 73122000.0,
        "Selling And Marketing Expense": 17801000.0,
        "General And Administrative Expense": 55321000.0,
        "Other Gand A": 23414000.0,
        "Salaries And Wages": 31907000.0,
        "Gross Profit": 32359000.0,
        "Cost Of Revenue": 527709000.0,
        "Total Revenue": 560068000.0,
        "Operating Revenue": 560068000.0
    },
    "2022-12-31": {
        "Tax Effect Of Unusual Items": 490443.486667,
        "Tax Rate For Calcs": 0.227584,
        "Normalized EBITDA": 25292000.0,
        "Total Unusual Items": 2155000.0,
        "Total Unusual Items Excluding Goodwill": 2155000.0,
        "Net Income From Continuing Operation Net Minority Interest": 22052000.0,
        "Reconciled Depreciation": 20855000.0,
        "Reconciled Cost Of Revenue": 692432000.0,
        "EBITDA": 27447000.0,
        "EBIT": 27447000.0,
        "Net Interest Income": 661000.0,
        "Interest Expense": 2621000.0,
        "Interest Income": 3282000.0,
        "Normalized Income": 20387443.486667,
        "Net Income From Continuing And Discontinued Operation": 22052000.0,
        "Total Expenses": 774725000.0,
        "Total Operating Income As Reported": 16643000.0,
        "Diluted Average Shares": 51465000.0,
        "Basic Average Shares": 43723000.0,
        "Diluted EPS": 0.46,
        "Basic EPS": 0.5,
        "Diluted NI Availto Com Stockholders": 22052000.0,
        "Net Income Common Stockholders": 22052000.0,
        "Net Income": 22052000.0,
        "Minority Interests": 2876000.0,
        "Net Income Including Noncontrolling Interests": 19176000.0,
        "Net Income Continuous Operations": 19176000.0,
        "Tax Provision": 5650000.0,
        "Pretax Income": 24826000.0,
        "Other Income Expense": 9677000.0,
        "Other Non Operating Income Expenses": 3607000.0,
        "Special Income Charges": 2155000.0,
        "Gain On Sale Of Ppe": 2155000.0,
        "Other Special Charges": NaN,
        "Earnings From Equity Interest": 3915000.0,
        "Net Non Operating Interest Income Expense": 661000.0,
        "Interest Expense Non Operating": 2621000.0,
        "Interest Income Non Operating": 3282000.0,
        "Operating Income": 14488000.0,
        "Operating Expense": 82293000.0,
        "Other Operating Expenses": 1719000.0,
        "Selling General And Administration": 80574000.0,
        "Selling And Marketing Expense": 18696000.0,
        "General And Administrative Expense": 61878000.0,
        "Other Gand A": 22314000.0,
        "Salaries And Wages": 39564000.0,
        "Gross Profit": 96781000.0,
        "Cost Of Revenue": 692432000.0,
        "Total Revenue": 789213000.0,
        "Operating Revenue": 789213000.0
    },
    "2022-09-30": {
        "Tax Effect Of Unusual Items": 379600.0,
        "Tax Rate For Calcs": 0.4,
        "Normalized EBITDA": 93756000.0,
        "Total Unusual Items": 949000.0,
        "Total Unusual Items Excluding Goodwill": 949000.0,
        "Net Income From Continuing Operation Net Minority Interest": 73393000.0,
        "Reconciled Depreciation": 29386000.0,
        "Reconciled Cost Of Revenue": 889439000.0,
        "EBITDA": 94705000.0,
        "EBIT": 65319000.0,
        "Net Interest Income": -625000.0,
        "Interest Expense": 2519000.0,
        "Interest Income": 1894000.0,
        "Normalized Income": 72823600.0,
        "Net Income From Continuing And Discontinued Operation": 73393000.0,
        "Total Expenses": 950744000.0,
        "Total Operating Income As Reported": 60011000.0,
        "Diluted Average Shares": 51863000.0,
        "Basic Average Shares": 43973000.0,
        "Diluted EPS": 1.44,
        "Basic EPS": 1.67,
        "Diluted NI Availto Com Stockholders": 73393000.0,
        "Net Income Common Stockholders": 73393000.0,
        "Net Income": 73393000.0,
        "Minority Interests": 4104000.0,
        "Net Income Including Noncontrolling Interests": 69289000.0,
        "Net Income Continuous Operations": 69289000.0,
        "Tax Provision": -6489000.0,
        "Pretax Income": 62800000.0,
        "Other Income Expense": 4363000.0,
        "Other Non Operating Income Expenses": -77000.0,
        "Special Income Charges": 949000.0,
        "Gain On Sale Of Ppe": 949000.0,
        "Other Special Charges": NaN,
        "Earnings From Equity Interest": 3491000.0,
        "Net Non Operating Interest Income Expense": -625000.0,
        "Interest Expense Non Operating": 2519000.0,
        "Interest Income Non Operating": 1894000.0,
        "Operating Income": 59062000.0,
        "Operating Expense": 61305000.0,
        "Other Operating Expenses": -490000.0,
        "Selling General And Administration": 61795000.0,
        "Selling And Marketing Expense": 15559000.0,
        "General And Administrative Expense": 46236000.0,
        "Other Gand A": 21712000.0,
        "Salaries And Wages": 24524000.0,
        "Gross Profit": 120367000.0,
        "Cost Of Revenue": 889439000.0,
        "Total Revenue": 1009806000.0,
        "Operating Revenue": 1009806000.0
    },
    "2022-06-30": {
        "Tax Effect Of Unusual Items": 154000.0,
        "Tax Rate For Calcs": 0.4,
        "Normalized EBITDA": 18698000.0,
        "Total Unusual Items": 385000.0,
        "Total Unusual Items Excluding Goodwill": 385000.0,
        "Net Income From Continuing Operation Net Minority Interest": -2370000.0,
        "Reconciled Depreciation": 15591000.0,
        "Reconciled Cost Of Revenue": 689806000.0,
        "EBITDA": 19083000.0,
        "EBIT": 3492000.0,
        "Net Interest Income": -3114000.0,
        "Interest Expense": 3896000.0,
        "Interest Income": 782000.0,
        "Normalized Income": -2601000.0,
        "Net Income From Continuing And Discontinued Operation": 17151000.0,
        "Total Expenses": 763145000.0,
        "Total Operating Income As Reported": 5526000.0,
        "Diluted Average Shares": 52295000.0,
        "Basic Average Shares": 44534000.0,
        "Diluted EPS": 0.39,
        "Basic EPS": 0.42,
        "Diluted NI Availto Com Stockholders": 17151000.0,
        "Net Income Common Stockholders": 17151000.0,
        "Net Income": 17151000.0,
        "Minority Interests": 583000.0,
        "Net Income Including Noncontrolling Interests": 16568000.0,
        "Net Income Discontinuous Operations": 19521000.0,
        "Net Income Continuous Operations": -2953000.0,
        "Tax Provision": 2549000.0,
        "Pretax Income": -404000.0,
        "Other Income Expense": -2431000.0,
        "Other Non Operating Income Expenses": -3357000.0,
        "Special Income Charges": 385000.0,
        "Gain On Sale Of Ppe": 385000.0,
        "Other Special Charges": NaN,
        "Earnings From Equity Interest": 541000.0,
        "Net Non Operating Interest Income Expense": -3114000.0,
        "Interest Expense Non Operating": 3896000.0,
        "Interest Income Non Operating": 782000.0,
        "Operating Income": 5141000.0,
        "Operating Expense": 73339000.0,
        "Other Operating Expenses": 20177000.0,
        "Selling General And Administration": 53162000.0,
        "Selling And Marketing Expense": 15725000.0,
        "General And Administrative Expense": 37437000.0,
        "Other Gand A": 14649000.0,
        "Salaries And Wages": 22788000.0,
        "Gross Profit": 78480000.0,
        "Cost Of Revenue": 689806000.0,
        "Total Revenue": 768286000.0,
        "Operating Revenue": 768286000.0
    },
    "2022-03-31": {
        "Diluted EPS": -0.58,
        "Total Revenue": 654,
        "Gross Profit": 60,
        "Operating Income": -16,
        "EBIT": 2,
        "Net Income": -27
    },
    "2021-12-31": {
        "Diluted EPS": -0.21,
        "Total Revenue": NaN,
        "Gross Profit": 91,
        "Operating Income": 26,
        "EBIT": 56,
        "Net Income": -13
    },
    "2021-09-30": {
        "Diluted EPS": 0.73,
        "Total Revenue": NaN,
        "Gross Profit": 120,
        "Operating Income": 44,
        "EBIT": 74,
        "Net Income": 35
    },
    "2021-06-30": {
        "Diluted EPS": 1.14,
        "Total Revenue": 835,
        "Gross Profit": 98,
        "Operating Income": 35,
        "EBIT": 65,
        "Net Income": 54
    },
    "2021-03-31": {
        "Diluted EPS": -1.45,
        "Total Revenue": 566,
        "Gross Profit": 54,
        "Operating Income": -80,
        "EBIT": -53,
        "Net Income": -66
    },
    "2020-12-31": {
        "Diluted EPS": 0.19,
        "Total Revenue": 946,
        "Gross Profit": 107,
        "Operating Income": 8,
        "EBIT": 38,
        "Net Income": 8
    },
    "2020-09-30": {
        "Diluted EPS": -2.0,
        "Total Revenue": NaN,
        "Gross Profit": 126,
        "Operating Income": -86,
        "EBIT": -56,
        "Net Income": -91
    },
    "2020-06-30": {
        "Diluted EPS": 0.07,
        "Total Revenue": 916,
        "Gross Profit": 88,
        "Operating Income": -2,
        "EBIT": 28,
        "Net Income": 3
    },
    "2020-03-31": {
        "Diluted EPS": -1.44,
        "Total Revenue": 636,
        "Gross Profit": 24,
        "Operating Income": -78,
        "EBIT": -47,
        "Net Income": -65
    },
    "2019-12-31": {
        "Diluted EPS": -1.74,
        "Total Revenue": 355,
        "Gross Profit": 19,
        "Operating Income": 12,
        "EBIT": 43,
        "Net Income": -19
    },
    "2019-09-30": {
        "Diluted EPS": 0.97,
        "Total Revenue": NaN,
        "Gross Profit": 123,
        "Operating Income": 53,
        "EBIT": 84,
        "Net Income": 46
    },
    "2019-06-30": {
        "Diluted EPS": -0.52,
        "Total Revenue": 866,
        "Gross Profit": 47,
        "Operating Income": -28,
        "EBIT": 4,
        "Net Income": -24
    },
    "2019-03-31": {
        "Diluted EPS": -0.0,
        "Total Revenue": 582,
        "Gross Profit": 1,
        "Operating Income": -79,
        "EBIT": -50,
        "Net Income": -62
    },
    "2018-12-31": {
        "Diluted EPS": -0.67,
        "Total Revenue": 861,
        "Gross Profit": 54,
        "Operating Income": -41,
        "EBIT": -7,
        "Net Income": -35
    },
    "2018-09-30": {
        "Diluted EPS": 1.17,
        "Total Revenue": NaN,
        "Gross Profit": 144,
        "Operating Income": 67,
        "EBIT": 102,
        "Net Income": 56
    },
    "2018-06-30": {
        "Diluted EPS": -0.2,
        "Total Revenue": 807,
        "Gross Profit": 80,
        "Operating Income": -6,
        "EBIT": 22,
        "Net Income": -8
    },
    "2018-03-31": {
        "Diluted EPS": -0.29,
        "Total Revenue": 563,
        "Gross Profit": 56,
        "Operating Income": -13,
        "EBIT": 3,
        "Net Income": -11
    },
    "2017-12-31": {
        "Diluted EPS": -0.05,
        "Total Revenue": 770,
        "Gross Profit": 65,
        "Operating Income": 8,
        "EBIT": 26,
        "Net Income": -2
    },
    "2017-09-30": {
        "Diluted EPS": 1.14,
        "Total Revenue": 957,
        "Gross Profit": 115,
        "Operating Income": 67,
        "EBIT": 84,
        "Net Income": 46
    },
    "2017-06-30": {
        "Diluted EPS": 0.35,
        "Total Revenue": 763,
        "Gross Profit": 75,
        "Operating Income": 24,
        "EBIT": 40,
        "Net Income": 14
    },
    "2017-03-31": {
        "Diluted EPS": -0.6,
        "Total Revenue": 468,
        "Gross Profit": 25,
        "Operating Income": -36,
        "EBIT": -22,
        "Net Income": -24
    },
    "2016-12-31": {
        "Diluted EPS": 0.41,
        "Total Revenue": 667,
        "Gross Profit": 81,
        "Operating Income": 29,
        "EBIT": 47,
        "Net Income": 16
    },
    "2016-09-30": {
        "Diluted EPS": 0.92,
        "Total Revenue": 804,
        "Gross Profit": 108,
        "Operating Income": 54,
        "EBIT": 71,
        "Net Income": 37
    },
    "2016-06-30": {
        "Diluted EPS": 0.35,
        "Total Revenue": 605,
        "Gross Profit": 73,
        "Operating Income": 26,
        "EBIT": 42,
        "Net Income": 14
    },
    "2016-03-31": {
        "Diluted EPS": -0.26,
        "Total Revenue": 439,
        "Gross Profit": 39,
        "Operating Income": -16,
        "EBIT": -3,
        "Net Income": -10
    },
    "2015-12-31": {
        "Diluted EPS": 0.73,
        "Total Revenue": 630,
        "Gross Profit": 101,
        "Operating Income": 53,
        "EBIT": 69,
        "Net Income": 29
    },
    "2015-09-30": {
        "Diluted EPS": 0.77,
        "Total Revenue": 751,
        "Gross Profit": 96,
        "Operating Income": 52,
        "EBIT": 69,
        "Net Income": 31
    },
    "2015-06-30": {
        "Diluted EPS": 0.24,
        "Total Revenue": 569,
        "Gross Profit": 64,
        "Operating Income": 17,
        "EBIT": 33,
        "Net Income": 10
    },
    "2015-03-31": {
        "Diluted EPS": -0.22,
        "Total Revenue": 420,
        "Gross Profit": 39,
        "Operating Income": -11,
        "EBIT": 4,
        "Net Income": -9
    },
    "2014-12-31": {
        "Diluted EPS": 0.45,
        "Total Revenue": 590,
        "Gross Profit": 69,
        "Operating Income": 35,
        "EBIT": 54,
        "Net Income": 17
    },
    "2014-09-30": {
        "Diluted EPS": 0.38,
        "Total Revenue": 720,
        "Gross Profit": 67,
        "Operating Income": 22,
        "EBIT": 40,
        "Net Income": 15
    },
    "2014-06-30": {
        "Diluted EPS": 0.34,
        "Total Revenue": 586,
        "Gross Profit": 82,
        "Operating Income": 34,
        "EBIT": 50,
        "Net Income": 14
    },
    "2014-03-31": {
        "Diluted EPS": -0.53,
        "Total Revenue": 380,
        "Gross Profit": 21,
        "Operating Income": -27,
        "EBIT": -11,
        "Net Income": -21
    },
    "2013-12-31": {
        "Diluted EPS": -0.74,
        "Total Revenue": 598,
        "Gross Profit": 42,
        "Operating Income": -48,
        "EBIT": -30,
        "Net Income": -29
    },
    "2013-09-30": {
        "Diluted EPS": 0.33,
        "Total Revenue": 740,
        "Gross Profit": 56,
        "Operating Income": 14,
        "EBIT": 34,
        "Net Income": 13
    },
    "2013-06-30": {
        "Diluted EPS": 0.04,
        "Total Revenue": 550,
        "Gross Profit": 50,
        "Operating Income": 6,
        "EBIT": 25,
        "Net Income": 1
    },
    "2013-03-31": {
        "Diluted EPS": -0.57,
        "Total Revenue": 379,
        "Gross Profit": 30,
        "Operating Income": -26,
        "EBIT": -10,
        "Net Income": -22
    },
    "2012-12-31": {
        "Diluted EPS": 0.47,
        "Total Revenue": 505,
        "Gross Profit": 57,
        "Operating Income": 22,
        "EBIT": 34,
        "Net Income": 18
    },
    "2012-09-30": {
        "Diluted EPS": 0.94,
        "Total Revenue": 728,
        "Gross Profit": 101,
        "Operating Income": 61,
        "EBIT": 76,
        "Net Income": 37
    },
    "2012-06-30": {
        "Diluted EPS": 0.05,
        "Total Revenue": 540,
        "Gross Profit": 52,
        "Operating Income": 14,
        "EBIT": 29,
        "Net Income": 2
    },
    "2012-03-31": {
        "Diluted EPS": -0.31,
        "Total Revenue": 310,
        "Gross Profit": 25,
        "Operating Income": -16,
        "EBIT": -1,
        "Net Income": -12
    },
    "2011-12-31": {
        "Diluted EPS": 0.49,
        "Total Revenue": 540,
        "Gross Profit": 79,
        "Operating Income": 40,
        "EBIT": 55,
        "Net Income": 19
    },
    "2011-09-30": {
        "Diluted EPS": 0.93,
        "Total Revenue": 729,
        "Gross Profit": 94,
        "Operating Income": 60,
        "EBIT": 76,
        "Net Income": 36
    },
    "2011-06-30": {
        "Diluted EPS": 0.13,
        "Total Revenue": 485,
        "Gross Profit": 45,
        "Operating Income": 9,
        "EBIT": 25,
        "Net Income": 5
    },
    "2011-03-31": {
        "Diluted EPS": -0.24,
        "Total Revenue": 257,
        "Gross Profit": 30,
        "Operating Income": -11,
        "EBIT": 5,
        "Net Income": -9
    },
    "2010-12-31": {
        "Diluted EPS": -1.28,
        "Total Revenue": 417,
        "Gross Profit": 46,
        "Operating Income": -99,
        "EBIT": -78,
        "Net Income": -49
    },
    "2010-09-30": {
        "Diluted EPS": 0.99,
        "Total Revenue": 671,
        "Gross Profit": 76,
        "Operating Income": 32,
        "EBIT": 50,
        "Net Income": 38
    },
    "2010-06-30": {
        "Diluted EPS": -0.18,
        "Total Revenue": 454,
        "Gross Profit": 50,
        "Operating Income": 2,
        "EBIT": 19,
        "Net Income": -7
    },
    "2010-03-31": {
        "Diluted EPS": -1.09,
        "Total Revenue": 221,
        "Gross Profit": 6,
        "Operating Income": -45,
        "EBIT": -26,
        "Net Income": -41
    },
    "2009-12-31": {
        "Diluted EPS": 0.42,
        "Total Revenue": 435,
        "Gross Profit": 91,
        "Operating Income": 36,
        "EBIT": 57,
        "Net Income": 16
    },
    "2009-09-30": {
        "Diluted EPS": 0.79,
        "Total Revenue": 720,
        "Gross Profit": 106,
        "Operating Income": 46,
        "EBIT": 66,
        "Net Income": 30
    },
    "2009-06-30": {
        "Diluted EPS": 0.46,
        "Total Revenue": 461,
        "Gross Profit": 84,
        "Operating Income": 30,
        "EBIT": 49,
        "Net Income": 17
    },
    "2009-03-31": {
        "Diluted EPS": 0.23,
        "Total Revenue": 347,
        "Gross Profit": 69,
        "Operating Income": 17,
        "EBIT": 38,
        "Net Income": 9
    },
    "2023-09-30": {
        "Tax Effect Of Unusual Items": 508395.700647,
        "Tax Rate For Calcs": 0.280572,
        "Normalized EBITDA": 106754000.0,
        "Total Unusual Items": 1812000.0,
        "Total Unusual Items Excluding Goodwill": 1812000.0,
        "Net Income From Continuing Operation Net Minority Interest": 57624000.0,
        "Reconciled Depreciation": 23770000.0,
        "Reconciled Cost Of Revenue": 950177000.0,
        "EBITDA": 108566000.0,
        "EBIT": 84796000.0,
        "Net Interest Income": -584000.0,
        "Interest Expense": 4877000.0,
        "Interest Income": 4293000.0,
        "Normalized Income": 56320395.700647,
        "Net Income From Continuing And Discontinued Operation": 57624000.0,
        "Total Expenses": 1044814000.0,
        "Total Operating Income As Reported": 73818000.0,
        "Diluted Average Shares": 53612000.0,
        "Basic Average Shares": 43924000.0,
        "Diluted EPS": 1.13,
        "Basic EPS": 1.31,
        "Diluted NI Availto Com Stockholders": 57624000.0,
        "Net Income Common Stockholders": 57624000.0,
        "Net Income": 57624000.0,
        "Minority Interests": 128000.0,
        "Net Income Including Noncontrolling Interests": 57496000.0,
        "Net Income Continuous Operations": 57496000.0,
        "Tax Provision": 22423000.0,
        "Pretax Income": 79919000.0,
        "Other Income Expense": 8497000.0,
        "Other Non Operating Income Expenses": -462000.0,
        "Special Income Charges": 1812000.0,
        "Gain On Sale Of Ppe": 1812000.0,
        "Other Special Charges": NaN,
        "Earnings From Equity Interest": 7147000.0,
        "Net Non Operating Interest Income Expense": -584000.0,
        "Interest Expense Non Operating": 4877000.0,
        "Interest Income Non Operating": 4293000.0,
        "Operating Income": 72006000.0,
        "Operating Expense": 94637000.0,
        "Other Operating Expenses": 19843000.0,
        "Selling General And Administration": 74794000.0,
        "Selling And Marketing Expense": NaN,
        "General And Administrative Expense": NaN,
        "Other Gand A": NaN,
        "Salaries And Wages": NaN,
        "Gross Profit": 166643000.0,
        "Cost Of Revenue": 950177000.0,
        "Total Revenue": 1116820000.0,
        "Operating Revenue": 1116820000.0
    }
}