{
    "2023-04-30": {
        "Tax Effect Of Unusual Items": NaN,
        "Tax Rate For Calcs": NaN,
        "Normalized EBITDA": NaN,
        "Net Income From Continuing Operation Net Minority Interest": NaN,
        "Reconciled Depreciation": NaN,
        "Reconciled Cost Of Revenue": NaN,
        "EBITDA": NaN,
        "EBIT": NaN,
        "Net Interest Income": NaN,
        "Interest Expense": NaN,
        "Interest Income": NaN,
        "Normalized Income": NaN,
        "Net Income From Continuing And Discontinued Operation": NaN,
        "Total Expenses": NaN,
        "Total Operating Income As Reported": NaN,
        "Diluted Average Shares": 81832244.0,
        "Basic Average Shares": 81832244.0,
        "Diluted EPS": -0.56,
        "Basic EPS": -0.56,
        "Diluted NI Availto Com Stockholders": NaN,
        "Net Income Common Stockholders": NaN,
        "Net Income": NaN,
        "Net Income Including Noncontrolling Interests": NaN,
        "Net Income Continuous Operations": NaN,
        "Tax Provision": NaN,
        "Pretax Income": NaN,
        "Other Income Expense": NaN,
        "Other Non Operating Income Expenses": NaN,
        "Net Non Operating Interest Income Expense": NaN,
        "Interest Expense Non Operating": NaN,
        "Interest Income Non Operating": NaN,
        "Operating Income": NaN,
        "Operating Expense": NaN,
        "Research And Development": NaN,
        "Selling General And Administration": NaN,
        "Selling And Marketing Expense": NaN,
        "General And Administrative Expense": NaN,
        "Other Gand A": NaN,
        "Gross Profit": NaN,
        "Cost Of Revenue": NaN,
        "Total Revenue": NaN,
        "Operating Revenue": NaN
    },
    "2023-01-31": {
        "Tax Effect Of Unusual Items": 0.0,
        "Tax Rate For Calcs": 0.21,
        "Normalized EBITDA": 73000.0,
        "Net Income From Continuing Operation Net Minority Interest": -9189000.0,
        "Reconciled Depreciation": 6606000.0,
        "Reconciled Cost Of Revenue": 109148000.0,
        "EBITDA": 73000.0,
        "EBIT": -6533000.0,
        "Net Interest Income": 3715000.0,
        "Interest Expense": 1677000.0,
        "Interest Income": 5392000.0,
        "Normalized Income": -9189000.0,
        "Net Income From Continuing And Discontinued Operation": -9189000.0,
        "Total Expenses": 255827000.0,
        "Total Operating Income As Reported": -23216000.0,
        "Diluted Average Shares": 82051867.0,
        "Basic Average Shares": 82051867.0,
        "Diluted EPS": -0.11,
        "Basic EPS": -0.11,
        "Diluted NI Availto Com Stockholders": -9189000.0,
        "Net Income Common Stockholders": -9189000.0,
        "Net Income": -9189000.0,
        "Net Income Including Noncontrolling Interests": -9189000.0,
        "Net Income Continuous Operations": -9189000.0,
        "Tax Provision": 979000.0,
        "Pretax Income": -8210000.0,
        "Other Income Expense": 11291000.0,
        "Other Non Operating Income Expenses": 11291000.0,
        "Net Non Operating Interest Income Expense": 3715000.0,
        "Interest Expense Non Operating": 1677000.0,
        "Interest Income Non Operating": 5392000.0,
        "Operating Income": -23216000.0,
        "Operating Expense": 146679000.0,
        "Research And Development": 61702000.0,
        "Selling General And Administration": 84977000.0,
        "Selling And Marketing Expense": 44781000.0,
        "General And Administrative Expense": 40196000.0,
        "Other Gand A": 40196000.0,
        "Gross Profit": 123463000.0,
        "Cost Of Revenue": 109148000.0,
        "Total Revenue": 232611000.0,
        "Operating Revenue": 232611000.0
    },
    "2022-10-31": {
        "Tax Effect Of Unusual Items": 0.0,
        "Tax Rate For Calcs": 0.19,
        "Normalized EBITDA": -76116000.0,
        "Net Income From Continuing Operation Net Minority Interest": -69318000.0,
        "Reconciled Depreciation": 7623000.0,
        "Reconciled Cost Of Revenue": 123130000.0,
        "EBITDA": -76116000.0,
        "EBIT": -83739000.0,
        "Net Interest Income": 2964000.0,
        "Interest Expense": 1674000.0,
        "Interest Income": 4638000.0,
        "Normalized Income": -69318000.0,
        "Net Income From Continuing And Discontinued Operation": -69318000.0,
        "Total Expenses": 269835000.0,
        "Total Operating Income As Reported": -74553000.0,
        "Diluted Average Shares": 83320967.0,
        "Basic Average Shares": 83320967.0,
        "Diluted EPS": -0.83,
        "Basic EPS": -0.83,
        "Diluted NI Availto Com Stockholders": -69318000.0,
        "Net Income Common Stockholders": -69318000.0,
        "Net Income": -69318000.0,
        "Net Income Including Noncontrolling Interests": -69318000.0,
        "Net Income Continuous Operations": -69318000.0,
        "Tax Provision": -16095000.0,
        "Pretax Income": -85413000.0,
        "Other Income Expense": -13824000.0,
        "Other Non Operating Income Expenses": -13824000.0,
        "Net Non Operating Interest Income Expense": 2964000.0,
        "Interest Expense Non Operating": 1674000.0,
        "Interest Income Non Operating": 4638000.0,
        "Operating Income": -74553000.0,
        "Operating Expense": 146705000.0,
        "Research And Development": 58170000.0,
        "Selling General And Administration": 88535000.0,
        "Selling And Marketing Expense": 46468000.0,
        "General And Administrative Expense": 42067000.0,
        "Other Gand A": 42067000.0,
        "Gross Profit": 72152000.0,
        "Cost Of Revenue": 123130000.0,
        "Total Revenue": 195282000.0,
        "Operating Revenue": 195282000.0
    },
    "2022-07-31": {
        "Tax Effect Of Unusual Items": 0.0,
        "Tax Rate For Calcs": 0.150887,
        "Normalized EBITDA": -23815000.0,
        "Net Income From Continuing Operation Net Minority Interest": -31030000.0,
        "Reconciled Depreciation": 7795000.0,
        "Reconciled Cost Of Revenue": 128743000.0,
        "EBITDA": -23815000.0,
        "EBIT": -31610000.0,
        "Net Interest Income": -1030000.0,
        "Interest Expense": 4934000.0,
        "Interest Income": 3904000.0,
        "Normalized Income": -31030000.0,
        "Net Income From Continuing And Discontinued Operation": -31030000.0,
        "Total Expenses": 276808000.0,
        "Total Operating Income As Reported": -32209000.0,
        "Diluted Average Shares": 83957375.0,
        "Basic Average Shares": 83957375.0,
        "Diluted EPS": -0.37,
        "Basic EPS": -0.37,
        "Diluted NI Availto Com Stockholders": -31030000.0,
        "Net Income Common Stockholders": -31030000.0,
        "Net Income": -31030000.0,
        "Net Income Including Noncontrolling Interests": -31030000.0,
        "Net Income Continuous Operations": -31030000.0,
        "Tax Provision": -5514000.0,
        "Pretax Income": -36544000.0,
        "Other Income Expense": -3305000.0,
        "Other Non Operating Income Expenses": -3305000.0,
        "Net Non Operating Interest Income Expense": -1030000.0,
        "Interest Expense Non Operating": 4934000.0,
        "Interest Income Non Operating": 3904000.0,
        "Operating Income": -32209000.0,
        "Operating Expense": 148065000.0,
        "Research And Development": 65287000.0,
        "Selling General And Administration": 82778000.0,
        "Selling And Marketing Expense": 51671000.0,
        "General And Administrative Expense": 31107000.0,
        "Other Gand A": 31107000.0,
        "Salaries And Wages": NaN,
        "Gross Profit": 115856000.0,
        "Cost Of Revenue": 128743000.0,
        "Total Revenue": 244599000.0,
        "Operating Revenue": 244599000.0
    },
    "2022-04-30": {
        "Diluted EPS": -0.69,
        "Total Revenue": 197,
        "Gross Profit": 84,
        "Operating Income": -62,
        "EBIT": -45,
        "Net Income": -57
    },
    "2022-01-31": {
        "Diluted EPS": -0.49,
        "Total Revenue": 205,
        "Gross Profit": 102,
        "Operating Income": -39,
        "EBIT": -21,
        "Net Income": -41
    },
    "2021-10-31": {
        "Diluted EPS": -0.62,
        "Total Revenue": 166,
        "Gross Profit": 68,
        "Operating Income": -65,
        "EBIT": -50,
        "Net Income": -51
    },
    "2021-07-31": {
        "Diluted EPS": -0.01,
        "Total Revenue": 229,
        "Gross Profit": 129,
        "Operating Income": 0,
        "EBIT": 13,
        "Net Income": -1
    },
    "2021-04-30": {
        "Diluted EPS": -0.44,
        "Total Revenue": 164,
        "Gross Profit": 72,
        "Operating Income": -47,
        "EBIT": -36,
        "Net Income": -37
    },
    "2021-01-31": {
        "Diluted EPS": -0.1,
        "Total Revenue": 180,
        "Gross Profit": 88,
        "Operating Income": -27,
        "EBIT": -9,
        "Net Income": -9
    },
    "2020-10-31": {
        "Diluted EPS": -0.24,
        "Total Revenue": 170,
        "Gross Profit": 79,
        "Operating Income": -32,
        "EBIT": -16,
        "Net Income": -20
    },
    "2020-07-31": {
        "Diluted EPS": 0.46,
        "Total Revenue": 244,
        "Gross Profit": 156,
        "Operating Income": 44,
        "EBIT": 58,
        "Net Income": 39
    },
    "2020-04-30": {
        "Diluted EPS": -0.37,
        "Total Revenue": 168,
        "Gross Profit": 82,
        "Operating Income": -26,
        "EBIT": -12,
        "Net Income": -31
    },
    "2020-01-31": {
        "Diluted EPS": -0.24,
        "Total Revenue": 173,
        "Gross Profit": 90,
        "Operating Income": -18,
        "EBIT": -5,
        "Net Income": -20
    },
    "2019-10-31": {
        "Diluted EPS": -0.18,
        "Total Revenue": 157,
        "Gross Profit": 76,
        "Operating Income": -25,
        "EBIT": -12,
        "Net Income": -15
    },
    "2019-07-31": {
        "Diluted EPS": 0.28,
        "Total Revenue": 208,
        "Gross Profit": 125,
        "Operating Income": 21,
        "EBIT": 46,
        "Net Income": 23
    },
    "2019-04-30": {
        "Diluted EPS": -0.11,
        "Total Revenue": 163,
        "Gross Profit": 83,
        "Operating Income": -16,
        "EBIT": -5,
        "Net Income": -9
    },
    "2019-01-31": {
        "Diluted EPS": 0.0,
        "Total Revenue": 169,
        "Gross Profit": 89,
        "Operating Income": -6,
        "EBIT": 4,
        "Net Income": 0
    },
    "2018-10-31": {
        "Diluted EPS": 0.08,
        "Total Revenue": 180,
        "Gross Profit": 99,
        "Operating Income": 2,
        "EBIT": 13,
        "Net Income": 6
    },
    "2018-07-31": {
        "Diluted EPS": 0.77,
        "Total Revenue": 239,
        "Gross Profit": 148,
        "Operating Income": 47,
        "EBIT": 58,
        "Net Income": 59
    },
    "2018-04-30": {
        "Diluted EPS": -0.4,
        "Total Revenue": 142,
        "Gross Profit": 66,
        "Operating Income": -29,
        "EBIT": -18,
        "Net Income": -31
    },
    "2018-01-31": {
        "Diluted EPS": -0.59,
        "Total Revenue": 164,
        "Gross Profit": 96,
        "Operating Income": -1,
        "EBIT": 9,
        "Net Income": -46
    },
    "2017-10-31": {
        "Diluted EPS": -0.12,
        "Total Revenue": 108,
        "Gross Profit": 45,
        "Operating Income": -33,
        "EBIT": -26,
        "Net Income": -9
    },
    "2017-07-31": {
        "Diluted EPS": 0.32,
        "Total Revenue": 176,
        "Gross Profit": 119,
        "Operating Income": 36,
        "EBIT": 43,
        "Net Income": 24
    },
    "2017-04-30": {
        "Diluted EPS": -0.02,
        "Total Revenue": 123,
        "Gross Profit": 72,
        "Operating Income": -4,
        "EBIT": 2,
        "Net Income": -2
    },
    "2017-01-31": {
        "Diluted EPS": 0.05,
        "Total Revenue": 116,
        "Gross Profit": 75,
        "Operating Income": 8,
        "EBIT": 12,
        "Net Income": 4
    },
    "2016-10-31": {
        "Diluted EPS": -0.11,
        "Total Revenue": 94,
        "Gross Profit": 52,
        "Operating Income": -18,
        "EBIT": -15,
        "Net Income": -8
    },
    "2016-07-31": {
        "Diluted EPS": 0.22,
        "Total Revenue": 141,
        "Gross Profit": 98,
        "Operating Income": 23,
        "EBIT": 26,
        "Net Income": 16
    },
    "2016-04-30": {
        "Diluted EPS": -0.01,
        "Total Revenue": 99,
        "Gross Profit": 60,
        "Operating Income": -6,
        "EBIT": -3,
        "Net Income": 0
    },
    "2016-01-31": {
        "Diluted EPS": 0.01,
        "Total Revenue": 102,
        "Gross Profit": 67,
        "Operating Income": 8,
        "EBIT": 10,
        "Net Income": 1
    },
    "2015-10-31": {
        "Diluted EPS": -0.02,
        "Total Revenue": 82,
        "Gross Profit": 47,
        "Operating Income": -9,
        "EBIT": -6,
        "Net Income": -2
    },
    "2015-07-31": {
        "Diluted EPS": 0.16,
        "Total Revenue": 126,
        "Gross Profit": 86,
        "Operating Income": 23,
        "EBIT": 26,
        "Net Income": 12
    },
    "2015-04-30": {
        "Diluted EPS": -0.04,
        "Total Revenue": 85,
        "Gross Profit": 48,
        "Operating Income": -7,
        "EBIT": -4,
        "Net Income": -3
    },
    "2015-01-31": {
        "Diluted EPS": 0.06,
        "Total Revenue": 89,
        "Gross Profit": 55,
        "Operating Income": 3,
        "EBIT": 7,
        "Net Income": 4
    },
    "2014-10-31": {
        "Diluted EPS": -0.04,
        "Total Revenue": 80,
        "Gross Profit": 44,
        "Operating Income": -4,
        "EBIT": 0,
        "Net Income": -3
    },
    "2014-07-31": {
        "Diluted EPS": 0.3,
        "Total Revenue": 118,
        "Gross Profit": 80,
        "Operating Income": 26,
        "EBIT": 32,
        "Net Income": 20
    },
    "2014-04-30": {
        "Diluted EPS": -0.03,
        "Total Revenue": 82,
        "Gross Profit": 46,
        "Operating Income": 0,
        "EBIT": 2,
        "Net Income": -2
    },
    "2014-01-31": {
        "Diluted EPS": 0.05,
        "Total Revenue": 83,
        "Gross Profit": 47,
        "Operating Income": 4,
        "EBIT": 6,
        "Net Income": 3
    },
    "2013-10-31": {
        "Diluted EPS": -0.11,
        "Total Revenue": 67,
        "Gross Profit": 29,
        "Operating Income": -13,
        "EBIT": -11,
        "Net Income": -6
    },
    "2013-07-31": {
        "Diluted EPS": 0.35,
        "Total Revenue": 97,
        "Gross Profit": 66,
        "Operating Income": 29,
        "EBIT": 31,
        "Net Income": 21
    },
    "2013-04-30": {
        "Diluted EPS": -0.05,
        "Total Revenue": 68,
        "Gross Profit": 32,
        "Operating Income": -4,
        "EBIT": -3,
        "Net Income": -3
    },
    "2013-01-31": {
        "Diluted EPS": 0.09,
        "Total Revenue": 72,
        "Gross Profit": 41,
        "Operating Income": 5,
        "EBIT": 6,
        "Net Income": 6
    },
    "2012-10-31": {
        "Diluted EPS": 0.01,
        "Total Revenue": 63,
        "Gross Profit": 36,
        "Operating Income": 0,
        "EBIT": 1,
        "Net Income": 0
    },
    "2012-07-31": {
        "Diluted EPS": 0.12,
        "Total Revenue": 68,
        "Gross Profit": 42,
        "Operating Income": 11,
        "EBIT": 11,
        "Net Income": 7
    },
    "2012-04-30": {
        "Diluted EPS": 0.05,
        "Total Revenue": 57,
        "Gross Profit": 33,
        "Operating Income": 5,
        "EBIT": 6,
        "Net Income": 3
    },
    "2012-01-31": {
        "Diluted EPS": 0.06,
        "Total Revenue": 55,
        "Gross Profit": 34,
        "Operating Income": 5,
        "EBIT": 6,
        "Net Income": 1
    },
    "2011-10-31": {
        "Diluted EPS": 0.09,
        "Total Revenue": 52,
        "Gross Profit": 33,
        "Operating Income": 8,
        "EBIT": 9,
        "Net Income": 1
    },
    "2011-07-31": {
        "Diluted EPS": 0.0,
        "Total Revenue": NaN,
        "Gross Profit": NaN,
        "Operating Income": NaN,
        "EBIT": NaN,
        "Net Income": NaN
    },
    "2011-04-30": {
        "Diluted EPS": 0.66,
        "Total Revenue": 44,
        "Gross Profit": 27,
        "Operating Income": 5,
        "EBIT": 5,
        "Net Income": 10
    },
    "2011-01-31": {
        "Diluted EPS": 0.11,
        "Total Revenue": 42,
        "Gross Profit": 26,
        "Operating Income": 5,
        "EBIT": 5,
        "Net Income": 2
    },
    "2010-07-31": {
        "Diluted EPS": 0.0,
        "Total Revenue": NaN,
        "Gross Profit": NaN,
        "Operating Income": NaN,
        "EBIT": NaN,
        "Net Income": NaN
    },
    "2023-07-31": {
        "Tax Effect Of Unusual Items": NaN,
        "Tax Rate For Calcs": NaN,
        "Normalized EBITDA": NaN,
        "Net Income From Continuing Operation Net Minority Interest": NaN,
        "Reconciled Depreciation": NaN,
        "Reconciled Cost Of Revenue": NaN,
        "EBITDA": NaN,
        "EBIT": NaN,
        "Net Interest Income": NaN,
        "Interest Expense": NaN,
        "Interest Income": NaN,
        "Normalized Income": NaN,
        "Net Income From Continuing And Discontinued Operation": NaN,
        "Total Expenses": NaN,
        "Total Operating Income As Reported": NaN,
        "Diluted Average Shares": 82135106.0,
        "Basic Average Shares": 81490213.0,
        "Diluted EPS": 0.15,
        "Basic EPS": 0.15,
        "Diluted NI Availto Com Stockholders": NaN,
        "Net Income Common Stockholders": NaN,
        "Net Income": NaN,
        "Net Income Including Noncontrolling Interests": NaN,
        "Net Income Continuous Operations": NaN,
        "Tax Provision": NaN,
        "Pretax Income": NaN,
        "Other Income Expense": NaN,
        "Other Non Operating Income Expenses": NaN,
        "Net Non Operating Interest Income Expense": NaN,
        "Interest Expense Non Operating": NaN,
        "Interest Income Non Operating": NaN,
        "Operating Income": NaN,
        "Operating Expense": NaN,
        "Research And Development": NaN,
        "Selling General And Administration": NaN,
        "Selling And Marketing Expense": NaN,
        "General And Administrative Expense": NaN,
        "Other Gand A": NaN,
        "Gross Profit": NaN,
        "Cost Of Revenue": NaN,
        "Total Revenue": NaN,
        "Operating Revenue": NaN
    },
    "2023-10-31": {
        "Tax Effect Of Unusual Items": 0.0,
        "Tax Rate For Calcs": 0.3,
        "Normalized EBITDA": -31468000.0,
        "Net Income From Continuing Operation Net Minority Interest": -27071000.0,
        "Reconciled Depreciation": 5442000.0,
        "Reconciled Cost Of Revenue": 95115000.0,
        "EBITDA": -31468000.0,
        "EBIT": -36910000.0,
        "Net Interest Income": 8930000.0,
        "Interest Expense": 1683000.0,
        "Interest Income": 10613000.0,
        "Normalized Income": -27071000.0,
        "Net Income From Continuing And Discontinued Operation": -27071000.0,
        "Total Expenses": 241188000.0,
        "Total Operating Income As Reported": -33781000.0,
        "Diluted Average Shares": 81690912.0,
        "Basic Average Shares": 81690912.0,
        "Diluted EPS": -0.33,
        "Basic EPS": -0.33,
        "Diluted NI Availto Com Stockholders": -27071000.0,
        "Net Income Common Stockholders": -27071000.0,
        "Net Income": -27071000.0,
        "Net Income Including Noncontrolling Interests": -27071000.0,
        "Net Income Continuous Operations": -27071000.0,
        "Tax Provision": -11522000.0,
        "Pretax Income": -38593000.0,
        "Other Income Expense": -13742000.0,
        "Other Non Operating Income Expenses": -13742000.0,
        "Net Non Operating Interest Income Expense": 8930000.0,
        "Interest Expense Non Operating": 1683000.0,
        "Interest Income Non Operating": 10613000.0,
        "Operating Income": -33781000.0,
        "Operating Expense": 146073000.0,
        "Research And Development": 62469000.0,
        "Selling General And Administration": 83604000.0,
        "Selling And Marketing Expense": 44581000.0,
        "General And Administrative Expense": 39023000.0,
        "Other Gand A": 39023000.0,
        "Gross Profit": 112292000.0,
        "Cost Of Revenue": 95115000.0,
        "Total Revenue": 207407000.0,
        "Operating Revenue": 207407000.0
    },
    "2024-01-31": {
        "Tax Effect Of Unusual Items": 0.0,
        "Tax Rate For Calcs": 0.21,
        "Normalized EBITDA": 14148000.0,
        "Net Income From Continuing Operation Net Minority Interest": 9687000.0,
        "Reconciled Depreciation": 5492000.0,
        "Reconciled Cost Of Revenue": 98491000.0,
        "EBITDA": 14148000.0,
        "EBIT": 8656000.0,
        "Net Interest Income": 8598000.0,
        "Interest Expense": 1692000.0,
        "Interest Income": 10290000.0,
        "Normalized Income": 9687000.0,
        "Net Income From Continuing And Discontinued Operation": 9687000.0,
        "Total Expenses": 253307000.0,
        "Total Operating Income As Reported": -12410000.0,
        "Diluted Average Shares": 83305080.0,
        "Basic Average Shares": 82133632.0,
        "Diluted EPS": 0.12,
        "Basic EPS": 0.12,
        "Diluted NI Availto Com Stockholders": 9687000.0,
        "Net Income Common Stockholders": 9687000.0,
        "Net Income": 9687000.0,
        "Net Income Including Noncontrolling Interests": 9687000.0,
        "Net Income Continuous Operations": 9687000.0,
        "Tax Provision": -2723000.0,
        "Pretax Income": 6964000.0,
        "Other Income Expense": 10776000.0,
        "Other Non Operating Income Expenses": 10776000.0,
        "Net Non Operating Interest Income Expense": 8598000.0,
        "Interest Expense Non Operating": 1692000.0,
        "Interest Income Non Operating": 10290000.0,
        "Operating Income": -12410000.0,
        "Operating Expense": 154816000.0,
        "Research And Development": 65458000.0,
        "Selling General And Administration": 89358000.0,
        "Selling And Marketing Expense": 49181000.0,
        "General And Administrative Expense": 40177000.0,
        "Other Gand A": 40177000.0,
        "Gross Profit": 142406000.0,
        "Cost Of Revenue": 98491000.0,
        "Total Revenue": 240897000.0,
        "Operating Revenue": 240897000.0
    },
    "2024-04-30": {
        "Tax Effect Of Unusual Items": 0.0,
        "Tax Rate For Calcs": 0.21,
        "Normalized EBITDA": -6816000.0,
        "Net Income From Continuing Operation Net Minority Interest": -5478000.0,
        "Reconciled Depreciation": 5591000.0,
        "Reconciled Cost Of Revenue": 98451000.0,
        "EBITDA": -6816000.0,
        "EBIT": -12407000.0,
        "Net Interest Income": 9138000.0,
        "Interest Expense": 1686000.0,
        "Interest Income": 10824000.0,
        "Normalized Income": -5478000.0,
        "Net Income From Continuing And Discontinued Operation": -5478000.0,
        "Total Expenses": 257374000.0,
        "Total Operating Income As Reported": -16696000.0,
        "Diluted Average Shares": 82500109.0,
        "Basic Average Shares": 82500109.0,
        "Diluted EPS": -0.07,
        "Basic EPS": -0.07,
        "Diluted NI Availto Com Stockholders": -5478000.0,
        "Net Income Common Stockholders": -5478000.0,
        "Net Income": -5478000.0,
        "Net Income Including Noncontrolling Interests": -5478000.0,
        "Net Income Continuous Operations": -5478000.0,
        "Tax Provision": -8615000.0,
        "Pretax Income": -14093000.0,
        "Other Income Expense": -6535000.0,
        "Other Non Operating Income Expenses": -6535000.0,
        "Net Non Operating Interest Income Expense": 9138000.0,
        "Interest Expense Non Operating": 1686000.0,
        "Interest Income Non Operating": 10824000.0,
        "Operating Income": -16696000.0,
        "Operating Expense": 158923000.0,
        "Research And Development": 66134000.0,
        "Selling General And Administration": 92789000.0,
        "Selling And Marketing Expense": 50487000.0,
        "General And Administrative Expense": 42302000.0,
        "Other Gand A": 42302000.0,
        "Gross Profit": 142227000.0,
        "Cost Of Revenue": 98451000.0,
        "Total Revenue": 240678000.0,
        "Operating Revenue": 240678000.0
    },
    "2024-07-31": {
        "Tax Effect Of Unusual Items": 0.0,
        "Tax Rate For Calcs": 0.112529,
        "Normalized EBITDA": 26345000.0,
        "Net Income From Continuing Operation Net Minority Interest": 16759000.0,
        "Reconciled Depreciation": 5784000.0,
        "Reconciled Cost Of Revenue": 105079000.0,
        "EBITDA": 26345000.0,
        "EBIT": 20561000.0,
        "Net Interest Income": 10074000.0,
        "Interest Expense": 1677000.0,
        "Interest Income": 11751000.0,
        "Normalized Income": 16759000.0,
        "Net Income From Continuing And Discontinued Operation": 16759000.0,
        "Total Expenses": 281201000.0,
        "Total Operating Income As Reported": 10314000.0,
        "Diluted Average Shares": NaN,
        "Basic Average Shares": NaN,
        "Diluted EPS": NaN,
        "Basic EPS": NaN,
        "Diluted NI Availto Com Stockholders": 16759000.0,
        "Net Income Common Stockholders": 16759000.0,
        "Net Income": 16759000.0,
        "Net Income Including Noncontrolling Interests": 16759000.0,
        "Net Income Continuous Operations": 16759000.0,
        "Tax Provision": 2125000.0,
        "Pretax Income": 18884000.0,
        "Other Income Expense": -1504000.0,
        "Other Non Operating Income Expenses": -1504000.0,
        "Net Non Operating Interest Income Expense": 10074000.0,
        "Interest Expense Non Operating": 1677000.0,
        "Interest Income Non Operating": 11751000.0,
        "Operating Income": 10314000.0,
        "Operating Expense": 176122000.0,
        "Research And Development": 75320000.0,
        "Selling General And Administration": 100802000.0,
        "Selling And Marketing Expense": 54784000.0,
        "General And Administrative Expense": 46018000.0,
        "Other Gand A": 46018000.0,
        "Gross Profit": 186436000.0,
        "Cost Of Revenue": 105079000.0,
        "Total Revenue": 291515000.0,
        "Operating Revenue": 291515000.0
    },
    "2024-10-31": {
        "Tax Effect Of Unusual Items": 0.0,
        "Tax Rate For Calcs": 0.21,
        "Normalized EBITDA": 10676000.0,
        "Net Income From Continuing Operation Net Minority Interest": 9139000.0,
        "Reconciled Depreciation": 5845000.0,
        "Reconciled Cost Of Revenue": 104509000.0,
        "EBITDA": 10676000.0,
        "EBIT": 4831000.0,
        "Net Interest Income": 11544000.0,
        "Interest Expense": 2062000.0,
        "Interest Income": 13606000.0,
        "Normalized Income": 9139000.0,
        "Net Income From Continuing And Discontinued Operation": 9139000.0,
        "Total Expenses": 267621000.0,
        "Total Operating Income As Reported": -4720000.0,
        "Diluted Average Shares": 85960868.0,
        "Basic Average Shares": 83276236.0,
        "Diluted EPS": 0.11,
        "Basic EPS": 0.11,
        "Diluted NI Availto Com Stockholders": 9139000.0,
        "Net Income Common Stockholders": 9139000.0,
        "Net Income": 9139000.0,
        "Net Income Including Noncontrolling Interests": 9139000.0,
        "Net Income Continuous Operations": 9139000.0,
        "Tax Provision": -6370000.0,
        "Pretax Income": 2769000.0,
        "Other Income Expense": -4055000.0,
        "Other Non Operating Income Expenses": -4055000.0,
        "Net Non Operating Interest Income Expense": 11544000.0,
        "Interest Expense Non Operating": 2062000.0,
        "Interest Income Non Operating": 13606000.0,
        "Operating Income": -4720000.0,
        "Operating Expense": 163112000.0,
        "Research And Development": 68880000.0,
        "Selling General And Administration": 94232000.0,
        "Selling And Marketing Expense": 51478000.0,
        "General And Administrative Expense": 42754000.0,
        "Other Gand A": 42754000.0,
        "Gross Profit": 158392000.0,
        "Cost Of Revenue": 104509000.0,
        "Total Revenue": 262901000.0,
        "Operating Revenue": 262901000.0
    }
}