{
    "2023-03-31": {
        "Tax Effect Of Unusual Items": NaN,
        "Tax Rate For Calcs": NaN,
        "Normalized EBITDA": NaN,
        "Total Unusual Items": 0.0,
        "Total Unusual Items Excluding Goodwill": 0.0,
        "Net Income From Continuing Operation Net Minority Interest": NaN,
        "Reconciled Depreciation": NaN,
        "Reconciled Cost Of Revenue": NaN,
        "EBITDA": NaN,
        "EBIT": NaN,
        "Net Interest Income": NaN,
        "Interest Expense": NaN,
        "Interest Income": NaN,
        "Normalized Income": NaN,
        "Net Income From Continuing And Discontinued Operation": NaN,
        "Total Expenses": NaN,
        "Total Operating Income As Reported": NaN,
        "Diluted Average Shares": NaN,
        "Basic Average Shares": NaN,
        "Diluted EPS": NaN,
        "Basic EPS": NaN,
        "Diluted NI Availto Com Stockholders": NaN,
        "Net Income Common Stockholders": NaN,
        "Net Income": NaN,
        "Net Income Including Noncontrolling Interests": NaN,
        "Net Income Continuous Operations": NaN,
        "Tax Provision": NaN,
        "Pretax Income": NaN,
        "Other Income Expense": 0.0,
        "Special Income Charges": 0.0,
        "Gain On Sale Of Business": 0.0,
        "Impairment Of Capital Assets": NaN,
        "Net Non Operating Interest Income Expense": NaN,
        "Interest Expense Non Operating": NaN,
        "Interest Income Non Operating": NaN,
        "Operating Income": NaN,
        "Operating Expense": NaN,
        "Depreciation Amortization Depletion Income Statement": NaN,
        "Depreciation And Amortization In Income Statement": NaN,
        "Amortization": NaN,
        "Amortization Of Intangibles Income Statement": NaN,
        "Research And Development": NaN,
        "Selling General And Administration": NaN,
        "Gross Profit": NaN,
        "Cost Of Revenue": NaN,
        "Total Revenue": NaN,
        "Operating Revenue": NaN
    },
    "2022-12-31": {
        "Tax Effect Of Unusual Items": NaN,
        "Tax Rate For Calcs": NaN,
        "Normalized EBITDA": NaN,
        "Total Unusual Items": 0.0,
        "Total Unusual Items Excluding Goodwill": 0.0,
        "Net Income From Continuing Operation Net Minority Interest": NaN,
        "Reconciled Depreciation": NaN,
        "Reconciled Cost Of Revenue": NaN,
        "EBITDA": NaN,
        "EBIT": NaN,
        "Net Interest Income": NaN,
        "Interest Expense": NaN,
        "Interest Income": NaN,
        "Normalized Income": NaN,
        "Net Income From Continuing And Discontinued Operation": NaN,
        "Total Expenses": NaN,
        "Total Operating Income As Reported": NaN,
        "Diluted Average Shares": NaN,
        "Basic Average Shares": NaN,
        "Diluted EPS": NaN,
        "Basic EPS": NaN,
        "Diluted NI Availto Com Stockholders": NaN,
        "Net Income Common Stockholders": NaN,
        "Net Income": NaN,
        "Net Income Including Noncontrolling Interests": NaN,
        "Net Income Continuous Operations": NaN,
        "Tax Provision": NaN,
        "Pretax Income": NaN,
        "Other Income Expense": NaN,
        "Special Income Charges": 0.0,
        "Gain On Sale Of Business": 0.0,
        "Impairment Of Capital Assets": 0.0,
        "Net Non Operating Interest Income Expense": NaN,
        "Interest Expense Non Operating": NaN,
        "Interest Income Non Operating": NaN,
        "Operating Income": NaN,
        "Operating Expense": NaN,
        "Depreciation Amortization Depletion Income Statement": NaN,
        "Depreciation And Amortization In Income Statement": NaN,
        "Amortization": NaN,
        "Amortization Of Intangibles Income Statement": NaN,
        "Research And Development": NaN,
        "Selling General And Administration": NaN,
        "Gross Profit": NaN,
        "Cost Of Revenue": NaN,
        "Total Revenue": NaN,
        "Operating Revenue": NaN
    },
    "2022-09-30": {
        "Tax Effect Of Unusual Items": NaN,
        "Tax Rate For Calcs": NaN,
        "Normalized EBITDA": NaN,
        "Total Unusual Items": NaN,
        "Total Unusual Items Excluding Goodwill": NaN,
        "Net Income From Continuing Operation Net Minority Interest": NaN,
        "Reconciled Depreciation": NaN,
        "Reconciled Cost Of Revenue": NaN,
        "EBITDA": NaN,
        "EBIT": NaN,
        "Net Interest Income": NaN,
        "Interest Expense": NaN,
        "Normalized Income": NaN,
        "Net Income From Continuing And Discontinued Operation": NaN,
        "Total Expenses": NaN,
        "Total Operating Income As Reported": NaN,
        "Diluted Average Shares": NaN,
        "Basic Average Shares": NaN,
        "Diluted EPS": NaN,
        "Basic EPS": NaN,
        "Diluted NI Availto Com Stockholders": NaN,
        "Net Income Common Stockholders": NaN,
        "Net Income": NaN,
        "Net Income Including Noncontrolling Interests": NaN,
        "Net Income Continuous Operations": NaN,
        "Tax Provision": NaN,
        "Pretax Income": NaN,
        "Other Income Expense": 382000.0,
        "Special Income Charges": NaN,
        "Gain On Sale Of Business": 382000.0,
        "Impairment Of Capital Assets": 0.0,
        "Net Non Operating Interest Income Expense": NaN,
        "Interest Expense Non Operating": NaN,
        "Operating Income": NaN,
        "Operating Expense": NaN,
        "Depreciation Amortization Depletion Income Statement": NaN,
        "Depreciation And Amortization In Income Statement": NaN,
        "Amortization": NaN,
        "Amortization Of Intangibles Income Statement": NaN,
        "Research And Development": NaN,
        "Selling General And Administration": NaN,
        "Gross Profit": NaN,
        "Cost Of Revenue": NaN,
        "Total Revenue": NaN,
        "Operating Revenue": NaN
    },
    "2022-06-30": {
        "Tax Effect Of Unusual Items": 0.0,
        "Tax Rate For Calcs": 0.22,
        "Normalized EBITDA": 53214000.0,
        "Total Unusual Items": 0.0,
        "Total Unusual Items Excluding Goodwill": 0.0,
        "Net Income From Continuing Operation Net Minority Interest": 19877000.0,
        "Reconciled Depreciation": 22447000.0,
        "Reconciled Cost Of Revenue": 105115000.0,
        "EBITDA": 53214000.0,
        "EBIT": 30767000.0,
        "Net Interest Income": -5273000.0,
        "Interest Expense": 5273000.0,
        "Normalized Income": 19877000.0,
        "Net Income From Continuing And Discontinued Operation": 19877000.0,
        "Total Expenses": 230691000.0,
        "Total Operating Income As Reported": 30767000.0,
        "Diluted Average Shares": 51683000.0,
        "Basic Average Shares": 51224000.0,
        "Diluted EPS": 0.38,
        "Basic EPS": 0.39,
        "Diluted NI Availto Com Stockholders": 19877000.0,
        "Net Income Common Stockholders": 19877000.0,
        "Net Income": 19877000.0,
        "Net Income Including Noncontrolling Interests": 19877000.0,
        "Net Income Continuous Operations": 19877000.0,
        "Tax Provision": 5617000.0,
        "Pretax Income": 25494000.0,
        "Other Income Expense": NaN,
        "Special Income Charges": 0.0,
        "Gain On Sale Of Business": 0.0,
        "Net Non Operating Interest Income Expense": -5273000.0,
        "Interest Expense Non Operating": 5273000.0,
        "Operating Income": 30767000.0,
        "Operating Expense": 111496000.0,
        "Other Operating Expenses": NaN,
        "Depreciation Amortization Depletion Income Statement": 8367000.0,
        "Depreciation And Amortization In Income Statement": 8367000.0,
        "Amortization": 8367000.0,
        "Amortization Of Intangibles Income Statement": 8367000.0,
        "Research And Development": 10902000.0,
        "Selling General And Administration": 92227000.0,
        "Gross Profit": 142263000.0,
        "Cost Of Revenue": 119195000.0,
        "Total Revenue": 261458000.0,
        "Operating Revenue": 261458000.0
    },
    "2022-03-31": {
        "Diluted EPS": 0.19,
        "Total Revenue": 265,
        "Gross Profit": 136,
        "Operating Income": 19,
        "EBIT": 45,
        "Net Income": 10
    },
    "2021-12-31": {
        "Diluted EPS": 0.45,
        "Total Revenue": 260,
        "Gross Profit": 139,
        "Operating Income": 36,
        "EBIT": 61,
        "Net Income": 23
    },
    "2021-09-30": {
        "Diluted EPS": 0.29,
        "Total Revenue": 240,
        "Gross Profit": 123,
        "Operating Income": 25,
        "EBIT": 49,
        "Net Income": 15
    },
    "2021-06-30": {
        "Diluted EPS": -0.09,
        "Total Revenue": 229,
        "Gross Profit": 108,
        "Operating Income": 1,
        "EBIT": 27,
        "Net Income": -4
    },
    "2021-03-31": {
        "Diluted EPS": -0.22,
        "Total Revenue": 225,
        "Gross Profit": 82,
        "Operating Income": -21,
        "EBIT": 1,
        "Net Income": -11
    },
    "2020-12-31": {
        "Diluted EPS": 0.62,
        "Total Revenue": 240,
        "Gross Profit": 120,
        "Operating Income": 40,
        "EBIT": 61,
        "Net Income": 32
    },
    "2020-09-30": {
        "Diluted EPS": 0.94,
        "Total Revenue": 209,
        "Gross Profit": 106,
        "Operating Income": 59,
        "EBIT": 80,
        "Net Income": 48
    },
    "2020-06-30": {
        "Diluted EPS": 0.21,
        "Total Revenue": 196,
        "Gross Profit": 90,
        "Operating Income": 12,
        "EBIT": 33,
        "Net Income": 11
    },
    "2020-03-31": {
        "Diluted EPS": 0.35,
        "Total Revenue": 238,
        "Gross Profit": 114,
        "Operating Income": 26,
        "EBIT": 55,
        "Net Income": 18
    },
    "2019-12-31": {
        "Diluted EPS": 0.58,
        "Total Revenue": 259,
        "Gross Profit": 128,
        "Operating Income": 41,
        "EBIT": 68,
        "Net Income": 30
    },
    "2019-09-30": {
        "Diluted EPS": 0.72,
        "Total Revenue": 253,
        "Gross Profit": 127,
        "Operating Income": 50,
        "EBIT": 77,
        "Net Income": 37
    },
    "2019-06-30": {
        "Diluted EPS": -0.17,
        "Total Revenue": 238,
        "Gross Profit": 116,
        "Operating Income": -13,
        "EBIT": 14,
        "Net Income": -8
    },
    "2019-03-31": {
        "Diluted EPS": 0.39,
        "Total Revenue": 249,
        "Gross Profit": 111,
        "Operating Income": 24,
        "EBIT": 54,
        "Net Income": 21
    },
    "2018-12-31": {
        "Diluted EPS": 0.35,
        "Total Revenue": 247,
        "Gross Profit": 111,
        "Operating Income": 28,
        "EBIT": 56,
        "Net Income": 18
    },
    "2018-09-30": {
        "Diluted EPS": 0.35,
        "Total Revenue": 242,
        "Gross Profit": 112,
        "Operating Income": 26,
        "EBIT": 51,
        "Net Income": 19
    },
    "2018-06-30": {
        "Diluted EPS": -0.05,
        "Total Revenue": 229,
        "Gross Profit": 83,
        "Operating Income": 5,
        "EBIT": 32,
        "Net Income": -3
    },
    "2018-03-31": {
        "Diluted EPS": 0.21,
        "Total Revenue": 234,
        "Gross Profit": 104,
        "Operating Income": 14,
        "EBIT": 37,
        "Net Income": 12
    },
    "2017-12-31": {
        "Diluted EPS": -0.12,
        "Total Revenue": 234,
        "Gross Profit": 111,
        "Operating Income": 1,
        "EBIT": 23,
        "Net Income": -7
    },
    "2017-09-30": {
        "Diluted EPS": 0.38,
        "Total Revenue": 225,
        "Gross Profit": 105,
        "Operating Income": 24,
        "EBIT": 46,
        "Net Income": 20
    },
    "2017-06-30": {
        "Diluted EPS": 0.38,
        "Total Revenue": 211,
        "Gross Profit": 92,
        "Operating Income": 17,
        "EBIT": 38,
        "Net Income": 20
    },
    "2017-03-31": {
        "Diluted EPS": -0.99,
        "Total Revenue": 228,
        "Gross Profit": 82,
        "Operating Income": -58,
        "EBIT": -35,
        "Net Income": -51
    },
    "2016-12-31": {
        "Diluted EPS": 0.3,
        "Total Revenue": 228,
        "Gross Profit": 101,
        "Operating Income": 21,
        "EBIT": 43,
        "Net Income": 15
    },
    "2016-09-30": {
        "Diluted EPS": 0.38,
        "Total Revenue": 220,
        "Gross Profit": 104,
        "Operating Income": 25,
        "EBIT": 48,
        "Net Income": 20
    },
    "2016-06-30": {
        "Diluted EPS": -0.2,
        "Total Revenue": 210,
        "Gross Profit": 91,
        "Operating Income": -8,
        "EBIT": 15,
        "Net Income": -10
    },
    "2016-03-31": {
        "Diluted EPS": -0.16,
        "Total Revenue": 242,
        "Gross Profit": 89,
        "Operating Income": -6,
        "EBIT": 17,
        "Net Income": -9
    },
    "2015-12-31": {
        "Diluted EPS": -1.17,
        "Total Revenue": 233,
        "Gross Profit": 109,
        "Operating Income": -61,
        "EBIT": -38,
        "Net Income": -59
    },
    "2015-09-30": {
        "Diluted EPS": 0.25,
        "Total Revenue": 220,
        "Gross Profit": 105,
        "Operating Income": 19,
        "EBIT": 42,
        "Net Income": 13
    },
    "2015-06-30": {
        "Diluted EPS": -0.01,
        "Total Revenue": 213,
        "Gross Profit": 103,
        "Operating Income": 4,
        "EBIT": 26,
        "Net Income": 0
    },
    "2015-03-31": {
        "Diluted EPS": -0.06,
        "Total Revenue": 226,
        "Gross Profit": 108,
        "Operating Income": 12,
        "EBIT": 33,
        "Net Income": -3
    },
    "2014-12-31": {
        "Diluted EPS": 0.31,
        "Total Revenue": 232,
        "Gross Profit": 112,
        "Operating Income": 18,
        "EBIT": 41,
        "Net Income": 16
    },
    "2014-09-30": {
        "Diluted EPS": 0.14,
        "Total Revenue": 228,
        "Gross Profit": 108,
        "Operating Income": 12,
        "EBIT": 34,
        "Net Income": 7
    },
    "2014-06-30": {
        "Diluted EPS": -0.07,
        "Total Revenue": 224,
        "Gross Profit": 106,
        "Operating Income": -2,
        "EBIT": 19,
        "Net Income": -4
    },
    "2014-03-31": {
        "Diluted EPS": 0.19,
        "Total Revenue": 241,
        "Gross Profit": 115,
        "Operating Income": 12,
        "EBIT": 33,
        "Net Income": 10
    },
    "2013-12-31": {
        "Diluted EPS": 0.31,
        "Total Revenue": 242,
        "Gross Profit": 122,
        "Operating Income": 18,
        "EBIT": 39,
        "Net Income": 16
    },
    "2013-09-30": {
        "Diluted EPS": 0.32,
        "Total Revenue": 236,
        "Gross Profit": 120,
        "Operating Income": 23,
        "EBIT": 44,
        "Net Income": 17
    },
    "2013-06-30": {
        "Diluted EPS": -0.15,
        "Total Revenue": 220,
        "Gross Profit": 111,
        "Operating Income": -7,
        "EBIT": 12,
        "Net Income": -8
    },
    "2013-03-31": {
        "Diluted EPS": 0.23,
        "Total Revenue": 250,
        "Gross Profit": 123,
        "Operating Income": 18,
        "EBIT": 37,
        "Net Income": 13
    },
    "2012-12-31": {
        "Diluted EPS": 0.19,
        "Total Revenue": 247,
        "Gross Profit": 113,
        "Operating Income": 16,
        "EBIT": 34,
        "Net Income": 10
    },
    "2012-09-30": {
        "Diluted EPS": 0.13,
        "Total Revenue": 218,
        "Gross Profit": 102,
        "Operating Income": 10,
        "EBIT": 27,
        "Net Income": 7
    },
    "2012-06-30": {
        "Diluted EPS": 0.19,
        "Total Revenue": 176,
        "Gross Profit": 90,
        "Operating Income": 13,
        "EBIT": 24,
        "Net Income": 10
    },
    "2012-03-31": {
        "Diluted EPS": 0.35,
        "Total Revenue": 187,
        "Gross Profit": 95,
        "Operating Income": 21,
        "EBIT": 34,
        "Net Income": 18
    },
    "2011-12-31": {
        "Diluted EPS": 0.36,
        "Total Revenue": 191,
        "Gross Profit": 96,
        "Operating Income": 25,
        "EBIT": 38,
        "Net Income": 18
    },
    "2011-09-30": {
        "Diluted EPS": 0.27,
        "Total Revenue": 179,
        "Gross Profit": 90,
        "Operating Income": 19,
        "EBIT": 31,
        "Net Income": 14
    },
    "2011-06-30": {
        "Diluted EPS": 0.33,
        "Total Revenue": 171,
        "Gross Profit": 89,
        "Operating Income": 24,
        "EBIT": 36,
        "Net Income": 17
    },
    "2011-03-31": {
        "Diluted EPS": 0.4,
        "Total Revenue": 170,
        "Gross Profit": 88,
        "Operating Income": 29,
        "EBIT": 40,
        "Net Income": 21
    },
    "2010-12-31": {
        "Diluted EPS": 0.39,
        "Total Revenue": 177,
        "Gross Profit": 93,
        "Operating Income": 29,
        "EBIT": 41,
        "Net Income": 20
    },
    "2010-09-30": {
        "Diluted EPS": 0.43,
        "Total Revenue": 167,
        "Gross Profit": 88,
        "Operating Income": 29,
        "EBIT": 41,
        "Net Income": 21
    },
    "2010-06-30": {
        "Diluted EPS": 0.35,
        "Total Revenue": 163,
        "Gross Profit": 86,
        "Operating Income": 24,
        "EBIT": 37,
        "Net Income": 18
    },
    "2010-03-31": {
        "Diluted EPS": 0.08,
        "Total Revenue": 169,
        "Gross Profit": 88,
        "Operating Income": 4,
        "EBIT": 16,
        "Net Income": 4
    },
    "2009-12-31": {
        "Diluted EPS": 0.36,
        "Total Revenue": 165,
        "Gross Profit": 85,
        "Operating Income": 26,
        "EBIT": 37,
        "Net Income": 18
    },
    "2009-09-30": {
        "Diluted EPS": 0.35,
        "Total Revenue": 157,
        "Gross Profit": 81,
        "Operating Income": 27,
        "EBIT": 38,
        "Net Income": 18
    },
    "2009-06-30": {
        "Diluted EPS": 0.35,
        "Total Revenue": 154,
        "Gross Profit": 83,
        "Operating Income": 26,
        "EBIT": 36,
        "Net Income": 18
    },
    "2009-03-31": {
        "Diluted EPS": 0.27,
        "Total Revenue": 152,
        "Gross Profit": 82,
        "Operating Income": 18,
        "EBIT": 25,
        "Net Income": 14
    },
    "2023-06-30": {
        "Tax Effect Of Unusual Items": NaN,
        "Tax Rate For Calcs": NaN,
        "Normalized EBITDA": NaN,
        "Total Unusual Items": NaN,
        "Total Unusual Items Excluding Goodwill": NaN,
        "Net Income From Continuing Operation Net Minority Interest": NaN,
        "Reconciled Depreciation": NaN,
        "Reconciled Cost Of Revenue": NaN,
        "EBITDA": NaN,
        "EBIT": NaN,
        "Net Interest Income": NaN,
        "Interest Expense": 2069000.0,
        "Interest Income": NaN,
        "Normalized Income": NaN,
        "Net Income From Continuing And Discontinued Operation": NaN,
        "Total Expenses": NaN,
        "Total Operating Income As Reported": NaN,
        "Diluted Average Shares": NaN,
        "Basic Average Shares": NaN,
        "Diluted EPS": NaN,
        "Basic EPS": NaN,
        "Diluted NI Availto Com Stockholders": NaN,
        "Net Income Common Stockholders": NaN,
        "Net Income": NaN,
        "Net Income Including Noncontrolling Interests": NaN,
        "Net Income Continuous Operations": NaN,
        "Tax Provision": NaN,
        "Pretax Income": NaN,
        "Other Income Expense": NaN,
        "Special Income Charges": NaN,
        "Impairment Of Capital Assets": NaN,
        "Net Non Operating Interest Income Expense": NaN,
        "Interest Expense Non Operating": 2069000.0,
        "Interest Income Non Operating": NaN,
        "Operating Income": NaN,
        "Operating Expense": NaN,
        "Depreciation Amortization Depletion Income Statement": NaN,
        "Depreciation And Amortization In Income Statement": NaN,
        "Amortization": NaN,
        "Amortization Of Intangibles Income Statement": NaN,
        "Research And Development": NaN,
        "Selling General And Administration": NaN,
        "Gross Profit": NaN,
        "Cost Of Revenue": NaN,
        "Total Revenue": NaN,
        "Operating Revenue": NaN
    },
    "2023-09-30": {
        "Tax Effect Of Unusual Items": 0.0,
        "Tax Rate For Calcs": 0.241,
        "Normalized EBITDA": 58316000.0,
        "Total Unusual Items": -10419000.0,
        "Total Unusual Items Excluding Goodwill": -10419000.0,
        "Net Income From Continuing Operation Net Minority Interest": 24908000.0,
        "Reconciled Depreciation": 23013000.0,
        "Reconciled Cost Of Revenue": 131882000.0,
        "EBITDA": 58316000.0,
        "EBIT": 35303000.0,
        "Net Interest Income": -2471000.0,
        "Interest Expense": 2471000.0,
        "Interest Income": NaN,
        "Normalized Income": 24908000.0,
        "Net Income From Continuing And Discontinued Operation": 24908000.0,
        "Total Expenses": 282880000.0,
        "Total Operating Income As Reported": 35303000.0,
        "Diluted Average Shares": 51396000.0,
        "Basic Average Shares": 50727000.0,
        "Diluted EPS": 0.48,
        "Basic EPS": 0.49,
        "Diluted NI Availto Com Stockholders": 24908000.0,
        "Net Income Common Stockholders": 24908000.0,
        "Net Income": 24908000.0,
        "Net Income Including Noncontrolling Interests": 24908000.0,
        "Net Income Continuous Operations": 24908000.0,
        "Tax Provision": 7924000.0,
        "Pretax Income": 32832000.0,
        "Other Income Expense": -10419000.0,
        "Special Income Charges": -10419000.0,
        "Impairment Of Capital Assets": 10419000.0,
        "Net Non Operating Interest Income Expense": -2471000.0,
        "Interest Expense Non Operating": 2471000.0,
        "Interest Income Non Operating": NaN,
        "Operating Income": 35303000.0,
        "Operating Expense": 135207000.0,
        "Depreciation Amortization Depletion Income Statement": 7222000.0,
        "Depreciation And Amortization In Income Statement": 7222000.0,
        "Amortization": 7222000.0,
        "Amortization Of Intangibles Income Statement": 7222000.0,
        "Research And Development": 12665000.0,
        "Selling General And Administration": 115320000.0,
        "Gross Profit": 170510000.0,
        "Cost Of Revenue": 147673000.0,
        "Total Revenue": 318183000.0,
        "Operating Revenue": 318183000.0
    },
    "2023-12-31": {
        "Tax Effect Of Unusual Items": 0.0,
        "Tax Rate For Calcs": 0.29,
        "Normalized EBITDA": 69509000.0,
        "Total Unusual Items": 0.0,
        "Total Unusual Items Excluding Goodwill": 0.0,
        "Net Income From Continuing Operation Net Minority Interest": 31241000.0,
        "Reconciled Depreciation": 23531000.0,
        "Reconciled Cost Of Revenue": 141763000.0,
        "EBITDA": 69509000.0,
        "EBIT": 45978000.0,
        "Net Interest Income": -1949000.0,
        "Interest Expense": 1949000.0,
        "Interest Income": NaN,
        "Normalized Income": 31241000.0,
        "Net Income From Continuing And Discontinued Operation": 31241000.0,
        "Total Expenses": 290272000.0,
        "Total Operating Income As Reported": 45978000.0,
        "Diluted Average Shares": 51445000.0,
        "Basic Average Shares": 50768000.0,
        "Diluted EPS": 0.61,
        "Basic EPS": 0.62,
        "Diluted NI Availto Com Stockholders": 31241000.0,
        "Net Income Common Stockholders": 31241000.0,
        "Net Income": 31241000.0,
        "Net Income Including Noncontrolling Interests": 31241000.0,
        "Net Income Continuous Operations": 31241000.0,
        "Tax Provision": 12788000.0,
        "Pretax Income": 44029000.0,
        "Other Income Expense": NaN,
        "Special Income Charges": 0.0,
        "Impairment Of Capital Assets": 0.0,
        "Net Non Operating Interest Income Expense": -1949000.0,
        "Interest Expense Non Operating": 1949000.0,
        "Interest Income Non Operating": NaN,
        "Operating Income": 45978000.0,
        "Operating Expense": 131889000.0,
        "Depreciation Amortization Depletion Income Statement": 6911000.0,
        "Depreciation And Amortization In Income Statement": 6911000.0,
        "Amortization": 6911000.0,
        "Amortization Of Intangibles Income Statement": 6911000.0,
        "Research And Development": 13265000.0,
        "Selling General And Administration": 111713000.0,
        "Gross Profit": 177867000.0,
        "Cost Of Revenue": 158383000.0,
        "Total Revenue": 336250000.0,
        "Operating Revenue": 336250000.0
    },
    "2024-03-31": {
        "Tax Effect Of Unusual Items": 260271.632357,
        "Tax Rate For Calcs": 0.130136,
        "Normalized EBITDA": 55582000.0,
        "Total Unusual Items": 2000000.0,
        "Total Unusual Items Excluding Goodwill": 2000000.0,
        "Net Income From Continuing Operation Net Minority Interest": 20367000.0,
        "Reconciled Depreciation": 27639000.0,
        "Reconciled Cost Of Revenue": 150170000.0,
        "EBITDA": 57582000.0,
        "EBIT": 29943000.0,
        "Net Interest Income": -6529000.0,
        "Interest Expense": 6529000.0,
        "Interest Income": NaN,
        "Normalized Income": 18627271.632357,
        "Net Income From Continuing And Discontinued Operation": 20367000.0,
        "Total Expenses": 315347000.0,
        "Total Operating Income As Reported": 29943000.0,
        "Diluted Average Shares": 51408000.0,
        "Basic Average Shares": 50787000.0,
        "Diluted EPS": 0.4,
        "Basic EPS": 0.401028,
        "Diluted NI Availto Com Stockholders": 20367000.0,
        "Net Income Common Stockholders": 20367000.0,
        "Net Income": 20367000.0,
        "Net Income Including Noncontrolling Interests": 20367000.0,
        "Net Income Continuous Operations": 20367000.0,
        "Tax Provision": 3047000.0,
        "Pretax Income": 23414000.0,
        "Other Income Expense": 2000000.0,
        "Special Income Charges": 2000000.0,
        "Impairment Of Capital Assets": 0.0,
        "Net Non Operating Interest Income Expense": -6529000.0,
        "Interest Expense Non Operating": 6529000.0,
        "Interest Income Non Operating": NaN,
        "Operating Income": 27943000.0,
        "Operating Expense": 147963000.0,
        "Depreciation Amortization Depletion Income Statement": 10425000.0,
        "Depreciation And Amortization In Income Statement": 10425000.0,
        "Amortization": 10425000.0,
        "Amortization Of Intangibles Income Statement": 10425000.0,
        "Research And Development": 15857000.0,
        "Selling General And Administration": 121681000.0,
        "Gross Profit": 175906000.0,
        "Cost Of Revenue": 167384000.0,
        "Total Revenue": 343290000.0,
        "Operating Revenue": 343290000.0
    },
    "2024-06-30": {
        "Tax Effect Of Unusual Items": 0.0,
        "Tax Rate For Calcs": 0.179,
        "Normalized EBITDA": 68892000.0,
        "Total Unusual Items": NaN,
        "Total Unusual Items Excluding Goodwill": NaN,
        "Net Income From Continuing Operation Net Minority Interest": 38373000.0,
        "Reconciled Depreciation": 29136000.0,
        "Reconciled Cost Of Revenue": 144583000.0,
        "EBITDA": 68892000.0,
        "EBIT": 39756000.0,
        "Net Interest Income": 6957000.0,
        "Interest Expense": NaN,
        "Interest Income": 6957000.0,
        "Normalized Income": 38373000.0,
        "Net Income From Continuing And Discontinued Operation": 38373000.0,
        "Total Expenses": 296416000.0,
        "Total Operating Income As Reported": 39756000.0,
        "Diluted Average Shares": 51564000.0,
        "Basic Average Shares": 50943000.0,
        "Diluted EPS": 0.74,
        "Basic EPS": 0.75,
        "Diluted NI Availto Com Stockholders": 38373000.0,
        "Net Income Common Stockholders": 38373000.0,
        "Net Income": 38373000.0,
        "Net Income Including Noncontrolling Interests": 38373000.0,
        "Net Income Continuous Operations": 38373000.0,
        "Tax Provision": 8340000.0,
        "Pretax Income": 46713000.0,
        "Other Income Expense": NaN,
        "Special Income Charges": NaN,
        "Impairment Of Capital Assets": NaN,
        "Net Non Operating Interest Income Expense": 6957000.0,
        "Interest Expense Non Operating": NaN,
        "Interest Income Non Operating": 6957000.0,
        "Operating Income": 39756000.0,
        "Operating Expense": 135168000.0,
        "Depreciation Amortization Depletion Income Statement": 12471000.0,
        "Depreciation And Amortization In Income Statement": 12471000.0,
        "Amortization": 12471000.0,
        "Amortization Of Intangibles Income Statement": 12471000.0,
        "Research And Development": 14449000.0,
        "Selling General And Administration": 108248000.0,
        "Gross Profit": 174924000.0,
        "Cost Of Revenue": 161248000.0,
        "Total Revenue": 336172000.0,
        "Operating Revenue": 336172000.0
    },
    "2024-09-30": {
        "Tax Effect Of Unusual Items": 0.0,
        "Tax Rate For Calcs": 0.243,
        "Normalized EBITDA": 80914000.0,
        "Total Unusual Items": NaN,
        "Total Unusual Items Excluding Goodwill": NaN,
        "Net Income From Continuing Operation Net Minority Interest": 33831000.0,
        "Reconciled Depreciation": 29217000.0,
        "Reconciled Cost Of Revenue": 141121000.0,
        "EBITDA": 80914000.0,
        "EBIT": 51697000.0,
        "Net Interest Income": -6993000.0,
        "Interest Expense": 6993000.0,
        "Interest Income": NaN,
        "Normalized Income": 33831000.0,
        "Net Income From Continuing And Discontinued Operation": 33831000.0,
        "Total Expenses": 293814000.0,
        "Total Operating Income As Reported": 51697000.0,
        "Diluted Average Shares": 51240000.0,
        "Basic Average Shares": 50898000.0,
        "Diluted EPS": 0.66,
        "Basic EPS": 0.66,
        "Diluted NI Availto Com Stockholders": 33831000.0,
        "Net Income Common Stockholders": 33831000.0,
        "Net Income": 33831000.0,
        "Net Income Including Noncontrolling Interests": 33831000.0,
        "Net Income Continuous Operations": 33831000.0,
        "Tax Provision": 10873000.0,
        "Pretax Income": 44704000.0,
        "Other Income Expense": NaN,
        "Special Income Charges": NaN,
        "Impairment Of Capital Assets": NaN,
        "Net Non Operating Interest Income Expense": -6993000.0,
        "Interest Expense Non Operating": 6993000.0,
        "Interest Income Non Operating": NaN,
        "Operating Income": 51697000.0,
        "Operating Expense": 135740000.0,
        "Depreciation Amortization Depletion Income Statement": 12264000.0,
        "Depreciation And Amortization In Income Statement": 12264000.0,
        "Amortization": 12264000.0,
        "Amortization Of Intangibles Income Statement": 12264000.0,
        "Research And Development": 16530000.0,
        "Selling General And Administration": 106946000.0,
        "Gross Profit": 187437000.0,
        "Cost Of Revenue": 158074000.0,
        "Total Revenue": 345511000.0,
        "Operating Revenue": 345511000.0
    }
}