{
    "2023-06-30": {
        "Tax Effect Of Unusual Items": 569299.0,
        "Tax Rate For Calcs": 0.293,
        "Total Unusual Items": 1943000.0,
        "Total Unusual Items Excluding Goodwill": 1943000.0,
        "Net Income From Continuing Operation Net Minority Interest": 20620000.0,
        "Reconciled Depreciation": 1725000.0,
        "Net Interest Income": 55139000.0,
        "Interest Expense": 35348000.0,
        "Interest Income": 90487000.0,
        "Normalized Income": 19246299.0,
        "Net Income From Continuing And Discontinued Operation": 20620000.0,
        "Diluted Average Shares": 30387041.0,
        "Basic Average Shares": 30324264.0,
        "Diluted EPS": 0.67,
        "Basic EPS": 0.68,
        "Diluted NI Availto Com Stockholders": 20492000.0,
        "Net Income Common Stockholders": 20492000.0,
        "Otherunder Preferred Stock Dividend": 128000.0,
        "Net Income": 20620000.0,
        "Net Income Including Noncontrolling Interests": 20620000.0,
        "Net Income Continuous Operations": 20620000.0,
        "Tax Provision": 8534000.0,
        "Pretax Income": 29154000.0,
        "Special Income Charges": 1943000.0,
        "Other Special Charges": -1943000.0,
        "Gain On Sale Of Security": -1871000.0,
        "Selling General And Administration": 21113000.0,
        "Selling And Marketing Expense": 748000.0,
        "General And Administrative Expense": 20365000.0,
        "Salaries And Wages": 20365000.0,
        "Total Revenue": 61414000.0,
        "Operating Revenue": 61414000.0
    },
    "2023-03-31": {
        "Tax Effect Of Unusual Items": 0.0,
        "Tax Rate For Calcs": 0.296626,
        "Total Unusual Items": NaN,
        "Total Unusual Items Excluding Goodwill": NaN,
        "Net Income From Continuing Operation Net Minority Interest": 21991000.0,
        "Reconciled Depreciation": 1742000.0,
        "Net Interest Income": 57564000.0,
        "Interest Expense": 29450000.0,
        "Interest Income": 87014000.0,
        "Normalized Income": 21991000.0,
        "Net Income From Continuing And Discontinued Operation": 21991000.0,
        "Diluted Average Shares": 30430745.0,
        "Basic Average Shares": 30347325.0,
        "Diluted EPS": 0.72,
        "Basic EPS": 0.72,
        "Diluted NI Availto Com Stockholders": 21874000.0,
        "Net Income Common Stockholders": 21874000.0,
        "Otherunder Preferred Stock Dividend": 117000.0,
        "Net Income": 21991000.0,
        "Net Income Including Noncontrolling Interests": 21991000.0,
        "Net Income Continuous Operations": 21991000.0,
        "Tax Provision": 9274000.0,
        "Pretax Income": 31265000.0,
        "Special Income Charges": NaN,
        "Other Special Charges": NaN,
        "Gain On Sale Of Security": 0.0,
        "Selling General And Administration": 21443000.0,
        "Selling And Marketing Expense": 833000.0,
        "General And Administrative Expense": 20610000.0,
        "Salaries And Wages": 20610000.0,
        "Total Revenue": 66189000.0,
        "Operating Revenue": 66189000.0
    },
    "2022-12-31": {
        "Tax Effect Of Unusual Items": 0.0,
        "Tax Rate For Calcs": 0.252951,
        "Total Unusual Items": 0.0,
        "Total Unusual Items Excluding Goodwill": 0.0,
        "Net Income From Continuing Operation Net Minority Interest": 28479000.0,
        "Reconciled Depreciation": 2593000.0,
        "Net Interest Income": 64272000.0,
        "Interest Expense": 17678000.0,
        "Interest Income": 81950000.0,
        "Normalized Income": 28479000.0,
        "Net Income From Continuing And Discontinued Operation": 28479000.0,
        "Diluted Average Shares": 30442175.0,
        "Basic Average Shares": 30346343.0,
        "Diluted EPS": 0.93,
        "Basic EPS": 0.93,
        "Diluted NI Availto Com Stockholders": 28329000.0,
        "Net Income Common Stockholders": 28329000.0,
        "Otherunder Preferred Stock Dividend": 150000.0,
        "Net Income": 28479000.0,
        "Net Income Including Noncontrolling Interests": 28479000.0,
        "Net Income Continuous Operations": 28479000.0,
        "Tax Provision": 9643000.0,
        "Pretax Income": 38122000.0,
        "Special Income Charges": 0.0,
        "Other Special Charges": NaN,
        "Gain On Sale Of Security": 0.0,
        "Selling General And Administration": 21252000.0,
        "Selling And Marketing Expense": 973000.0,
        "General And Administrative Expense": 20279000.0,
        "Salaries And Wages": 20279000.0,
        "Total Revenue": 72018000.0,
        "Operating Revenue": 72018000.0
    },
    "2022-09-30": {
        "Tax Effect Of Unusual Items": 0.0,
        "Tax Rate For Calcs": 0.288,
        "Total Unusual Items": 0.0,
        "Total Unusual Items Excluding Goodwill": 0.0,
        "Net Income From Continuing Operation Net Minority Interest": 27169000.0,
        "Reconciled Depreciation": 2882000.0,
        "Net Interest Income": 62841000.0,
        "Interest Expense": 8364000.0,
        "Interest Income": 71205000.0,
        "Normalized Income": 27169000.0,
        "Net Income From Continuing And Discontinued Operation": 27169000.0,
        "Diluted Average Shares": 30396762.0,
        "Basic Average Shares": 30314439.0,
        "Diluted EPS": 0.89,
        "Basic EPS": 0.89,
        "Diluted NI Availto Com Stockholders": 27169000.0,
        "Net Income Common Stockholders": 27169000.0,
        "Otherunder Preferred Stock Dividend": 163000.0,
        "Net Income": 27169000.0,
        "Net Income Including Noncontrolling Interests": 27169000.0,
        "Net Income Continuous Operations": 27169000.0,
        "Tax Provision": 10993000.0,
        "Pretax Income": 38162000.0,
        "Special Income Charges": 0.0,
        "Other Special Charges": NaN,
        "Gain On Sale Of Security": 0.0,
        "Selling General And Administration": 20551000.0,
        "Selling And Marketing Expense": 1186000.0,
        "General And Administrative Expense": 19365000.0,
        "Other Gand A": 4062000.0,
        "Salaries And Wages": 19365000.0,
        "Total Revenue": 72000000.0,
        "Operating Revenue": 72000000.0
    },
    "2022-06-30": {
        "Tax Effect Of Unusual Items": 0.0,
        "Tax Rate For Calcs": 0.29,
        "Total Unusual Items": 0.0,
        "Total Unusual Items Excluding Goodwill": 0.0,
        "Net Income From Continuing Operation Net Minority Interest": 25050000.0,
        "Reconciled Depreciation": 3013000.0,
        "Net Interest Income": 58802000.0,
        "Interest Expense": 4176000.0,
        "Interest Income": 62978000.0,
        "Normalized Income": 25050000.0,
        "Net Income From Continuing And Discontinued Operation": 25050000.0,
        "Diluted Average Shares": 30412348.0,
        "Basic Average Shares": 30296897.0,
        "Diluted EPS": 0.82,
        "Basic EPS": 0.82,
        "Diluted NI Availto Com Stockholders": 25050000.0,
        "Net Income Common Stockholders": 25050000.0,
        "Otherunder Preferred Stock Dividend": 150000.0,
        "Net Income": 25050000.0,
        "Net Income Including Noncontrolling Interests": 25050000.0,
        "Net Income Continuous Operations": 25050000.0,
        "Tax Provision": 10233000.0,
        "Pretax Income": 35283000.0,
        "Special Income Charges": 0.0,
        "Other Special Charges": NaN,
        "Gain On Sale Of Security": 0.0,
        "Selling General And Administration": 19439000.0,
        "Selling And Marketing Expense": 660000.0,
        "General And Administrative Expense": 18779000.0,
        "Other Gand A": 3695000.0,
        "Salaries And Wages": 18779000.0,
        "Total Revenue": 68354000.0,
        "Operating Revenue": 68354000.0
    },
    "2022-03-31": {
        "Diluted EPS": 0.68,
        "Total Revenue": 65,
        "Gross Profit": 59,
        "Operating Income": 29,
        "EBIT": NaN,
        "Net Income": 21
    },
    "2021-12-31": {
        "Diluted EPS": 1.1,
        "Total Revenue": 64,
        "Gross Profit": 59,
        "Operating Income": 43,
        "EBIT": NaN,
        "Net Income": 34
    },
    "2021-09-30": {
        "Diluted EPS": 0.86,
        "Total Revenue": 68,
        "Gross Profit": 62,
        "Operating Income": 37,
        "EBIT": NaN,
        "Net Income": 26
    },
    "2021-06-30": {
        "Diluted EPS": 0.72,
        "Total Revenue": 63,
        "Gross Profit": 58,
        "Operating Income": 31,
        "EBIT": NaN,
        "Net Income": 22
    },
    "2021-03-31": {
        "Diluted EPS": 0.54,
        "Total Revenue": 62,
        "Gross Profit": 56,
        "Operating Income": 24,
        "EBIT": NaN,
        "Net Income": 17
    },
    "2020-12-31": {
        "Diluted EPS": 0.47,
        "Total Revenue": 63,
        "Gross Profit": 56,
        "Operating Income": 20,
        "EBIT": NaN,
        "Net Income": 14
    },
    "2020-09-30": {
        "Diluted EPS": 0.53,
        "Total Revenue": 62,
        "Gross Profit": 53,
        "Operating Income": 23,
        "EBIT": NaN,
        "Net Income": 16
    },
    "2020-06-30": {
        "Diluted EPS": 0.3,
        "Total Revenue": 77,
        "Gross Profit": 65,
        "Operating Income": 14,
        "EBIT": NaN,
        "Net Income": 9
    },
    "2020-03-31": {
        "Diluted EPS": 0.08,
        "Total Revenue": 65,
        "Gross Profit": 50,
        "Operating Income": 3,
        "EBIT": NaN,
        "Net Income": 2
    },
    "2019-12-31": {
        "Diluted EPS": 0.09,
        "Total Revenue": 67,
        "Gross Profit": 51,
        "Operating Income": 6,
        "EBIT": NaN,
        "Net Income": 3
    },
    "2019-09-30": {
        "Diluted EPS": 0.4,
        "Total Revenue": 69,
        "Gross Profit": 51,
        "Operating Income": 17,
        "EBIT": NaN,
        "Net Income": 12
    },
    "2019-06-30": {
        "Diluted EPS": 0.09,
        "Total Revenue": 69,
        "Gross Profit": 51,
        "Operating Income": 4,
        "EBIT": NaN,
        "Net Income": 3
    },
    "2019-03-31": {
        "Diluted EPS": 0.48,
        "Total Revenue": 69,
        "Gross Profit": 51,
        "Operating Income": 21,
        "EBIT": NaN,
        "Net Income": 15
    },
    "2018-12-31": {
        "Diluted EPS": 0.35,
        "Total Revenue": 68,
        "Gross Profit": 52,
        "Operating Income": 20,
        "EBIT": NaN,
        "Net Income": 11
    },
    "2018-09-30": {
        "Diluted EPS": 0.5,
        "Total Revenue": 66,
        "Gross Profit": 52,
        "Operating Income": 22,
        "EBIT": NaN,
        "Net Income": 16
    },
    "2018-06-30": {
        "Diluted EPS": 0.48,
        "Total Revenue": 63,
        "Gross Profit": 51,
        "Operating Income": 21,
        "EBIT": NaN,
        "Net Income": 15
    },
    "2018-03-31": {
        "Diluted EPS": 0.46,
        "Total Revenue": 61,
        "Gross Profit": 51,
        "Operating Income": 21,
        "EBIT": NaN,
        "Net Income": 15
    },
    "2017-12-31": {
        "Diluted EPS": 0.35,
        "Total Revenue": 63,
        "Gross Profit": 54,
        "Operating Income": 25,
        "EBIT": NaN,
        "Net Income": 11
    },
    "2017-09-30": {
        "Diluted EPS": 0.46,
        "Total Revenue": 63,
        "Gross Profit": 54,
        "Operating Income": 25,
        "EBIT": NaN,
        "Net Income": 15
    },
    "2017-06-30": {
        "Diluted EPS": 0.45,
        "Total Revenue": 61,
        "Gross Profit": 53,
        "Operating Income": 24,
        "EBIT": NaN,
        "Net Income": 14
    },
    "2017-03-31": {
        "Diluted EPS": 0.43,
        "Total Revenue": 56,
        "Gross Profit": 50,
        "Operating Income": 22,
        "EBIT": NaN,
        "Net Income": 14
    },
    "2016-12-31": {
        "Diluted EPS": 0.44,
        "Total Revenue": 55,
        "Gross Profit": 50,
        "Operating Income": 24,
        "EBIT": NaN,
        "Net Income": 14
    },
    "2016-09-30": {
        "Diluted EPS": 0.41,
        "Total Revenue": 53,
        "Gross Profit": 48,
        "Operating Income": 21,
        "EBIT": NaN,
        "Net Income": 13
    },
    "2016-06-30": {
        "Diluted EPS": 0.44,
        "Total Revenue": 54,
        "Gross Profit": 49,
        "Operating Income": 23,
        "EBIT": NaN,
        "Net Income": 14
    },
    "2016-03-31": {
        "Diluted EPS": 0.46,
        "Total Revenue": 50,
        "Gross Profit": 46,
        "Operating Income": 21,
        "EBIT": NaN,
        "Net Income": 15
    },
    "2015-12-31": {
        "Diluted EPS": 0.45,
        "Total Revenue": 54,
        "Gross Profit": 50,
        "Operating Income": 26,
        "EBIT": NaN,
        "Net Income": 15
    },
    "2015-09-30": {
        "Diluted EPS": 0.44,
        "Total Revenue": 54,
        "Gross Profit": 50,
        "Operating Income": 25,
        "EBIT": NaN,
        "Net Income": 14
    },
    "2015-06-30": {
        "Diluted EPS": 0.44,
        "Total Revenue": 52,
        "Gross Profit": 48,
        "Operating Income": 24,
        "EBIT": NaN,
        "Net Income": 14
    },
    "2015-03-31": {
        "Diluted EPS": 0.35,
        "Total Revenue": 52,
        "Gross Profit": 48,
        "Operating Income": 20,
        "EBIT": NaN,
        "Net Income": 11
    },
    "2014-12-31": {
        "Diluted EPS": 0.19,
        "Total Revenue": 50,
        "Gross Profit": 46,
        "Operating Income": 11,
        "EBIT": NaN,
        "Net Income": 6
    },
    "2014-09-30": {
        "Diluted EPS": 0.68,
        "Total Revenue": 56,
        "Gross Profit": 53,
        "Operating Income": 31,
        "EBIT": NaN,
        "Net Income": 22
    },
    "2014-06-30": {
        "Diluted EPS": 0.35,
        "Total Revenue": 36,
        "Gross Profit": 33,
        "Operating Income": 18,
        "EBIT": NaN,
        "Net Income": 11
    },
    "2014-03-31": {
        "Diluted EPS": 0.34,
        "Total Revenue": 37,
        "Gross Profit": 33,
        "Operating Income": 19,
        "EBIT": NaN,
        "Net Income": 11
    },
    "2013-12-31": {
        "Diluted EPS": 0.31,
        "Total Revenue": 34,
        "Gross Profit": 31,
        "Operating Income": 16,
        "EBIT": NaN,
        "Net Income": 10
    },
    "2013-09-30": {
        "Diluted EPS": 0.33,
        "Total Revenue": 38,
        "Gross Profit": 35,
        "Operating Income": 17,
        "EBIT": NaN,
        "Net Income": 10
    },
    "2013-06-30": {
        "Diluted EPS": 0.3,
        "Total Revenue": 37,
        "Gross Profit": 34,
        "Operating Income": 15,
        "EBIT": NaN,
        "Net Income": 9
    },
    "2013-03-31": {
        "Diluted EPS": 0.32,
        "Total Revenue": 38,
        "Gross Profit": 34,
        "Operating Income": 15,
        "EBIT": NaN,
        "Net Income": 10
    },
    "2012-12-31": {
        "Diluted EPS": 0.45,
        "Total Revenue": 32,
        "Gross Profit": 28,
        "Operating Income": 15,
        "EBIT": NaN,
        "Net Income": 14
    },
    "2012-09-30": {
        "Diluted EPS": 0.42,
        "Total Revenue": 36,
        "Gross Profit": 31,
        "Operating Income": 13,
        "EBIT": NaN,
        "Net Income": 13
    },
    "2012-06-30": {
        "Diluted EPS": 1.77,
        "Total Revenue": 37,
        "Gross Profit": 32,
        "Operating Income": 9,
        "EBIT": NaN,
        "Net Income": 56
    },
    "2012-03-31": {
        "Diluted EPS": 0.23,
        "Total Revenue": 34,
        "Gross Profit": 28,
        "Operating Income": 7,
        "EBIT": NaN,
        "Net Income": 7
    },
    "2011-12-31": {
        "Diluted EPS": 0.19,
        "Total Revenue": 37,
        "Gross Profit": 31,
        "Operating Income": 6,
        "EBIT": NaN,
        "Net Income": 6
    },
    "2011-09-30": {
        "Diluted EPS": 0.22,
        "Total Revenue": 38,
        "Gross Profit": 31,
        "Operating Income": 4,
        "EBIT": NaN,
        "Net Income": 4
    },
    "2011-06-30": {
        "Diluted EPS": 0.42,
        "Total Revenue": 39,
        "Gross Profit": 31,
        "Operating Income": 9,
        "EBIT": NaN,
        "Net Income": 8
    },
    "2011-03-31": {
        "Diluted EPS": 0.55,
        "Total Revenue": 39,
        "Gross Profit": 32,
        "Operating Income": 11,
        "EBIT": NaN,
        "Net Income": 10
    },
    "2010-12-31": {
        "Diluted EPS": 5.82,
        "Total Revenue": 41,
        "Gross Profit": 32,
        "Operating Income": 5,
        "EBIT": NaN,
        "Net Income": 5
    },
    "2010-09-30": {
        "Diluted EPS": -0.96,
        "Total Revenue": 41,
        "Gross Profit": 32,
        "Operating Income": -14,
        "EBIT": NaN,
        "Net Income": -15
    },
    "2010-06-30": {
        "Diluted EPS": -4.56,
        "Total Revenue": 43,
        "Gross Profit": 33,
        "Operating Income": -29,
        "EBIT": NaN,
        "Net Income": -29
    },
    "2010-03-31": {
        "Diluted EPS": -7.76,
        "Total Revenue": 45,
        "Gross Profit": 34,
        "Operating Income": -50,
        "EBIT": NaN,
        "Net Income": -49
    },
    "2009-12-31": {
        "Diluted EPS": -5.84,
        "Total Revenue": 51,
        "Gross Profit": 36,
        "Operating Income": -63,
        "EBIT": NaN,
        "Net Income": -36
    },
    "2009-09-30": {
        "Diluted EPS": -10.08,
        "Total Revenue": 54,
        "Gross Profit": 35,
        "Operating Income": -38,
        "EBIT": NaN,
        "Net Income": -60
    },
    "2009-06-30": {
        "Diluted EPS": -1.68,
        "Total Revenue": 55,
        "Gross Profit": 31,
        "Operating Income": -19,
        "EBIT": NaN,
        "Net Income": -10
    },
    "2009-03-31": {
        "Diluted EPS": -2.96,
        "Total Revenue": 56,
        "Gross Profit": 32,
        "Operating Income": -33,
        "EBIT": NaN,
        "Net Income": -17
    },
    "2023-09-30": {
        "Tax Effect Of Unusual Items": 1184000.0,
        "Tax Rate For Calcs": 0.296,
        "Total Unusual Items": 4000000.0,
        "Total Unusual Items Excluding Goodwill": 4000000.0,
        "Net Income From Continuing Operation Net Minority Interest": 18796000.0,
        "Reconciled Depreciation": 1685000.0,
        "Net Interest Income": 54538000.0,
        "Interest Expense": 39217000.0,
        "Interest Income": 93755000.0,
        "Normalized Income": 15980000.0,
        "Net Income From Continuing And Discontinued Operation": 18796000.0,
        "Diluted Average Shares": 30292872.0,
        "Basic Average Shares": 30251961.0,
        "Diluted EPS": 0.62,
        "Basic EPS": 0.62,
        "Diluted NI Availto Com Stockholders": 18679000.0,
        "Net Income Common Stockholders": 18679000.0,
        "Otherunder Preferred Stock Dividend": 117000.0,
        "Net Income": 18796000.0,
        "Net Income Including Noncontrolling Interests": 18796000.0,
        "Net Income Continuous Operations": 18796000.0,
        "Tax Provision": 7888000.0,
        "Pretax Income": 26684000.0,
        "Special Income Charges": 4000000.0,
        "Other Special Charges": -4000000.0,
        "Gain On Sale Of Security": 0.0,
        "Selling General And Administration": 20895000.0,
        "Selling And Marketing Expense": 534000.0,
        "General And Administrative Expense": 20361000.0,
        "Salaries And Wages": 20361000.0,
        "Total Revenue": 62083000.0,
        "Operating Revenue": 62083000.0
    },
    "2023-12-31": {
        "Tax Effect Of Unusual Items": 0.0,
        "Tax Rate For Calcs": 0.321894,
        "Total Unusual Items": 0.0,
        "Total Unusual Items Excluding Goodwill": 0.0,
        "Net Income From Continuing Operation Net Minority Interest": 18633000.0,
        "Reconciled Depreciation": 4097000.0,
        "Net Interest Income": 52800000.0,
        "Interest Expense": 44043000.0,
        "Interest Income": 96843000.0,
        "Normalized Income": 18633000.0,
        "Net Income From Continuing And Discontinued Operation": 18633000.0,
        "Diluted Average Shares": 30251315.0,
        "Basic Average Shares": 30189578.0,
        "Diluted EPS": 0.61,
        "Basic EPS": 0.61,
        "Diluted NI Availto Com Stockholders": 18509000.0,
        "Net Income Common Stockholders": 18509000.0,
        "Otherunder Preferred Stock Dividend": 124000.0,
        "Net Income": 18633000.0,
        "Net Income Including Noncontrolling Interests": 18633000.0,
        "Net Income Continuous Operations": 18633000.0,
        "Tax Provision": 8845000.0,
        "Pretax Income": 27478000.0,
        "Special Income Charges": 0.0,
        "Other Special Charges": 0.0,
        "Gain On Sale Of Security": 0.0,
        "Selling General And Administration": 21053000.0,
        "Selling And Marketing Expense": 991000.0,
        "General And Administrative Expense": 20062000.0,
        "Salaries And Wages": 20062000.0,
        "Total Revenue": 59821000.0,
        "Operating Revenue": 59821000.0
    },
    "2024-03-31": {
        "Tax Effect Of Unusual Items": 0.0,
        "Tax Rate For Calcs": 0.301713,
        "Total Unusual Items": NaN,
        "Total Unusual Items Excluding Goodwill": NaN,
        "Net Income From Continuing Operation Net Minority Interest": 15164000.0,
        "Reconciled Depreciation": 1604000.0,
        "Net Interest Income": 50294000.0,
        "Interest Expense": 48939000.0,
        "Interest Income": 99233000.0,
        "Normalized Income": 15164000.0,
        "Net Income From Continuing And Discontinued Operation": 15164000.0,
        "Diluted Average Shares": 30119646.0,
        "Basic Average Shares": 30119646.0,
        "Diluted EPS": 0.5,
        "Basic EPS": 0.5,
        "Diluted NI Availto Com Stockholders": 15072000.0,
        "Net Income Common Stockholders": 15072000.0,
        "Otherunder Preferred Stock Dividend": 92000.0,
        "Net Income": 15164000.0,
        "Net Income Including Noncontrolling Interests": 15164000.0,
        "Net Income Continuous Operations": 15164000.0,
        "Tax Provision": 6552000.0,
        "Pretax Income": 21716000.0,
        "Special Income Charges": NaN,
        "Other Special Charges": NaN,
        "Gain On Sale Of Security": 0.0,
        "Selling General And Administration": 22492000.0,
        "Selling And Marketing Expense": 907000.0,
        "General And Administrative Expense": 21585000.0,
        "Salaries And Wages": 21585000.0,
        "Total Revenue": 58388000.0,
        "Operating Revenue": 58388000.0
    }
}