{
    "2023-03-31": {
        "Tax Effect Of Unusual Items": NaN,
        "Tax Rate For Calcs": NaN,
        "Normalized EBITDA": NaN,
        "Total Unusual Items": NaN,
        "Total Unusual Items Excluding Goodwill": NaN,
        "Net Income From Continuing Operation Net Minority Interest": NaN,
        "Reconciled Depreciation": NaN,
        "Reconciled Cost Of Revenue": NaN,
        "EBITDA": NaN,
        "EBIT": NaN,
        "Net Interest Income": NaN,
        "Interest Expense": NaN,
        "Normalized Income": NaN,
        "Net Income From Continuing And Discontinued Operation": NaN,
        "Total Expenses": NaN,
        "Total Operating Income As Reported": NaN,
        "Diluted Average Shares": 137900000.0,
        "Basic Average Shares": 135027000.0,
        "Diluted EPS": 0.29,
        "Basic EPS": 0.29,
        "Diluted NI Availto Com Stockholders": NaN,
        "Net Income Common Stockholders": NaN,
        "Net Income": NaN,
        "Net Income Including Noncontrolling Interests": NaN,
        "Net Income Continuous Operations": NaN,
        "Tax Provision": NaN,
        "Pretax Income": NaN,
        "Other Income Expense": NaN,
        "Special Income Charges": NaN,
        "Restructuring And Mergern Acquisition": NaN,
        "Gain On Sale Of Security": NaN,
        "Net Non Operating Interest Income Expense": NaN,
        "Interest Expense Non Operating": NaN,
        "Operating Income": NaN,
        "Operating Expense": NaN,
        "Depreciation Amortization Depletion Income Statement": NaN,
        "Depreciation And Amortization In Income Statement": NaN,
        "Amortization": NaN,
        "Amortization Of Intangibles Income Statement": NaN,
        "Research And Development": NaN,
        "Selling General And Administration": NaN,
        "Gross Profit": NaN,
        "Cost Of Revenue": NaN,
        "Total Revenue": NaN,
        "Operating Revenue": NaN
    },
    "2022-12-31": {
        "Tax Effect Of Unusual Items": NaN,
        "Tax Rate For Calcs": NaN,
        "Normalized EBITDA": NaN,
        "Total Unusual Items": NaN,
        "Total Unusual Items Excluding Goodwill": NaN,
        "Net Income From Continuing Operation Net Minority Interest": NaN,
        "Reconciled Depreciation": NaN,
        "Reconciled Cost Of Revenue": NaN,
        "EBITDA": NaN,
        "EBIT": NaN,
        "Net Interest Income": NaN,
        "Interest Expense": NaN,
        "Normalized Income": NaN,
        "Net Income From Continuing And Discontinued Operation": NaN,
        "Total Expenses": NaN,
        "Total Operating Income As Reported": NaN,
        "Diluted Average Shares": NaN,
        "Basic Average Shares": NaN,
        "Diluted EPS": NaN,
        "Basic EPS": NaN,
        "Diluted NI Availto Com Stockholders": NaN,
        "Net Income Common Stockholders": NaN,
        "Net Income": NaN,
        "Net Income Including Noncontrolling Interests": NaN,
        "Net Income Continuous Operations": NaN,
        "Tax Provision": NaN,
        "Pretax Income": NaN,
        "Other Income Expense": NaN,
        "Special Income Charges": 0.0,
        "Other Special Charges": 0.0,
        "Restructuring And Mergern Acquisition": NaN,
        "Gain On Sale Of Security": NaN,
        "Net Non Operating Interest Income Expense": NaN,
        "Interest Expense Non Operating": NaN,
        "Operating Income": NaN,
        "Operating Expense": NaN,
        "Depreciation Amortization Depletion Income Statement": NaN,
        "Depreciation And Amortization In Income Statement": NaN,
        "Amortization": NaN,
        "Amortization Of Intangibles Income Statement": NaN,
        "Research And Development": NaN,
        "Selling General And Administration": NaN,
        "Gross Profit": NaN,
        "Cost Of Revenue": NaN,
        "Total Revenue": NaN,
        "Operating Revenue": NaN
    },
    "2022-09-30": {
        "Tax Effect Of Unusual Items": NaN,
        "Tax Rate For Calcs": NaN,
        "Normalized EBITDA": NaN,
        "Total Unusual Items": NaN,
        "Total Unusual Items Excluding Goodwill": NaN,
        "Net Income From Continuing Operation Net Minority Interest": NaN,
        "Reconciled Depreciation": NaN,
        "Reconciled Cost Of Revenue": NaN,
        "EBITDA": NaN,
        "EBIT": NaN,
        "Net Interest Income": NaN,
        "Interest Expense": NaN,
        "Normalized Income": NaN,
        "Net Income From Continuing And Discontinued Operation": NaN,
        "Total Expenses": NaN,
        "Total Operating Income As Reported": NaN,
        "Diluted Average Shares": NaN,
        "Basic Average Shares": NaN,
        "Diluted EPS": NaN,
        "Basic EPS": NaN,
        "Diluted NI Availto Com Stockholders": NaN,
        "Net Income Common Stockholders": NaN,
        "Net Income": NaN,
        "Net Income Including Noncontrolling Interests": NaN,
        "Net Income Continuous Operations": NaN,
        "Tax Provision": NaN,
        "Pretax Income": NaN,
        "Other Income Expense": NaN,
        "Special Income Charges": -2712000.0,
        "Other Special Charges": 2712000.0,
        "Restructuring And Mergern Acquisition": 0.0,
        "Gain On Sale Of Security": NaN,
        "Net Non Operating Interest Income Expense": NaN,
        "Interest Expense Non Operating": NaN,
        "Operating Income": NaN,
        "Operating Expense": NaN,
        "Depreciation Amortization Depletion Income Statement": NaN,
        "Depreciation And Amortization In Income Statement": NaN,
        "Amortization": NaN,
        "Amortization Of Intangibles Income Statement": NaN,
        "Research And Development": NaN,
        "Selling General And Administration": NaN,
        "Gross Profit": NaN,
        "Cost Of Revenue": NaN,
        "Total Revenue": NaN,
        "Operating Revenue": NaN
    },
    "2022-06-30": {
        "Tax Effect Of Unusual Items": -76545.0,
        "Tax Rate For Calcs": 0.081,
        "Normalized EBITDA": 46606000.0,
        "Total Unusual Items": -945000.0,
        "Total Unusual Items Excluding Goodwill": -945000.0,
        "Net Income From Continuing Operation Net Minority Interest": 22685000.0,
        "Reconciled Depreciation": 12546000.0,
        "Reconciled Cost Of Revenue": 32800000.0,
        "EBITDA": 45661000.0,
        "EBIT": 33115000.0,
        "Net Interest Income": -3104000.0,
        "Interest Expense": 3104000.0,
        "Normalized Income": 23553455.0,
        "Net Income From Continuing And Discontinued Operation": 22685000.0,
        "Total Expenses": 118305000.0,
        "Total Operating Income As Reported": 34060000.0,
        "Diluted Average Shares": 142216000.0,
        "Basic Average Shares": 137937000.0,
        "Diluted EPS": 0.16,
        "Basic EPS": 0.16,
        "Diluted NI Availto Com Stockholders": 22685000.0,
        "Net Income Common Stockholders": 22685000.0,
        "Net Income": 22685000.0,
        "Net Income Including Noncontrolling Interests": 22685000.0,
        "Net Income Continuous Operations": 22685000.0,
        "Tax Provision": 7326000.0,
        "Pretax Income": 30011000.0,
        "Other Income Expense": -945000.0,
        "Special Income Charges": 0.0,
        "Other Special Charges": NaN,
        "Gain On Sale Of Security": -945000.0,
        "Net Non Operating Interest Income Expense": -3104000.0,
        "Interest Expense Non Operating": 3104000.0,
        "Operating Income": 34060000.0,
        "Operating Expense": 84362000.0,
        "Depreciation Amortization Depletion Income Statement": 11403000.0,
        "Depreciation And Amortization In Income Statement": 11403000.0,
        "Amortization": 11403000.0,
        "Amortization Of Intangibles Income Statement": 11403000.0,
        "Research And Development": 15483000.0,
        "Selling General And Administration": 57476000.0,
        "Gross Profit": 118422000.0,
        "Cost Of Revenue": 33943000.0,
        "Total Revenue": 152365000.0,
        "Operating Revenue": 152365000.0
    },
    "2022-03-31": {
        "Diluted EPS": 0.43,
        "Total Revenue": 117,
        "Gross Profit": 101,
        "Operating Income": 76,
        "EBIT": 78,
        "Net Income": 60
    },
    "2021-12-31": {
        "Diluted EPS": 0.45,
        "Total Revenue": 102,
        "Gross Profit": 80,
        "Operating Income": 57,
        "EBIT": 59,
        "Net Income": 67
    },
    "2021-09-30": {
        "Diluted EPS": 1.48,
        "Total Revenue": 116,
        "Gross Profit": 97,
        "Operating Income": 76,
        "EBIT": 78,
        "Net Income": 217
    },
    "2021-06-30": {
        "Diluted EPS": 0.62,
        "Total Revenue": 136,
        "Gross Profit": 113,
        "Operating Income": 93,
        "EBIT": 95,
        "Net Income": 91
    },
    "2021-03-31": {
        "Diluted EPS": 0.19,
        "Total Revenue": 89,
        "Gross Profit": 71,
        "Operating Income": 51,
        "EBIT": 53,
        "Net Income": 28
    },
    "2020-12-31": {
        "Diluted EPS": 0.51,
        "Total Revenue": 122,
        "Gross Profit": 95,
        "Operating Income": 78,
        "EBIT": 82,
        "Net Income": 73
    },
    "2020-09-30": {
        "Diluted EPS": 0.25,
        "Total Revenue": 65,
        "Gross Profit": 60,
        "Operating Income": 40,
        "EBIT": 45,
        "Net Income": 36
    },
    "2020-06-30": {
        "Diluted EPS": 0.19,
        "Total Revenue": 55,
        "Gross Profit": 49,
        "Operating Income": 30,
        "EBIT": 34,
        "Net Income": 26
    },
    "2020-03-31": {
        "Diluted EPS": -0.04,
        "Total Revenue": 25,
        "Gross Profit": 20,
        "Operating Income": -3,
        "EBIT": 1,
        "Net Income": -6
    },
    "2019-12-31": {
        "Diluted EPS": -0.24,
        "Total Revenue": 54,
        "Gross Profit": 37,
        "Operating Income": -32,
        "EBIT": -30,
        "Net Income": -34
    },
    "2019-09-30": {
        "Diluted EPS": -0.17,
        "Total Revenue": 46,
        "Gross Profit": 24,
        "Operating Income": -25,
        "EBIT": -24,
        "Net Income": -25
    },
    "2019-06-30": {
        "Diluted EPS": -0.1,
        "Total Revenue": 39,
        "Gross Profit": 37,
        "Operating Income": -14,
        "EBIT": -13,
        "Net Income": -15
    },
    "2019-03-31": {
        "Diluted EPS": 0.01,
        "Total Revenue": 57,
        "Gross Profit": 52,
        "Operating Income": 3,
        "EBIT": 3,
        "Net Income": 2
    },
    "2018-12-31": {
        "Diluted EPS": -0.02,
        "Total Revenue": 60,
        "Gross Profit": 55,
        "Operating Income": 0,
        "EBIT": 0,
        "Net Income": -2
    },
    "2018-09-30": {
        "Diluted EPS": -0.19,
        "Total Revenue": 26,
        "Gross Profit": 25,
        "Operating Income": -25,
        "EBIT": -25,
        "Net Income": -28
    },
    "2018-06-30": {
        "Diluted EPS": -0.16,
        "Total Revenue": 35,
        "Gross Profit": 34,
        "Operating Income": -20,
        "EBIT": -20,
        "Net Income": -23
    },
    "2018-03-31": {
        "Diluted EPS": -0.19,
        "Total Revenue": 31,
        "Gross Profit": 28,
        "Operating Income": -24,
        "EBIT": -23,
        "Net Income": -27
    },
    "2017-12-31": {
        "Diluted EPS": 0.92,
        "Total Revenue": 190,
        "Gross Profit": 182,
        "Operating Income": 126,
        "EBIT": 128,
        "Net Income": 124
    },
    "2017-09-30": {
        "Diluted EPS": 0.02,
        "Total Revenue": 64,
        "Gross Profit": 55,
        "Operating Income": 8,
        "EBIT": 8,
        "Net Income": 3
    },
    "2017-06-30": {
        "Diluted EPS": -0.23,
        "Total Revenue": 34,
        "Gross Profit": 26,
        "Operating Income": -25,
        "EBIT": -25,
        "Net Income": -31
    },
    "2017-03-31": {
        "Diluted EPS": -0.26,
        "Total Revenue": 30,
        "Gross Profit": 22,
        "Operating Income": -28,
        "EBIT": -27,
        "Net Income": -33
    },
    "2016-12-31": {
        "Diluted EPS": -0.21,
        "Total Revenue": 39,
        "Gross Profit": 31,
        "Operating Income": -23,
        "EBIT": -9,
        "Net Income": -27
    },
    "2016-09-30": {
        "Diluted EPS": -0.23,
        "Total Revenue": 32,
        "Gross Profit": 23,
        "Operating Income": -23,
        "EBIT": -22,
        "Net Income": -29
    },
    "2016-06-30": {
        "Diluted EPS": -0.21,
        "Total Revenue": 33,
        "Gross Profit": 25,
        "Operating Income": -22,
        "EBIT": -21,
        "Net Income": -27
    },
    "2016-03-31": {
        "Diluted EPS": -0.16,
        "Total Revenue": 42,
        "Gross Profit": 35,
        "Operating Income": -16,
        "EBIT": -15,
        "Net Income": -20
    },
    "2015-12-31": {
        "Diluted EPS": 0.04,
        "Total Revenue": 52,
        "Gross Profit": 44,
        "Operating Income": 5,
        "EBIT": 5,
        "Net Income": 4
    },
    "2015-09-30": {
        "Diluted EPS": -0.19,
        "Total Revenue": 21,
        "Gross Profit": 15,
        "Operating Income": -23,
        "EBIT": -23,
        "Net Income": -24
    },
    "2015-06-30": {
        "Diluted EPS": 0.02,
        "Total Revenue": 43,
        "Gross Profit": 35,
        "Operating Income": 4,
        "EBIT": 5,
        "Net Income": 3
    },
    "2015-03-31": {
        "Diluted EPS": -0.12,
        "Total Revenue": 19,
        "Gross Profit": 12,
        "Operating Income": -14,
        "EBIT": -13,
        "Net Income": -15
    },
    "2014-12-31": {
        "Diluted EPS": -0.05,
        "Total Revenue": 30,
        "Gross Profit": 24,
        "Operating Income": -4,
        "EBIT": -3,
        "Net Income": -5
    },
    "2014-09-30": {
        "Diluted EPS": -0.16,
        "Total Revenue": 15,
        "Gross Profit": 9,
        "Operating Income": -19,
        "EBIT": -18,
        "Net Income": -20
    },
    "2014-06-30": {
        "Diluted EPS": -0.13,
        "Total Revenue": 18,
        "Gross Profit": 12,
        "Operating Income": -15,
        "EBIT": -13,
        "Net Income": -16
    },
    "2014-03-31": {
        "Diluted EPS": -0.22,
        "Total Revenue": 12,
        "Gross Profit": 6,
        "Operating Income": -25,
        "EBIT": -26,
        "Net Income": -27
    },
    "2013-12-31": {
        "Diluted EPS": -0.2,
        "Total Revenue": 12,
        "Gross Profit": 9,
        "Operating Income": -21,
        "EBIT": -21,
        "Net Income": -22
    },
    "2013-09-30": {
        "Diluted EPS": -0.17,
        "Total Revenue": 16,
        "Gross Profit": 15,
        "Operating Income": -18,
        "EBIT": -18,
        "Net Income": -19
    },
    "2013-06-30": {
        "Diluted EPS": -0.2,
        "Total Revenue": 14,
        "Gross Profit": 13,
        "Operating Income": -22,
        "EBIT": -22,
        "Net Income": -23
    },
    "2013-03-31": {
        "Diluted EPS": -0.17,
        "Total Revenue": 12,
        "Gross Profit": 11,
        "Operating Income": -18,
        "EBIT": -18,
        "Net Income": -19
    },
    "2012-12-31": {
        "Diluted EPS": -0.03,
        "Total Revenue": 22,
        "Gross Profit": 21,
        "Operating Income": -4,
        "EBIT": -4,
        "Net Income": -4
    },
    "2012-09-30": {
        "Diluted EPS": -0.18,
        "Total Revenue": 5,
        "Gross Profit": 5,
        "Operating Income": -20,
        "EBIT": -20,
        "Net Income": -20
    },
    "2012-06-30": {
        "Diluted EPS": -0.13,
        "Total Revenue": 8,
        "Gross Profit": 8,
        "Operating Income": -14,
        "EBIT": -14,
        "Net Income": -14
    },
    "2012-03-31": {
        "Diluted EPS": -0.14,
        "Total Revenue": 7,
        "Gross Profit": 7,
        "Operating Income": -15,
        "EBIT": -15,
        "Net Income": -15
    },
    "2011-12-31": {
        "Diluted EPS": -0.17,
        "Total Revenue": 2,
        "Gross Profit": 2,
        "Operating Income": -18,
        "EBIT": -18,
        "Net Income": -18
    },
    "2011-09-30": {
        "Diluted EPS": 0.05,
        "Total Revenue": 23,
        "Gross Profit": 23,
        "Operating Income": 5,
        "EBIT": 5,
        "Net Income": 5
    },
    "2011-06-30": {
        "Diluted EPS": 0.03,
        "Total Revenue": 23,
        "Gross Profit": 23,
        "Operating Income": 3,
        "EBIT": 3,
        "Net Income": 3
    },
    "2011-03-31": {
        "Diluted EPS": -0.1,
        "Total Revenue": 8,
        "Gross Profit": 8,
        "Operating Income": -10,
        "EBIT": -9,
        "Net Income": -10
    },
    "2010-12-31": {
        "Diluted EPS": -0.17,
        "Total Revenue": 4,
        "Gross Profit": 3,
        "Operating Income": -18,
        "EBIT": -18,
        "Net Income": -17
    },
    "2010-09-30": {
        "Diluted EPS": -0.13,
        "Total Revenue": 3,
        "Gross Profit": 3,
        "Operating Income": -12,
        "EBIT": -12,
        "Net Income": -12
    },
    "2010-06-30": {
        "Diluted EPS": -0.13,
        "Total Revenue": 3,
        "Gross Profit": 3,
        "Operating Income": -12,
        "EBIT": -12,
        "Net Income": -12
    },
    "2010-03-31": {
        "Diluted EPS": -0.13,
        "Total Revenue": 3,
        "Gross Profit": 3,
        "Operating Income": -12,
        "EBIT": -11,
        "Net Income": -12
    },
    "2009-12-31": {
        "Diluted EPS": -0.12,
        "Total Revenue": 6,
        "Gross Profit": 6,
        "Operating Income": -13,
        "EBIT": -12,
        "Net Income": -13
    },
    "2009-09-30": {
        "Diluted EPS": -0.16,
        "Total Revenue": 3,
        "Gross Profit": 3,
        "Operating Income": -14,
        "EBIT": -14,
        "Net Income": -14
    },
    "2009-06-30": {
        "Diluted EPS": -0.21,
        "Total Revenue": 1,
        "Gross Profit": 1,
        "Operating Income": -17,
        "EBIT": -17,
        "Net Income": -17
    },
    "2009-03-31": {
        "Diluted EPS": -0.18,
        "Total Revenue": 3,
        "Gross Profit": 3,
        "Operating Income": -15,
        "EBIT": -14,
        "Net Income": -15
    },
    "2023-06-30": {
        "Tax Effect Of Unusual Items": NaN,
        "Tax Rate For Calcs": NaN,
        "Normalized EBITDA": NaN,
        "Total Unusual Items": NaN,
        "Total Unusual Items Excluding Goodwill": NaN,
        "Net Income From Continuing Operation Net Minority Interest": NaN,
        "Reconciled Depreciation": NaN,
        "Reconciled Cost Of Revenue": NaN,
        "EBITDA": NaN,
        "EBIT": NaN,
        "Net Interest Income": NaN,
        "Interest Expense": NaN,
        "Normalized Income": NaN,
        "Net Income From Continuing And Discontinued Operation": NaN,
        "Total Expenses": NaN,
        "Total Operating Income As Reported": NaN,
        "Diluted Average Shares": 133543000.0,
        "Basic Average Shares": 131730000.0,
        "Diluted EPS": 0.56,
        "Basic EPS": 0.57,
        "Diluted NI Availto Com Stockholders": NaN,
        "Net Income Common Stockholders": NaN,
        "Net Income": NaN,
        "Net Income Including Noncontrolling Interests": NaN,
        "Net Income Continuous Operations": NaN,
        "Tax Provision": NaN,
        "Pretax Income": NaN,
        "Other Income Expense": NaN,
        "Special Income Charges": NaN,
        "Restructuring And Mergern Acquisition": NaN,
        "Gain On Sale Of Security": NaN,
        "Net Non Operating Interest Income Expense": NaN,
        "Interest Expense Non Operating": NaN,
        "Operating Income": NaN,
        "Operating Expense": NaN,
        "Depreciation Amortization Depletion Income Statement": NaN,
        "Depreciation And Amortization In Income Statement": NaN,
        "Amortization": NaN,
        "Amortization Of Intangibles Income Statement": NaN,
        "Research And Development": NaN,
        "Selling General And Administration": NaN,
        "Gross Profit": NaN,
        "Cost Of Revenue": NaN,
        "Total Revenue": NaN,
        "Operating Revenue": NaN
    },
    "2023-09-30": {
        "Tax Effect Of Unusual Items": 3521374.587264,
        "Tax Rate For Calcs": 0.195784,
        "Normalized EBITDA": 111357000.0,
        "Total Unusual Items": 17986000.0,
        "Total Unusual Items Excluding Goodwill": 17986000.0,
        "Net Income From Continuing Operation Net Minority Interest": 81837000.0,
        "Reconciled Depreciation": 23078000.0,
        "Reconciled Cost Of Revenue": 52086000.0,
        "EBITDA": 129343000.0,
        "EBIT": 106265000.0,
        "Net Interest Income": -4505000.0,
        "Interest Expense": 4505000.0,
        "Normalized Income": 67372374.587264,
        "Net Income From Continuing And Discontinued Operation": 81837000.0,
        "Total Expenses": 127754000.0,
        "Total Operating Income As Reported": 88279000.0,
        "Diluted Average Shares": 134083000.0,
        "Basic Average Shares": 131965000.0,
        "Diluted EPS": 0.61,
        "Basic EPS": 0.62,
        "Diluted NI Availto Com Stockholders": 81837000.0,
        "Net Income Common Stockholders": 81837000.0,
        "Net Income": 81837000.0,
        "Net Income Including Noncontrolling Interests": 81837000.0,
        "Net Income Continuous Operations": 81837000.0,
        "Tax Provision": 19923000.0,
        "Pretax Income": 101760000.0,
        "Other Income Expense": 17986000.0,
        "Special Income Charges": 13200000.0,
        "Restructuring And Mergern Acquisition": -13200000.0,
        "Gain On Sale Of Security": 4786000.0,
        "Net Non Operating Interest Income Expense": -4505000.0,
        "Interest Expense Non Operating": 4505000.0,
        "Operating Income": 88279000.0,
        "Operating Expense": 72931000.0,
        "Depreciation Amortization Depletion Income Statement": 20341000.0,
        "Depreciation And Amortization In Income Statement": 20341000.0,
        "Amortization": 20341000.0,
        "Amortization Of Intangibles Income Statement": 20341000.0,
        "Research And Development": 17321000.0,
        "Selling General And Administration": 35269000.0,
        "Gross Profit": 161210000.0,
        "Cost Of Revenue": 54823000.0,
        "Total Revenue": 216033000.0,
        "Operating Revenue": 216033000.0
    },
    "2023-12-31": {
        "Tax Effect Of Unusual Items": 836356.016803,
        "Tax Rate For Calcs": 0.156037,
        "Normalized EBITDA": 121728000.0,
        "Total Unusual Items": 5360000.0,
        "Total Unusual Items Excluding Goodwill": 5360000.0,
        "Net Income From Continuing Operation Net Minority Interest": 85388000.0,
        "Reconciled Depreciation": 20693000.0,
        "Reconciled Cost Of Revenue": 49367000.0,
        "EBITDA": 127088000.0,
        "EBIT": 106395000.0,
        "Net Interest Income": -5220000.0,
        "Interest Expense": 5220000.0,
        "Normalized Income": 80864356.016803,
        "Net Income From Continuing And Discontinued Operation": 85388000.0,
        "Total Expenses": 129004000.0,
        "Total Operating Income As Reported": 101035000.0,
        "Diluted Average Shares": NaN,
        "Basic Average Shares": NaN,
        "Diluted EPS": NaN,
        "Basic EPS": NaN,
        "Diluted NI Availto Com Stockholders": 85388000.0,
        "Net Income Common Stockholders": 85388000.0,
        "Net Income": 85388000.0,
        "Net Income Including Noncontrolling Interests": 85388000.0,
        "Net Income Continuous Operations": 85388000.0,
        "Tax Provision": 15787000.0,
        "Pretax Income": 101175000.0,
        "Other Income Expense": 5360000.0,
        "Special Income Charges": 0.0,
        "Restructuring And Mergern Acquisition": 0.0,
        "Gain On Sale Of Security": 5360000.0,
        "Net Non Operating Interest Income Expense": -5220000.0,
        "Interest Expense Non Operating": 5220000.0,
        "Operating Income": 101035000.0,
        "Operating Expense": 76706000.0,
        "Depreciation Amortization Depletion Income Statement": 17762000.0,
        "Depreciation And Amortization In Income Statement": 17762000.0,
        "Amortization": 17762000.0,
        "Amortization Of Intangibles Income Statement": 17762000.0,
        "Research And Development": 21336000.0,
        "Selling General And Administration": 37608000.0,
        "Gross Profit": 177741000.0,
        "Cost Of Revenue": 52298000.0,
        "Total Revenue": 230039000.0,
        "Operating Revenue": 230039000.0
    },
    "2024-03-31": {
        "Tax Effect Of Unusual Items": 998600.0,
        "Tax Rate For Calcs": 0.2,
        "Normalized EBITDA": 115748000.0,
        "Total Unusual Items": 4993000.0,
        "Total Unusual Items Excluding Goodwill": 4993000.0,
        "Net Income From Continuing Operation Net Minority Interest": 76823000.0,
        "Reconciled Depreciation": 20206000.0,
        "Reconciled Cost Of Revenue": 25886000.0,
        "EBITDA": 120741000.0,
        "EBIT": 100535000.0,
        "Net Interest Income": -4507000.0,
        "Interest Expense": 4507000.0,
        "Normalized Income": 72828600.0,
        "Net Income From Continuing And Discontinued Operation": 76823000.0,
        "Total Expenses": 100337000.0,
        "Total Operating Income As Reported": 95542000.0,
        "Diluted Average Shares": 128887000.0,
        "Basic Average Shares": 126941000.0,
        "Diluted EPS": 0.6,
        "Basic EPS": 0.61,
        "Diluted NI Availto Com Stockholders": 76823000.0,
        "Net Income Common Stockholders": 76823000.0,
        "Net Income": 76823000.0,
        "Net Income Including Noncontrolling Interests": 76823000.0,
        "Net Income Continuous Operations": 76823000.0,
        "Tax Provision": 19205000.0,
        "Pretax Income": 96028000.0,
        "Other Income Expense": 4993000.0,
        "Special Income Charges": NaN,
        "Restructuring And Mergern Acquisition": NaN,
        "Gain On Sale Of Security": 4993000.0,
        "Net Non Operating Interest Income Expense": -4507000.0,
        "Interest Expense Non Operating": 4507000.0,
        "Operating Income": 95542000.0,
        "Operating Expense": 72008000.0,
        "Depreciation Amortization Depletion Income Statement": 17763000.0,
        "Depreciation And Amortization In Income Statement": 17763000.0,
        "Amortization": 17763000.0,
        "Amortization Of Intangibles Income Statement": 17763000.0,
        "Research And Development": 19111000.0,
        "Selling General And Administration": 35134000.0,
        "Gross Profit": 167550000.0,
        "Cost Of Revenue": 28329000.0,
        "Total Revenue": 195879000.0,
        "Operating Revenue": 195879000.0
    },
    "2024-06-30": {
        "Tax Effect Of Unusual Items": 1031560.0,
        "Tax Rate For Calcs": 0.205,
        "Normalized EBITDA": 137566000.0,
        "Total Unusual Items": 5032000.0,
        "Total Unusual Items Excluding Goodwill": 5032000.0,
        "Net Income From Continuing Operation Net Minority Interest": 93245000.0,
        "Reconciled Depreciation": 20331000.0,
        "Reconciled Cost Of Revenue": 37038000.0,
        "EBITDA": 142598000.0,
        "EBIT": 122267000.0,
        "Net Interest Income": -4524000.0,
        "Interest Expense": 4524000.0,
        "Normalized Income": 89244560.0,
        "Net Income From Continuing And Discontinued Operation": 93245000.0,
        "Total Expenses": 114118000.0,
        "Total Operating Income As Reported": 117235000.0,
        "Diluted Average Shares": 129222000.0,
        "Basic Average Shares": 127116000.0,
        "Diluted EPS": 0.72,
        "Basic EPS": 0.73,
        "Diluted NI Availto Com Stockholders": 93245000.0,
        "Net Income Common Stockholders": 93245000.0,
        "Net Income": 93245000.0,
        "Net Income Including Noncontrolling Interests": 93245000.0,
        "Net Income Continuous Operations": 93245000.0,
        "Tax Provision": 24498000.0,
        "Pretax Income": 117743000.0,
        "Other Income Expense": 5032000.0,
        "Special Income Charges": NaN,
        "Restructuring And Mergern Acquisition": NaN,
        "Gain On Sale Of Security": 5032000.0,
        "Net Non Operating Interest Income Expense": -4524000.0,
        "Interest Expense Non Operating": 4524000.0,
        "Operating Income": 117235000.0,
        "Operating Expense": 74511000.0,
        "Depreciation Amortization Depletion Income Statement": 17762000.0,
        "Depreciation And Amortization In Income Statement": 17762000.0,
        "Amortization": 17762000.0,
        "Amortization Of Intangibles Income Statement": 17762000.0,
        "Research And Development": 21038000.0,
        "Selling General And Administration": 35711000.0,
        "Gross Profit": 191746000.0,
        "Cost Of Revenue": 39607000.0,
        "Total Revenue": 231353000.0,
        "Operating Revenue": 231353000.0
    },
    "2024-09-30": {
        "Tax Effect Of Unusual Items": 1102971.679776,
        "Tax Rate For Calcs": 0.170369,
        "Normalized EBITDA": 183557000.0,
        "Total Unusual Items": 6474000.0,
        "Total Unusual Items Excluding Goodwill": 6474000.0,
        "Net Income From Continuing Operation Net Minority Interest": 137011000.0,
        "Reconciled Depreciation": 20360000.0,
        "Reconciled Cost Of Revenue": 46828000.0,
        "EBITDA": 190031000.0,
        "EBIT": 169671000.0,
        "Net Interest Income": -4524000.0,
        "Interest Expense": 4524000.0,
        "Normalized Income": 131639971.679776,
        "Net Income From Continuing And Discontinued Operation": 137011000.0,
        "Total Expenses": 126887000.0,
        "Total Operating Income As Reported": 163197000.0,
        "Diluted Average Shares": 130134000.0,
        "Basic Average Shares": 126850000.0,
        "Diluted EPS": 1.05,
        "Basic EPS": 1.08,
        "Diluted NI Availto Com Stockholders": 137011000.0,
        "Net Income Common Stockholders": 137011000.0,
        "Net Income": 137011000.0,
        "Net Income Including Noncontrolling Interests": 137011000.0,
        "Net Income Continuous Operations": 137011000.0,
        "Tax Provision": 28136000.0,
        "Pretax Income": 165147000.0,
        "Other Income Expense": 6474000.0,
        "Special Income Charges": 0.0,
        "Restructuring And Mergern Acquisition": 0.0,
        "Gain On Sale Of Security": 6474000.0,
        "Net Non Operating Interest Income Expense": -4524000.0,
        "Interest Expense Non Operating": 4524000.0,
        "Operating Income": 163197000.0,
        "Operating Expense": 77461000.0,
        "Depreciation Amortization Depletion Income Statement": 17762000.0,
        "Depreciation And Amortization In Income Statement": 17762000.0,
        "Amortization": 17762000.0,
        "Amortization Of Intangibles Income Statement": 17762000.0,
        "Research And Development": 18458000.0,
        "Selling General And Administration": 41241000.0,
        "Gross Profit": 240658000.0,
        "Cost Of Revenue": 49426000.0,
        "Total Revenue": 290084000.0,
        "Operating Revenue": 290084000.0
    }
}