{
    "2023-03-31": {
        "Tax Effect Of Unusual Items": 0.0,
        "Tax Rate For Calcs": 0.21,
        "Normalized EBITDA": 194800000.0,
        "Total Unusual Items": NaN,
        "Total Unusual Items Excluding Goodwill": NaN,
        "Net Income From Continuing Operation Net Minority Interest": -22100000.0,
        "Reconciled Depreciation": 169500000.0,
        "Reconciled Cost Of Revenue": 207900000.0,
        "EBITDA": 194800000.0,
        "EBIT": 25300000.0,
        "Net Interest Income": -40300000.0,
        "Interest Expense": 46300000.0,
        "Interest Income": 6000000.0,
        "Normalized Income": -22100000.0,
        "Net Income From Continuing And Discontinued Operation": -22100000.0,
        "Total Expenses": 983100000.0,
        "Total Operating Income As Reported": 17900000.0,
        "Diluted Average Shares": 138600000.0,
        "Basic Average Shares": 138600000.0,
        "Diluted EPS": -0.16,
        "Basic EPS": -0.16,
        "Diluted NI Availto Com Stockholders": -22100000.0,
        "Net Income Common Stockholders": -22100000.0,
        "Net Income": -22100000.0,
        "Minority Interests": -400000.0,
        "Net Income Including Noncontrolling Interests": -21700000.0,
        "Net Income Continuous Operations": -21700000.0,
        "Tax Provision": 700000.0,
        "Pretax Income": -21000000.0,
        "Other Income Expense": 1400000.0,
        "Other Non Operating Income Expenses": 1400000.0,
        "Special Income Charges": NaN,
        "Gain On Sale Of Ppe": NaN,
        "Impairment Of Capital Assets": NaN,
        "Net Non Operating Interest Income Expense": -40300000.0,
        "Interest Expense Non Operating": 46300000.0,
        "Interest Income Non Operating": 6000000.0,
        "Operating Income": 17900000.0,
        "Operating Expense": 628800000.0,
        "Other Operating Expenses": 122500000.0,
        "Depreciation Amortization Depletion Income Statement": 23100000.0,
        "Depreciation And Amortization In Income Statement": 23100000.0,
        "Amortization": 23100000.0,
        "Amortization Of Intangibles Income Statement": 23100000.0,
        "Research And Development": 83300000.0,
        "Selling General And Administration": 399900000.0,
        "Selling And Marketing Expense": 82800000.0,
        "General And Administrative Expense": 317100000.0,
        "Other Gand A": 317100000.0,
        "Gross Profit": 646700000.0,
        "Cost Of Revenue": 354300000.0,
        "Total Revenue": 1001000000.0,
        "Operating Revenue": 1001000000.0
    },
    "2022-12-31": {
        "Tax Effect Of Unusual Items": 216808.769793,
        "Tax Rate For Calcs": 0.216809,
        "Normalized EBITDA": 127400000.0,
        "Total Unusual Items": 1000000.0,
        "Total Unusual Items Excluding Goodwill": 1000000.0,
        "Net Income From Continuing Operation Net Minority Interest": -128900000.0,
        "Reconciled Depreciation": 246800000.0,
        "Reconciled Cost Of Revenue": 515600000.0,
        "EBITDA": 128400000.0,
        "EBIT": -118400000.0,
        "Net Interest Income": -42000000.0,
        "Interest Expense": 45800000.0,
        "Interest Income": 3800000.0,
        "Normalized Income": -129683191.230207,
        "Net Income From Continuing And Discontinued Operation": -128900000.0,
        "Total Expenses": 1805200000.0,
        "Total Operating Income As Reported": -125700000.0,
        "Diluted Average Shares": 138500000.0,
        "Basic Average Shares": 138300000.0,
        "Diluted EPS": -0.93,
        "Basic EPS": -0.93,
        "Diluted NI Availto Com Stockholders": -128900000.0,
        "Net Income Common Stockholders": -128900000.0,
        "Net Income": -128900000.0,
        "Minority Interests": -300000.0,
        "Net Income Including Noncontrolling Interests": -128600000.0,
        "Net Income Continuous Operations": -128600000.0,
        "Tax Provision": -35600000.0,
        "Pretax Income": -164200000.0,
        "Other Income Expense": 4500000.0,
        "Other Non Operating Income Expenses": 3500000.0,
        "Special Income Charges": 1000000.0,
        "Gain On Sale Of Ppe": NaN,
        "Gain On Sale Of Business": -22100000.0,
        "Impairment Of Capital Assets": NaN,
        "Net Non Operating Interest Income Expense": -42000000.0,
        "Interest Expense Non Operating": 45800000.0,
        "Interest Income Non Operating": 3800000.0,
        "Operating Income": -126700000.0,
        "Operating Expense": 1066900000.0,
        "Other Operating Expenses": 189800000.0,
        "Depreciation Amortization Depletion Income Statement": 24100000.0,
        "Depreciation And Amortization In Income Statement": 24100000.0,
        "Amortization": 24100000.0,
        "Amortization Of Intangibles Income Statement": 24100000.0,
        "Research And Development": 76700000.0,
        "Selling General And Administration": 776300000.0,
        "Selling And Marketing Expense": 110300000.0,
        "General And Administrative Expense": 666000000.0,
        "Other Gand A": 666000000.0,
        "Gross Profit": 940200000.0,
        "Cost Of Revenue": 738300000.0,
        "Total Revenue": 1678500000.0,
        "Operating Revenue": 1678500000.0
    },
    "2022-09-30": {
        "Tax Effect Of Unusual Items": -5217028.985507,
        "Tax Rate For Calcs": 0.225845,
        "Normalized EBITDA": 257500000.0,
        "Total Unusual Items": -23100000.0,
        "Total Unusual Items Excluding Goodwill": -23100000.0,
        "Net Income From Continuing Operation Net Minority Interest": 129200000.0,
        "Reconciled Depreciation": 26900000.0,
        "Reconciled Cost Of Revenue": 721700000.0,
        "EBITDA": 234400000.0,
        "EBIT": 207500000.0,
        "Net Interest Income": -41900000.0,
        "Interest Expense": 41900000.0,
        "Interest Income": 3200000.0,
        "Normalized Income": 147082971.014493,
        "Net Income From Continuing And Discontinued Operation": 129200000.0,
        "Total Expenses": 1458500000.0,
        "Total Operating Income As Reported": 194300000.0,
        "Diluted Average Shares": 138500000.0,
        "Basic Average Shares": 138300000.0,
        "Diluted EPS": 0.93,
        "Basic EPS": 0.93,
        "Diluted NI Availto Com Stockholders": 129200000.0,
        "Net Income Common Stockholders": 129200000.0,
        "Net Income": 129200000.0,
        "Minority Interests": 1000000.0,
        "Net Income Including Noncontrolling Interests": 128200000.0,
        "Net Income Continuous Operations": 128200000.0,
        "Tax Provision": 37400000.0,
        "Pretax Income": 165600000.0,
        "Other Income Expense": -9900000.0,
        "Other Non Operating Income Expenses": 13200000.0,
        "Special Income Charges": -23100000.0,
        "Gain On Sale Of Ppe": -23100000.0,
        "Gain On Sale Of Business": 0.0,
        "Impairment Of Capital Assets": NaN,
        "Net Non Operating Interest Income Expense": -41900000.0,
        "Interest Expense Non Operating": 41900000.0,
        "Interest Income Non Operating": 3200000.0,
        "Operating Income": 217400000.0,
        "Operating Expense": 736800000.0,
        "Other Operating Expenses": 146500000.0,
        "Depreciation Amortization Depletion Income Statement": 26900000.0,
        "Depreciation And Amortization In Income Statement": 26900000.0,
        "Amortization": 26900000.0,
        "Amortization Of Intangibles Income Statement": 26900000.0,
        "Research And Development": 82400000.0,
        "Selling General And Administration": 481000000.0,
        "Selling And Marketing Expense": 115200000.0,
        "General And Administrative Expense": 365800000.0,
        "Other Gand A": 365800000.0,
        "Gross Profit": 954200000.0,
        "Cost Of Revenue": 721700000.0,
        "Total Revenue": 1675900000.0,
        "Operating Revenue": 1675900000.0
    },
    "2022-06-30": {
        "Tax Effect Of Unusual Items": 0.0,
        "Tax Rate For Calcs": 0.219011,
        "Normalized EBITDA": 248800000.0,
        "Total Unusual Items": 0.0,
        "Total Unusual Items Excluding Goodwill": 0.0,
        "Net Income From Continuing Operation Net Minority Interest": 142000000.0,
        "Reconciled Depreciation": 27200000.0,
        "Reconciled Cost Of Revenue": 521600000.0,
        "EBITDA": 248800000.0,
        "EBIT": 221600000.0,
        "Net Interest Income": -41700000.0,
        "Interest Expense": 41700000.0,
        "Interest Income": 2700000.0,
        "Normalized Income": 142000000.0,
        "Net Income From Continuing And Discontinued Operation": 142000000.0,
        "Total Expenses": 1120100000.0,
        "Total Operating Income As Reported": 219100000.0,
        "Diluted Average Shares": 139200000.0,
        "Basic Average Shares": 139000000.0,
        "Diluted EPS": 1.02,
        "Basic EPS": 1.02,
        "Diluted NI Availto Com Stockholders": 142000000.0,
        "Net Income Common Stockholders": 142000000.0,
        "Net Income": 142000000.0,
        "Minority Interests": 1500000.0,
        "Net Income Including Noncontrolling Interests": 140500000.0,
        "Net Income Continuous Operations": 140500000.0,
        "Tax Provision": 39400000.0,
        "Pretax Income": 179900000.0,
        "Other Income Expense": 2500000.0,
        "Other Non Operating Income Expenses": 2500000.0,
        "Special Income Charges": 0.0,
        "Gain On Sale Of Ppe": 0.0,
        "Gain On Sale Of Business": NaN,
        "Impairment Of Capital Assets": NaN,
        "Net Non Operating Interest Income Expense": -41700000.0,
        "Interest Expense Non Operating": 41700000.0,
        "Interest Income Non Operating": 2700000.0,
        "Operating Income": 219100000.0,
        "Operating Expense": 598500000.0,
        "Other Operating Expenses": 80700000.0,
        "Depreciation Amortization Depletion Income Statement": 27200000.0,
        "Depreciation And Amortization In Income Statement": 27200000.0,
        "Amortization": 27200000.0,
        "Amortization Of Intangibles Income Statement": 27200000.0,
        "Research And Development": 79200000.0,
        "Selling General And Administration": 411400000.0,
        "Selling And Marketing Expense": 84200000.0,
        "General And Administrative Expense": 327200000.0,
        "Other Gand A": 327200000.0,
        "Gross Profit": 817600000.0,
        "Cost Of Revenue": 521600000.0,
        "Total Revenue": 1339200000.0,
        "Operating Revenue": 1339200000.0
    },
    "2023-06-30": {
        "Tax Effect Of Unusual Items": -48552000.0,
        "Tax Rate For Calcs": 0.21,
        "Normalized EBITDA": 237800000.0,
        "Total Unusual Items": -231200000.0,
        "Total Unusual Items Excluding Goodwill": -231200000.0,
        "Net Income From Continuing Operation Net Minority Interest": -235000000.0,
        "Reconciled Depreciation": 187900000.0,
        "Reconciled Cost Of Revenue": 307000000.0,
        "EBITDA": 6600000.0,
        "EBIT": -181300000.0,
        "Net Interest Income": -40800000.0,
        "Interest Expense": 46600000.0,
        "Interest Income": 5800000.0,
        "Normalized Income": -52352000.0,
        "Net Income From Continuing And Discontinued Operation": -235000000.0,
        "Total Expenses": 1167400000.0,
        "Total Operating Income As Reported": -188600000.0,
        "Diluted Average Shares": 138800000.0,
        "Basic Average Shares": 138800000.0,
        "Diluted EPS": -1.69,
        "Basic EPS": -1.69,
        "Diluted NI Availto Com Stockholders": -235000000.0,
        "Net Income Common Stockholders": -235000000.0,
        "Net Income": -235000000.0,
        "Minority Interests": -100000.0,
        "Net Income Including Noncontrolling Interests": -234900000.0,
        "Net Income Continuous Operations": -234900000.0,
        "Tax Provision": 7000000.0,
        "Pretax Income": -227900000.0,
        "Other Income Expense": -229700000.0,
        "Other Non Operating Income Expenses": 1500000.0,
        "Special Income Charges": -231200000.0,
        "Gain On Sale Of Ppe": NaN,
        "Impairment Of Capital Assets": 231200000.0,
        "Net Non Operating Interest Income Expense": -40800000.0,
        "Interest Expense Non Operating": 46600000.0,
        "Interest Income Non Operating": 5800000.0,
        "Operating Income": 42600000.0,
        "Operating Expense": 695300000.0,
        "Other Operating Expenses": 134400000.0,
        "Depreciation Amortization Depletion Income Statement": 22800000.0,
        "Depreciation And Amortization In Income Statement": 22800000.0,
        "Amortization": 22800000.0,
        "Amortization Of Intangibles Income Statement": 22800000.0,
        "Research And Development": 72400000.0,
        "Selling General And Administration": 465700000.0,
        "Selling And Marketing Expense": 465700000.0,
        "General And Administrative Expense": NaN,
        "Other Gand A": NaN,
        "Gross Profit": 737900000.0,
        "Cost Of Revenue": 472100000.0,
        "Total Revenue": 1210000000.0,
        "Operating Revenue": 1210000000.0
    },
    "2022-03-31": {
        "Diluted EPS": 0.44,
        "Total Revenue": NaN,
        "Gross Profit": 830,
        "Operating Income": 120,
        "EBIT": 311,
        "Net Income": 61
    },
    "2021-12-31": {
        "Diluted EPS": 0.6,
        "Total Revenue": NaN,
        "Gross Profit": NaN,
        "Operating Income": 172,
        "EBIT": 478,
        "Net Income": 82
    },
    "2021-09-30": {
        "Diluted EPS": 1.83,
        "Total Revenue": NaN,
        "Gross Profit": NaN,
        "Operating Income": 368,
        "EBIT": 632,
        "Net Income": 253
    },
    "2021-06-30": {
        "Diluted EPS": -0.17,
        "Total Revenue": NaN,
        "Gross Profit": 977,
        "Operating Income": 77,
        "EBIT": 260,
        "Net Income": -23
    },
    "2021-03-31": {
        "Diluted EPS": 0.84,
        "Total Revenue": NaN,
        "Gross Profit": 825,
        "Operating Income": 147,
        "EBIT": 303,
        "Net Income": 116
    },
    "2020-12-31": {
        "Diluted EPS": 0.77,
        "Total Revenue": NaN,
        "Gross Profit": NaN,
        "Operating Income": 186,
        "EBIT": 440,
        "Net Income": 105
    },
    "2020-09-30": {
        "Diluted EPS": 1.61,
        "Total Revenue": NaN,
        "Gross Profit": NaN,
        "Operating Income": 337,
        "EBIT": 496,
        "Net Income": 221
    },
    "2020-06-30": {
        "Diluted EPS": -0.25,
        "Total Revenue": 860,
        "Gross Profit": 607,
        "Operating Income": 2,
        "EBIT": 120,
        "Net Income": -34
    },
    "2020-03-31": {
        "Diluted EPS": -0.51,
        "Total Revenue": NaN,
        "Gross Profit": 843,
        "Operating Income": -23,
        "EBIT": 170,
        "Net Income": -70
    },
    "2019-12-31": {
        "Diluted EPS": 2.06,
        "Total Revenue": NaN,
        "Gross Profit": 851,
        "Operating Income": 190,
        "EBIT": 262,
        "Net Income": 267
    },
    "2019-09-30": {
        "Diluted EPS": 1.67,
        "Total Revenue": NaN,
        "Gross Profit": 948,
        "Operating Income": 297,
        "EBIT": 376,
        "Net Income": 213
    },
    "2019-06-30": {
        "Diluted EPS": 0.11,
        "Total Revenue": 985,
        "Gross Profit": 641,
        "Operating Income": 128,
        "EBIT": 199,
        "Net Income": 13
    },
    "2019-03-31": {
        "Diluted EPS": 0.21,
        "Total Revenue": 733,
        "Gross Profit": 473,
        "Operating Income": 36,
        "EBIT": 82,
        "Net Income": 27
    },
    "2018-12-31": {
        "Diluted EPS": 0.1,
        "Total Revenue": NaN,
        "Gross Profit": 788,
        "Operating Income": 11,
        "EBIT": 96,
        "Net Income": 9
    },
    "2018-09-30": {
        "Diluted EPS": 2.06,
        "Total Revenue": NaN,
        "Gross Profit": 914,
        "Operating Income": 313,
        "EBIT": 379,
        "Net Income": 264
    },
    "2018-06-30": {
        "Diluted EPS": 0.48,
        "Total Revenue": 904,
        "Gross Profit": 566,
        "Operating Income": 88,
        "EBIT": 136,
        "Net Income": 60
    },
    "2018-03-31": {
        "Diluted EPS": -0.9,
        "Total Revenue": 716,
        "Gross Profit": 461,
        "Operating Income": -80,
        "EBIT": -36,
        "Net Income": -112
    },
    "2017-12-31": {
        "Diluted EPS": -0.04,
        "Total Revenue": NaN,
        "Gross Profit": 967,
        "Operating Income": 271,
        "EBIT": 332,
        "Net Income": -5
    },
    "2017-09-30": {
        "Diluted EPS": 2.09,
        "Total Revenue": NaN,
        "Gross Profit": NaN,
        "Operating Income": 361,
        "EBIT": 415,
        "Net Income": 266
    },
    "2017-06-30": {
        "Diluted EPS": 0.53,
        "Total Revenue": 973,
        "Gross Profit": 604,
        "Operating Income": 100,
        "EBIT": 151,
        "Net Income": 68
    },
    "2017-03-31": {
        "Diluted EPS": 0.54,
        "Total Revenue": 850,
        "Gross Profit": 544,
        "Operating Income": 78,
        "EBIT": 119,
        "Net Income": 69
    },
    "2016-12-31": {
        "Diluted EPS": 1.52,
        "Total Revenue": NaN,
        "Gross Profit": 995,
        "Operating Income": 255,
        "EBIT": 313,
        "Net Income": 193
    },
    "2016-09-30": {
        "Diluted EPS": 2.03,
        "Total Revenue": NaN,
        "Gross Profit": NaN,
        "Operating Income": 362,
        "EBIT": 409,
        "Net Income": 258
    },
    "2016-06-30": {
        "Diluted EPS": 0.41,
        "Total Revenue": 879,
        "Gross Profit": 557,
        "Operating Income": 85,
        "EBIT": 131,
        "Net Income": 52
    },
    "2016-03-31": {
        "Diluted EPS": 0.38,
        "Total Revenue": 831,
        "Gross Profit": 541,
        "Operating Income": 86,
        "EBIT": 126,
        "Net Income": 49
    },
    "2015-12-31": {
        "Diluted EPS": 1.39,
        "Total Revenue": NaN,
        "Gross Profit": 911,
        "Operating Income": 259,
        "EBIT": 305,
        "Net Income": 176
    },
    "2015-09-30": {
        "Diluted EPS": 1.64,
        "Total Revenue": NaN,
        "Gross Profit": 892,
        "Operating Income": 304,
        "EBIT": 360,
        "Net Income": 208
    },
    "2015-06-30": {
        "Diluted EPS": 0.33,
        "Total Revenue": 798,
        "Gross Profit": 502,
        "Operating Income": 76,
        "EBIT": 125,
        "Net Income": 42
    },
    "2015-03-31": {
        "Diluted EPS": 0.21,
        "Total Revenue": 714,
        "Gross Profit": 466,
        "Operating Income": 54,
        "EBIT": 100,
        "Net Income": 27
    },
    "2014-12-31": {
        "Diluted EPS": 1.3,
        "Total Revenue": NaN,
        "Gross Profit": 782,
        "Operating Income": 224,
        "EBIT": 272,
        "Net Income": 170
    },
    "2014-09-30": {
        "Diluted EPS": 1.4,
        "Total Revenue": NaN,
        "Gross Profit": 867,
        "Operating Income": 286,
        "EBIT": 355,
        "Net Income": 180
    },
    "2014-06-30": {
        "Diluted EPS": 0.26,
        "Total Revenue": 829,
        "Gross Profit": 509,
        "Operating Income": 83,
        "EBIT": 130,
        "Net Income": 33
    },
    "2014-03-31": {
        "Diluted EPS": 0.24,
        "Total Revenue": 679,
        "Gross Profit": 421,
        "Operating Income": 43,
        "EBIT": 83,
        "Net Income": 32
    },
    "2013-12-31": {
        "Diluted EPS": 0.98,
        "Total Revenue": NaN,
        "Gross Profit": 746,
        "Operating Income": 184,
        "EBIT": 265,
        "Net Income": 130
    },
    "2013-09-30": {
        "Diluted EPS": 0.96,
        "Total Revenue": NaN,
        "Gross Profit": 802,
        "Operating Income": 199,
        "EBIT": 263,
        "Net Income": 127
    },
    "2013-06-30": {
        "Diluted EPS": 0.28,
        "Total Revenue": 766,
        "Gross Profit": 466,
        "Operating Income": 74,
        "EBIT": 120,
        "Net Income": 36
    },
    "2013-03-31": {
        "Diluted EPS": -0.05,
        "Total Revenue": 664,
        "Gross Profit": 396,
        "Operating Income": 11,
        "EBIT": 47,
        "Net Income": -7
    },
    "2012-12-31": {
        "Diluted EPS": 1.0,
        "Total Revenue": NaN,
        "Gross Profit": 767,
        "Operating Income": 200,
        "EBIT": 256,
        "Net Income": 130
    },
    "2012-09-30": {
        "Diluted EPS": 1.24,
        "Total Revenue": NaN,
        "Gross Profit": 759,
        "Operating Income": 250,
        "EBIT": 306,
        "Net Income": 165
    },
    "2012-06-30": {
        "Diluted EPS": 0.33,
        "Total Revenue": 811,
        "Gross Profit": 499,
        "Operating Income": 86,
        "EBIT": 132,
        "Net Income": 43
    },
    "2012-03-31": {
        "Diluted EPS": -0.02,
        "Total Revenue": 649,
        "Gross Profit": 392,
        "Operating Income": 16,
        "EBIT": 49,
        "Net Income": -3
    },
    "2011-12-31": {
        "Diluted EPS": 1.01,
        "Total Revenue": NaN,
        "Gross Profit": 738,
        "Operating Income": 217,
        "EBIT": 277,
        "Net Income": 139
    },
    "2011-09-30": {
        "Diluted EPS": 1.27,
        "Total Revenue": NaN,
        "Gross Profit": 776,
        "Operating Income": 248,
        "EBIT": 303,
        "Net Income": 171
    },
    "2011-06-30": {
        "Diluted EPS": 0.42,
        "Total Revenue": 908,
        "Gross Profit": 530,
        "Operating Income": 80,
        "EBIT": 126,
        "Net Income": 58
    },
    "2011-03-31": {
        "Diluted EPS": 0.12,
        "Total Revenue": 672,
        "Gross Profit": 405,
        "Operating Income": 49,
        "EBIT": 83,
        "Net Income": 17
    },
    "2010-12-31": {
        "Diluted EPS": 0.96,
        "Total Revenue": NaN,
        "Gross Profit": 743,
        "Operating Income": 201,
        "EBIT": 253,
        "Net Income": 140
    },
    "2010-09-30": {
        "Diluted EPS": 1.09,
        "Total Revenue": NaN,
        "Gross Profit": 722,
        "Operating Income": 238,
        "EBIT": 286,
        "Net Income": 155
    },
    "2010-06-30": {
        "Diluted EPS": 0.29,
        "Total Revenue": 738,
        "Gross Profit": 437,
        "Operating Income": 80,
        "EBIT": 119,
        "Net Income": 44
    },
    "2010-03-31": {
        "Diluted EPS": 0.4,
        "Total Revenue": 672,
        "Gross Profit": 410,
        "Operating Income": 69,
        "EBIT": 99,
        "Net Income": 59
    },
    "2009-12-31": {
        "Diluted EPS": 1.09,
        "Total Revenue": NaN,
        "Gross Profit": 813,
        "Operating Income": 244,
        "EBIT": 294,
        "Net Income": 166
    },
    "2009-09-30": {
        "Diluted EPS": 0.99,
        "Total Revenue": NaN,
        "Gross Profit": 729,
        "Operating Income": 231,
        "EBIT": 282,
        "Net Income": 150
    },
    "2009-06-30": {
        "Diluted EPS": 0.26,
        "Total Revenue": 792,
        "Gross Profit": 473,
        "Operating Income": 73,
        "EBIT": 117,
        "Net Income": 39
    },
    "2009-03-31": {
        "Diluted EPS": 0.14,
        "Total Revenue": 621,
        "Gross Profit": 377,
        "Operating Income": 41,
        "EBIT": 76,
        "Net Income": 20
    },
    "2023-09-30": {
        "Tax Effect Of Unusual Items": -98120000.0,
        "Tax Rate For Calcs": 0.207442,
        "Normalized EBITDA": 426100000.0,
        "Total Unusual Items": -473000000.0,
        "Total Unusual Items Excluding Goodwill": -473000000.0,
        "Net Income From Continuing Operation Net Minority Interest": -171100000.0,
        "Reconciled Depreciation": 121000000.0,
        "Reconciled Cost Of Revenue": 499600000.0,
        "EBITDA": -46900000.0,
        "EBIT": -167900000.0,
        "Net Interest Income": -43300000.0,
        "Interest Expense": 47100000.0,
        "Interest Income": 3800000.0,
        "Normalized Income": 203780000.0,
        "Net Income From Continuing And Discontinued Operation": -171100000.0,
        "Total Expenses": 1199900000.0,
        "Total Operating Income As Reported": -169500000.0,
        "Diluted Average Shares": 138800000.0,
        "Basic Average Shares": 138800000.0,
        "Diluted EPS": -1.23,
        "Basic EPS": -1.23,
        "Diluted NI Availto Com Stockholders": -171100000.0,
        "Net Income Common Stockholders": -171100000.0,
        "Net Income": -171100000.0,
        "Minority Interests": -700000.0,
        "Net Income Including Noncontrolling Interests": -170400000.0,
        "Net Income Continuous Operations": -170400000.0,
        "Tax Provision": -44600000.0,
        "Pretax Income": -215000000.0,
        "Other Income Expense": -475200000.0,
        "Other Non Operating Income Expenses": -2200000.0,
        "Special Income Charges": -473000000.0,
        "Gain On Sale Of Ppe": -473000000.0,
        "Impairment Of Capital Assets": 0.0,
        "Net Non Operating Interest Income Expense": -43300000.0,
        "Interest Expense Non Operating": 47100000.0,
        "Interest Income Non Operating": 3800000.0,
        "Operating Income": 303500000.0,
        "Operating Expense": 598500000.0,
        "Other Operating Expenses": 68400000.0,
        "Depreciation Amortization Depletion Income Statement": 19200000.0,
        "Depreciation And Amortization In Income Statement": 19200000.0,
        "Amortization": 19200000.0,
        "Amortization Of Intangibles Income Statement": 19200000.0,
        "Research And Development": 76700000.0,
        "Selling General And Administration": 434200000.0,
        "Selling And Marketing Expense": 434200000.0,
        "General And Administrative Expense": NaN,
        "Other Gand A": NaN,
        "Gross Profit": 902000000.0,
        "Cost Of Revenue": 601400000.0,
        "Total Revenue": 1503400000.0,
        "Operating Revenue": 1503400000.0
    },
    "2023-12-31": {
        "Tax Effect Of Unusual Items": -151938965.628012,
        "Tax Rate For Calcs": 0.148089,
        "Normalized EBITDA": 8300000.0,
        "Total Unusual Items": -1026000000.0,
        "Total Unusual Items Excluding Goodwill": -1026000000.0,
        "Net Income From Continuing Operation Net Minority Interest": -1061100000.0,
        "Reconciled Depreciation": 181200000.0,
        "Reconciled Cost Of Revenue": 543200000.0,
        "EBITDA": -1017700000.0,
        "EBIT": -1198900000.0,
        "Net Interest Income": -38900000.0,
        "Interest Expense": 46300000.0,
        "Interest Income": 7400000.0,
        "Normalized Income": -187038965.628012,
        "Net Income From Continuing And Discontinued Operation": -1061100000.0,
        "Total Expenses": 1461500000.0,
        "Total Operating Income As Reported": -1198600000.0,
        "Diluted Average Shares": 139100000.0,
        "Basic Average Shares": 138900000.0,
        "Diluted EPS": -7.64,
        "Basic EPS": -7.64,
        "Diluted NI Availto Com Stockholders": -1061100000.0,
        "Net Income Common Stockholders": -1061100000.0,
        "Net Income": -1061100000.0,
        "Minority Interests": -300000.0,
        "Net Income Including Noncontrolling Interests": -1060800000.0,
        "Net Income Continuous Operations": -1060800000.0,
        "Tax Provision": -184400000.0,
        "Pretax Income": -1245200000.0,
        "Other Income Expense": -1033700000.0,
        "Other Non Operating Income Expenses": -7700000.0,
        "Special Income Charges": -1026000000.0,
        "Gain On Sale Of Ppe": NaN,
        "Impairment Of Capital Assets": 960000000.0,
        "Net Non Operating Interest Income Expense": -38900000.0,
        "Interest Expense Non Operating": 46300000.0,
        "Interest Income Non Operating": 7400000.0,
        "Operating Income": -172600000.0,
        "Operating Expense": 755000000.0,
        "Other Operating Expenses": 123600000.0,
        "Depreciation Amortization Depletion Income Statement": 17900000.0,
        "Depreciation And Amortization In Income Statement": 17900000.0,
        "Amortization": 17900000.0,
        "Amortization Of Intangibles Income Statement": 17900000.0,
        "Research And Development": 74500000.0,
        "Selling General And Administration": 539000000.0,
        "Selling And Marketing Expense": -941400000.0,
        "General And Administrative Expense": NaN,
        "Other Gand A": NaN,
        "Gross Profit": 582400000.0,
        "Cost Of Revenue": 706500000.0,
        "Total Revenue": 1288900000.0,
        "Operating Revenue": 1288900000.0
    }
}