{
    "2023-03-31": {
        "Tax Effect Of Unusual Items": 0.0,
        "Tax Rate For Calcs": 0.247,
        "Normalized EBITDA": 22079000.0,
        "Net Income From Continuing Operation Net Minority Interest": 12349000.0,
        "Reconciled Depreciation": 4575000.0,
        "Reconciled Cost Of Revenue": 121908000.0,
        "EBITDA": 22079000.0,
        "EBIT": 17504000.0,
        "Net Interest Income": -1855000.0,
        "Interest Expense": 1865000.0,
        "Interest Income": 10000.0,
        "Normalized Income": 12349000.0,
        "Net Income From Continuing And Discontinued Operation": 12349000.0,
        "Total Expenses": 135657000.0,
        "Total Operating Income As Reported": 17129000.0,
        "Diluted Average Shares": 12787000.0,
        "Basic Average Shares": 12544000.0,
        "Diluted EPS": 0.96,
        "Basic EPS": 0.98,
        "Diluted NI Availto Com Stockholders": 12252000.0,
        "Net Income Common Stockholders": 12252000.0,
        "Otherunder Preferred Stock Dividend": 97000.0,
        "Net Income": 12349000.0,
        "Net Income Including Noncontrolling Interests": 12349000.0,
        "Net Income Continuous Operations": 12349000.0,
        "Tax Provision": 3290000.0,
        "Pretax Income": 15639000.0,
        "Other Income Expense": 365000.0,
        "Other Non Operating Income Expenses": 365000.0,
        "Net Non Operating Interest Income Expense": -1855000.0,
        "Interest Expense Non Operating": 1865000.0,
        "Interest Income Non Operating": 10000.0,
        "Operating Income": 17129000.0,
        "Operating Expense": 13749000.0,
        "Research And Development": 1047000.0,
        "Selling General And Administration": 12702000.0,
        "Gross Profit": 30878000.0,
        "Cost Of Revenue": 121908000.0,
        "Total Revenue": 152786000.0,
        "Operating Revenue": 145187000.0
    },
    "2022-12-31": {
        "Tax Effect Of Unusual Items": 0.0,
        "Tax Rate For Calcs": 0.225,
        "Normalized EBITDA": 16058000.0,
        "Net Income From Continuing Operation Net Minority Interest": 7739000.0,
        "Reconciled Depreciation": 4573000.0,
        "Reconciled Cost Of Revenue": 109635000.0,
        "EBITDA": 16058000.0,
        "EBIT": 11485000.0,
        "Net Interest Income": -1495000.0,
        "Interest Expense": 1501000.0,
        "Interest Income": 6000.0,
        "Normalized Income": 7739000.0,
        "Net Income From Continuing And Discontinued Operation": 7739000.0,
        "Total Expenses": 121560000.0,
        "Total Operating Income As Reported": 11113000.0,
        "Diluted Average Shares": 12699000.0,
        "Basic Average Shares": 12455000.0,
        "Diluted EPS": 0.61,
        "Basic EPS": 0.62,
        "Diluted NI Availto Com Stockholders": 7680000.0,
        "Net Income Common Stockholders": 7680000.0,
        "Otherunder Preferred Stock Dividend": 20000.0,
        "Net Income": 7739000.0,
        "Net Income Including Noncontrolling Interests": 7739000.0,
        "Net Income Continuous Operations": 7739000.0,
        "Tax Provision": 2245000.0,
        "Pretax Income": 9984000.0,
        "Other Income Expense": 366000.0,
        "Other Non Operating Income Expenses": 366000.0,
        "Net Non Operating Interest Income Expense": -1495000.0,
        "Interest Expense Non Operating": 1501000.0,
        "Interest Income Non Operating": 6000.0,
        "Operating Income": 11113000.0,
        "Operating Expense": 11925000.0,
        "Research And Development": 973000.0,
        "Selling General And Administration": 10952000.0,
        "Gross Profit": 23038000.0,
        "Cost Of Revenue": 109635000.0,
        "Total Revenue": 132673000.0,
        "Operating Revenue": 127980000.0
    },
    "2022-09-30": {
        "Tax Effect Of Unusual Items": 0.0,
        "Tax Rate For Calcs": 0.152873,
        "Normalized EBITDA": 20201000.0,
        "Net Income From Continuing Operation Net Minority Interest": 16336000.0,
        "Reconciled Depreciation": 4712000.0,
        "Reconciled Cost Of Revenue": 111889000.0,
        "EBITDA": 20201000.0,
        "EBIT": 20201000.0,
        "Net Interest Income": -914000.0,
        "Interest Expense": 917000.0,
        "Interest Income": 3000.0,
        "Normalized Income": 16336000.0,
        "Net Income From Continuing And Discontinued Operation": 16336000.0,
        "Total Expenses": 125003000.0,
        "Total Operating Income As Reported": 18807000.0,
        "Diluted Average Shares": 12497000.0,
        "Basic Average Shares": 12345000.0,
        "Diluted EPS": 1.3,
        "Basic EPS": 1.31,
        "Diluted NI Availto Com Stockholders": 16336000.0,
        "Net Income Common Stockholders": 16336000.0,
        "Otherunder Preferred Stock Dividend": 23000.0,
        "Net Income": 16336000.0,
        "Net Income Including Noncontrolling Interests": 16336000.0,
        "Net Income Continuous Operations": 16336000.0,
        "Tax Provision": 2948000.0,
        "Pretax Income": 19284000.0,
        "Other Income Expense": 1391000.0,
        "Other Non Operating Income Expenses": 1391000.0,
        "Net Non Operating Interest Income Expense": -914000.0,
        "Interest Expense Non Operating": 917000.0,
        "Interest Income Non Operating": 3000.0,
        "Operating Income": 18807000.0,
        "Operating Expense": 13114000.0,
        "Research And Development": 1016000.0,
        "Selling General And Administration": 12098000.0,
        "Gross Profit": 31921000.0,
        "Cost Of Revenue": 111889000.0,
        "Total Revenue": 143810000.0,
        "Operating Revenue": 138279000.0
    },
    "2022-06-30": {
        "Tax Effect Of Unusual Items": 0.0,
        "Tax Rate For Calcs": 0.396,
        "Normalized EBITDA": 26290000.0,
        "Net Income From Continuing Operation Net Minority Interest": 15608000.0,
        "Reconciled Depreciation": 4783000.0,
        "Reconciled Cost Of Revenue": 96943000.0,
        "EBITDA": 26290000.0,
        "EBIT": 21507000.0,
        "Net Interest Income": -749000.0,
        "Interest Expense": 750000.0,
        "Interest Income": 1000.0,
        "Normalized Income": 15608000.0,
        "Net Income From Continuing And Discontinued Operation": 15608000.0,
        "Total Expenses": 109747000.0,
        "Total Operating Income As Reported": 20418000.0,
        "Diluted Average Shares": 12459000.0,
        "Basic Average Shares": 12339000.0,
        "Diluted EPS": 1.24,
        "Basic EPS": 1.25,
        "Diluted NI Availto Com Stockholders": 15454000.0,
        "Net Income Common Stockholders": 15454000.0,
        "Otherunder Preferred Stock Dividend": 27000.0,
        "Net Income": 15608000.0,
        "Net Income Including Noncontrolling Interests": 15608000.0,
        "Net Income Continuous Operations": 15608000.0,
        "Tax Provision": 5149000.0,
        "Pretax Income": 20757000.0,
        "Other Income Expense": 1088000.0,
        "Other Non Operating Income Expenses": 1088000.0,
        "Net Non Operating Interest Income Expense": -749000.0,
        "Interest Expense Non Operating": 750000.0,
        "Interest Income Non Operating": 1000.0,
        "Operating Income": 20418000.0,
        "Operating Expense": 12804000.0,
        "Research And Development": 957000.0,
        "Selling General And Administration": 11847000.0,
        "Gross Profit": 33222000.0,
        "Cost Of Revenue": 96943000.0,
        "Total Revenue": 130165000.0,
        "Operating Revenue": 123670000.0
    },
    "2022-03-31": {
        "Diluted EPS": 0.67,
        "Total Revenue": 117,
        "Gross Profit": 23,
        "Operating Income": 11,
        "EBIT": 16,
        "Net Income": 8
    },
    "2021-12-31": {
        "Diluted EPS": 0.37,
        "Total Revenue": 99,
        "Gross Profit": 18,
        "Operating Income": 6,
        "EBIT": 10,
        "Net Income": 5
    },
    "2021-09-30": {
        "Diluted EPS": 0.2,
        "Total Revenue": 95,
        "Gross Profit": 17,
        "Operating Income": 5,
        "EBIT": 10,
        "Net Income": 3
    },
    "2021-06-30": {
        "Diluted EPS": 0.03,
        "Total Revenue": 88,
        "Gross Profit": 14,
        "Operating Income": 1,
        "EBIT": 6,
        "Net Income": 0
    },
    "2021-03-31": {
        "Diluted EPS": -0.29,
        "Total Revenue": 82,
        "Gross Profit": 8,
        "Operating Income": -4,
        "EBIT": 1,
        "Net Income": -4
    },
    "2020-12-31": {
        "Diluted EPS": -0.65,
        "Total Revenue": 72,
        "Gross Profit": 1,
        "Operating Income": -10,
        "EBIT": -5,
        "Net Income": -8
    },
    "2020-09-30": {
        "Diluted EPS": -0.46,
        "Total Revenue": 80,
        "Gross Profit": 4,
        "Operating Income": -5,
        "EBIT": 0,
        "Net Income": -6
    },
    "2020-06-30": {
        "Diluted EPS": -0.65,
        "Total Revenue": 81,
        "Gross Profit": 3,
        "Operating Income": -8,
        "EBIT": -3,
        "Net Income": -8
    },
    "2020-03-31": {
        "Diluted EPS": 0.32,
        "Total Revenue": 112,
        "Gross Profit": 19,
        "Operating Income": 7,
        "EBIT": 12,
        "Net Income": 4
    },
    "2019-12-31": {
        "Diluted EPS": 0.26,
        "Total Revenue": 108,
        "Gross Profit": 19,
        "Operating Income": 6,
        "EBIT": 11,
        "Net Income": 3
    },
    "2019-09-30": {
        "Diluted EPS": 0.49,
        "Total Revenue": 130,
        "Gross Profit": 21,
        "Operating Income": 9,
        "EBIT": 14,
        "Net Income": 6
    },
    "2019-06-30": {
        "Diluted EPS": 0.3,
        "Total Revenue": 126,
        "Gross Profit": 18,
        "Operating Income": 6,
        "EBIT": 11,
        "Net Income": 4
    },
    "2019-03-31": {
        "Diluted EPS": 0.12,
        "Total Revenue": 127,
        "Gross Profit": 15,
        "Operating Income": 3,
        "EBIT": 8,
        "Net Income": 2
    },
    "2018-12-31": {
        "Diluted EPS": -0.13,
        "Total Revenue": 107,
        "Gross Profit": 11,
        "Operating Income": -1,
        "EBIT": 4,
        "Net Income": -2
    },
    "2018-09-30": {
        "Diluted EPS": 0.18,
        "Total Revenue": 122,
        "Gross Profit": 18,
        "Operating Income": 7,
        "EBIT": 12,
        "Net Income": 2
    },
    "2018-06-30": {
        "Diluted EPS": 0.06,
        "Total Revenue": 113,
        "Gross Profit": 15,
        "Operating Income": 1,
        "EBIT": 7,
        "Net Income": 1
    },
    "2018-03-31": {
        "Diluted EPS": -0.17,
        "Total Revenue": 110,
        "Gross Profit": 14,
        "Operating Income": 0,
        "EBIT": 6,
        "Net Income": -2
    },
    "2017-12-31": {
        "Diluted EPS": -1.82,
        "Total Revenue": 90,
        "Gross Profit": 9,
        "Operating Income": -3,
        "EBIT": 3,
        "Net Income": -23
    },
    "2017-09-30": {
        "Diluted EPS": -0.3,
        "Total Revenue": 101,
        "Gross Profit": 22,
        "Operating Income": 11,
        "EBIT": 16,
        "Net Income": -4
    },
    "2017-06-30": {
        "Diluted EPS": -0.32,
        "Total Revenue": 98,
        "Gross Profit": 4,
        "Operating Income": -8,
        "EBIT": -2,
        "Net Income": -4
    },
    "2017-03-31": {
        "Diluted EPS": -0.15,
        "Total Revenue": 103,
        "Gross Profit": 10,
        "Operating Income": -2,
        "EBIT": 4,
        "Net Income": -2
    },
    "2016-12-31": {
        "Diluted EPS": -0.06,
        "Total Revenue": 93,
        "Gross Profit": 10,
        "Operating Income": -1,
        "EBIT": 5,
        "Net Income": -1
    },
    "2016-09-30": {
        "Diluted EPS": 0.25,
        "Total Revenue": 108,
        "Gross Profit": 13,
        "Operating Income": 2,
        "EBIT": 7,
        "Net Income": 3
    },
    "2016-06-30": {
        "Diluted EPS": 0.22,
        "Total Revenue": 101,
        "Gross Profit": 13,
        "Operating Income": 3,
        "EBIT": 8,
        "Net Income": 3
    },
    "2016-03-31": {
        "Diluted EPS": -0.09,
        "Total Revenue": 103,
        "Gross Profit": 9,
        "Operating Income": -2,
        "EBIT": 4,
        "Net Income": -1
    },
    "2015-12-31": {
        "Diluted EPS": 0.02,
        "Total Revenue": 95,
        "Gross Profit": 12,
        "Operating Income": 1,
        "EBIT": 6,
        "Net Income": 0
    },
    "2015-09-30": {
        "Diluted EPS": 0.47,
        "Total Revenue": 117,
        "Gross Profit": 21,
        "Operating Income": 10,
        "EBIT": 15,
        "Net Income": 6
    },
    "2015-06-30": {
        "Diluted EPS": 0.53,
        "Total Revenue": 121,
        "Gross Profit": 24,
        "Operating Income": 11,
        "EBIT": 16,
        "Net Income": 7
    },
    "2015-03-31": {
        "Diluted EPS": 0.94,
        "Total Revenue": 139,
        "Gross Profit": 28,
        "Operating Income": 17,
        "EBIT": 22,
        "Net Income": 12
    },
    "2014-12-31": {
        "Diluted EPS": 0.51,
        "Total Revenue": 111,
        "Gross Profit": 20,
        "Operating Income": 10,
        "EBIT": 14,
        "Net Income": 6
    },
    "2014-09-30": {
        "Diluted EPS": 0.52,
        "Total Revenue": 120,
        "Gross Profit": 19,
        "Operating Income": 9,
        "EBIT": 13,
        "Net Income": 6
    },
    "2014-06-30": {
        "Diluted EPS": 0.17,
        "Total Revenue": 126,
        "Gross Profit": 14,
        "Operating Income": 3,
        "EBIT": 7,
        "Net Income": 2
    },
    "2014-03-31": {
        "Diluted EPS": -0.1,
        "Total Revenue": 115,
        "Gross Profit": 9,
        "Operating Income": -1,
        "EBIT": 3,
        "Net Income": -1
    },
    "2013-12-31": {
        "Diluted EPS": -0.29,
        "Total Revenue": 94,
        "Gross Profit": 5,
        "Operating Income": -6,
        "EBIT": -2,
        "Net Income": -3
    },
    "2013-09-30": {
        "Diluted EPS": 0.32,
        "Total Revenue": 116,
        "Gross Profit": 16,
        "Operating Income": 6,
        "EBIT": 10,
        "Net Income": 4
    },
    "2013-06-30": {
        "Diluted EPS": 0.43,
        "Total Revenue": 124,
        "Gross Profit": 19,
        "Operating Income": 8,
        "EBIT": 12,
        "Net Income": 5
    },
    "2013-03-31": {
        "Diluted EPS": 0.52,
        "Total Revenue": 129,
        "Gross Profit": 20,
        "Operating Income": 10,
        "EBIT": 13,
        "Net Income": 6
    },
    "2012-12-31": {
        "Diluted EPS": 0.47,
        "Total Revenue": 114,
        "Gross Profit": 19,
        "Operating Income": 8,
        "EBIT": 11,
        "Net Income": 6
    },
    "2012-09-30": {
        "Diluted EPS": 1.05,
        "Total Revenue": 150,
        "Gross Profit": 30,
        "Operating Income": 20,
        "EBIT": 23,
        "Net Income": 13
    },
    "2012-06-30": {
        "Diluted EPS": 1.11,
        "Total Revenue": 142,
        "Gross Profit": 32,
        "Operating Income": 21,
        "EBIT": 25,
        "Net Income": 14
    },
    "2012-03-31": {
        "Diluted EPS": 1.23,
        "Total Revenue": 159,
        "Gross Profit": 35,
        "Operating Income": 23,
        "EBIT": 26,
        "Net Income": 15
    },
    "2011-12-31": {
        "Diluted EPS": 0.68,
        "Total Revenue": 129,
        "Gross Profit": 23,
        "Operating Income": 13,
        "EBIT": 16,
        "Net Income": 8
    },
    "2011-09-30": {
        "Diluted EPS": 0.91,
        "Total Revenue": 154,
        "Gross Profit": 30,
        "Operating Income": 18,
        "EBIT": 21,
        "Net Income": 11
    },
    "2011-06-30": {
        "Diluted EPS": 0.69,
        "Total Revenue": 143,
        "Gross Profit": 25,
        "Operating Income": 14,
        "EBIT": 17,
        "Net Income": 8
    },
    "2011-03-31": {
        "Diluted EPS": 0.51,
        "Total Revenue": 139,
        "Gross Profit": 21,
        "Operating Income": 10,
        "EBIT": 13,
        "Net Income": 6
    },
    "2010-12-31": {
        "Diluted EPS": 0.43,
        "Total Revenue": 106,
        "Gross Profit": 18,
        "Operating Income": 8,
        "EBIT": 11,
        "Net Income": 5
    },
    "2010-09-30": {
        "Diluted EPS": 0.45,
        "Total Revenue": 105,
        "Gross Profit": 20,
        "Operating Income": 9,
        "EBIT": 12,
        "Net Income": 5
    },
    "2010-06-30": {
        "Diluted EPS": 0.31,
        "Total Revenue": 101,
        "Gross Profit": 17,
        "Operating Income": 7,
        "EBIT": 10,
        "Net Income": 4
    },
    "2010-03-31": {
        "Diluted EPS": 0.08,
        "Total Revenue": 95,
        "Gross Profit": 10,
        "Operating Income": 2,
        "EBIT": 5,
        "Net Income": 1
    },
    "2009-12-31": {
        "Diluted EPS": -0.11,
        "Total Revenue": 81,
        "Gross Profit": 7,
        "Operating Income": -2,
        "EBIT": 1,
        "Net Income": -1
    },
    "2009-09-30": {
        "Diluted EPS": -0.25,
        "Total Revenue": 86,
        "Gross Profit": 5,
        "Operating Income": -4,
        "EBIT": -1,
        "Net Income": -3
    },
    "2009-06-30": {
        "Diluted EPS": -0.91,
        "Total Revenue": 98,
        "Gross Profit": -8,
        "Operating Income": -18,
        "EBIT": -15,
        "Net Income": -11
    },
    "2009-03-31": {
        "Diluted EPS": -3.58,
        "Total Revenue": 120,
        "Gross Profit": 7,
        "Operating Income": -46,
        "EBIT": 1,
        "Net Income": -43
    },
    "2023-06-30": {
        "Tax Effect Of Unusual Items": 0.0,
        "Tax Rate For Calcs": 0.235,
        "Normalized EBITDA": 18416000.0,
        "Net Income From Continuing Operation Net Minority Interest": 8759000.0,
        "Reconciled Depreciation": 4811000.0,
        "Reconciled Cost Of Revenue": 117839000.0,
        "EBITDA": 18416000.0,
        "EBIT": 13605000.0,
        "Net Interest Income": -2139000.0,
        "Interest Expense": 2156000.0,
        "Interest Income": 17000.0,
        "Normalized Income": 8759000.0,
        "Net Income From Continuing And Discontinued Operation": 8759000.0,
        "Total Expenses": 130679000.0,
        "Total Operating Income As Reported": 13222000.0,
        "Diluted Average Shares": 12796000.0,
        "Basic Average Shares": 12611000.0,
        "Diluted EPS": 0.68,
        "Basic EPS": 0.69,
        "Diluted NI Availto Com Stockholders": 8691000.0,
        "Net Income Common Stockholders": 8691000.0,
        "Otherunder Preferred Stock Dividend": 22000.0,
        "Net Income": 8759000.0,
        "Net Income Including Noncontrolling Interests": 8759000.0,
        "Net Income Continuous Operations": 8759000.0,
        "Tax Provision": 2690000.0,
        "Pretax Income": 11449000.0,
        "Other Income Expense": 366000.0,
        "Other Non Operating Income Expenses": 366000.0,
        "Net Non Operating Interest Income Expense": -2139000.0,
        "Interest Expense Non Operating": 2156000.0,
        "Interest Income Non Operating": 17000.0,
        "Operating Income": 13222000.0,
        "Operating Expense": 12840000.0,
        "Research And Development": 1008000.0,
        "Selling General And Administration": 11832000.0,
        "Gross Profit": 26062000.0,
        "Cost Of Revenue": 117839000.0,
        "Total Revenue": 143901000.0,
        "Operating Revenue": 136641000.0
    },
    "2023-09-30": {
        "Tax Effect Of Unusual Items": 0.0,
        "Tax Rate For Calcs": 0.114767,
        "Normalized EBITDA": 21518000.0,
        "Net Income From Continuing Operation Net Minority Interest": 13128000.0,
        "Reconciled Depreciation": 4616000.0,
        "Reconciled Cost Of Revenue": 130814000.0,
        "EBITDA": 21518000.0,
        "EBIT": 16902000.0,
        "Net Interest Income": -2049000.0,
        "Interest Expense": 2072000.0,
        "Interest Income": 23000.0,
        "Normalized Income": 13128000.0,
        "Net Income From Continuing And Discontinued Operation": 13128000.0,
        "Total Expenses": 144454000.0,
        "Total Operating Income As Reported": 16142000.0,
        "Diluted Average Shares": 12798000.0,
        "Basic Average Shares": 12611000.0,
        "Diluted EPS": 1.02,
        "Basic EPS": 1.03,
        "Diluted NI Availto Com Stockholders": 13025000.0,
        "Net Income Common Stockholders": 13025000.0,
        "Otherunder Preferred Stock Dividend": 263000.0,
        "Net Income": 13128000.0,
        "Net Income Including Noncontrolling Interests": 13128000.0,
        "Net Income Continuous Operations": 13128000.0,
        "Tax Provision": 1702000.0,
        "Pretax Income": 14830000.0,
        "Other Income Expense": 737000.0,
        "Other Non Operating Income Expenses": 737000.0,
        "Net Non Operating Interest Income Expense": -2049000.0,
        "Interest Expense Non Operating": 2072000.0,
        "Interest Income Non Operating": 23000.0,
        "Operating Income": 16142000.0,
        "Operating Expense": 13640000.0,
        "Research And Development": 1098000.0,
        "Selling General And Administration": 12542000.0,
        "Gross Profit": 29782000.0,
        "Cost Of Revenue": 130814000.0,
        "Total Revenue": 160596000.0,
        "Operating Revenue": 153620000.0
    }
}