{
    "2023-03-31": {
        "Tax Effect Of Unusual Items": NaN,
        "Tax Rate For Calcs": NaN,
        "Normalized EBITDA": NaN,
        "Total Unusual Items": NaN,
        "Total Unusual Items Excluding Goodwill": NaN,
        "Net Income From Continuing Operation Net Minority Interest": NaN,
        "Reconciled Depreciation": NaN,
        "Reconciled Cost Of Revenue": NaN,
        "EBITDA": NaN,
        "EBIT": NaN,
        "Net Interest Income": NaN,
        "Interest Expense": NaN,
        "Normalized Income": NaN,
        "Net Income From Continuing And Discontinued Operation": NaN,
        "Total Expenses": NaN,
        "Total Operating Income As Reported": NaN,
        "Diluted Average Shares": 220501177.0,
        "Basic Average Shares": 212523221.0,
        "Diluted EPS": 0.04,
        "Basic EPS": 0.04,
        "Diluted NI Availto Com Stockholders": NaN,
        "Net Income Common Stockholders": NaN,
        "Net Income": NaN,
        "Net Income Including Noncontrolling Interests": NaN,
        "Net Income Continuous Operations": NaN,
        "Tax Provision": NaN,
        "Pretax Income": NaN,
        "Other Income Expense": NaN,
        "Other Non Operating Income Expenses": NaN,
        "Special Income Charges": NaN,
        "Other Special Charges": NaN,
        "Restructuring And Mergern Acquisition": NaN,
        "Net Non Operating Interest Income Expense": NaN,
        "Interest Expense Non Operating": NaN,
        "Operating Income": NaN,
        "Operating Expense": NaN,
        "Depreciation Amortization Depletion Income Statement": NaN,
        "Depreciation And Amortization In Income Statement": NaN,
        "Amortization": NaN,
        "Amortization Of Intangibles Income Statement": NaN,
        "Research And Development": NaN,
        "Selling General And Administration": NaN,
        "Gross Profit": NaN,
        "Cost Of Revenue": NaN,
        "Total Revenue": NaN,
        "Operating Revenue": NaN
    },
    "2022-12-31": {
        "Tax Effect Of Unusual Items": NaN,
        "Tax Rate For Calcs": NaN,
        "Normalized EBITDA": NaN,
        "Total Unusual Items": NaN,
        "Total Unusual Items Excluding Goodwill": NaN,
        "Net Income From Continuing Operation Net Minority Interest": NaN,
        "Reconciled Depreciation": NaN,
        "Reconciled Cost Of Revenue": NaN,
        "EBITDA": NaN,
        "EBIT": NaN,
        "Net Interest Income": NaN,
        "Interest Expense": NaN,
        "Normalized Income": NaN,
        "Net Income From Continuing And Discontinued Operation": NaN,
        "Total Expenses": NaN,
        "Total Operating Income As Reported": NaN,
        "Diluted Average Shares": 219958655.0,
        "Basic Average Shares": 211406214.0,
        "Diluted EPS": 0.07,
        "Basic EPS": 0.08,
        "Diluted NI Availto Com Stockholders": NaN,
        "Net Income Common Stockholders": NaN,
        "Net Income": NaN,
        "Net Income Including Noncontrolling Interests": NaN,
        "Net Income Continuous Operations": NaN,
        "Tax Provision": NaN,
        "Pretax Income": NaN,
        "Other Income Expense": NaN,
        "Other Non Operating Income Expenses": NaN,
        "Special Income Charges": NaN,
        "Restructuring And Mergern Acquisition": NaN,
        "Net Non Operating Interest Income Expense": NaN,
        "Interest Expense Non Operating": NaN,
        "Operating Income": NaN,
        "Operating Expense": NaN,
        "Depreciation Amortization Depletion Income Statement": NaN,
        "Depreciation And Amortization In Income Statement": NaN,
        "Amortization": NaN,
        "Amortization Of Intangibles Income Statement": NaN,
        "Research And Development": NaN,
        "Selling General And Administration": NaN,
        "Gross Profit": NaN,
        "Cost Of Revenue": NaN,
        "Total Revenue": NaN,
        "Operating Revenue": NaN
    },
    "2022-09-30": {
        "Tax Effect Of Unusual Items": -304854.783,
        "Tax Rate For Calcs": 0.133241,
        "Normalized EBITDA": 51383000.0,
        "Total Unusual Items": -2288000.0,
        "Total Unusual Items Excluding Goodwill": -2288000.0,
        "Net Income From Continuing Operation Net Minority Interest": 23087000.0,
        "Reconciled Depreciation": 8521000.0,
        "Reconciled Cost Of Revenue": 137483000.0,
        "EBITDA": 49095000.0,
        "EBIT": 40574000.0,
        "Net Interest Income": -13938000.0,
        "Interest Expense": 13938000.0,
        "Normalized Income": 25070145.217,
        "Net Income From Continuing And Discontinued Operation": 23087000.0,
        "Total Expenses": 202639000.0,
        "Total Operating Income As Reported": 40340000.0,
        "Diluted Average Shares": 222006615.0,
        "Basic Average Shares": 212905429.0,
        "Diluted EPS": 0.1,
        "Basic EPS": 0.11,
        "Diluted NI Availto Com Stockholders": 23087000.0,
        "Net Income Common Stockholders": 23087000.0,
        "Net Income": 23087000.0,
        "Net Income Including Noncontrolling Interests": 23087000.0,
        "Net Income Continuous Operations": 23087000.0,
        "Tax Provision": 3549000.0,
        "Pretax Income": 26636000.0,
        "Other Income Expense": -2054000.0,
        "Other Non Operating Income Expenses": 234000.0,
        "Special Income Charges": -2288000.0,
        "Restructuring And Mergern Acquisition": 2288000.0,
        "Net Non Operating Interest Income Expense": -13938000.0,
        "Interest Expense Non Operating": 13938000.0,
        "Operating Income": 42628000.0,
        "Operating Expense": 65156000.0,
        "Depreciation Amortization Depletion Income Statement": 8521000.0,
        "Depreciation And Amortization In Income Statement": 8521000.0,
        "Amortization": 8521000.0,
        "Amortization Of Intangibles Income Statement": 8521000.0,
        "Research And Development": 6142000.0,
        "Selling General And Administration": 50493000.0,
        "Gross Profit": 107784000.0,
        "Cost Of Revenue": 137483000.0,
        "Total Revenue": 245267000.0,
        "Operating Revenue": 245267000.0
    },
    "2022-06-30": {
        "Tax Effect Of Unusual Items": -1190540.0,
        "Tax Rate For Calcs": 0.241,
        "Normalized EBITDA": 117733000.0,
        "Total Unusual Items": -4940000.0,
        "Total Unusual Items Excluding Goodwill": -4940000.0,
        "Net Income From Continuing Operation Net Minority Interest": 66260000.0,
        "Reconciled Depreciation": 13849000.0,
        "Reconciled Cost Of Revenue": 203925000.0,
        "EBITDA": 112793000.0,
        "EBIT": 98944000.0,
        "Net Interest Income": -11605000.0,
        "Interest Expense": 11605000.0,
        "Normalized Income": 70009460.0,
        "Net Income From Continuing And Discontinued Operation": 66260000.0,
        "Total Expenses": 291754000.0,
        "Total Operating Income As Reported": 102748000.0,
        "Diluted Average Shares": 228642982.0,
        "Basic Average Shares": 218401182.0,
        "Diluted EPS": 0.29,
        "Basic EPS": 0.29,
        "Diluted NI Availto Com Stockholders": 66260000.0,
        "Net Income Common Stockholders": 66260000.0,
        "Net Income": 66260000.0,
        "Net Income Including Noncontrolling Interests": 66260000.0,
        "Net Income Continuous Operations": 66260000.0,
        "Tax Provision": 21079000.0,
        "Pretax Income": 87339000.0,
        "Other Income Expense": -8744000.0,
        "Other Non Operating Income Expenses": -3804000.0,
        "Special Income Charges": -4940000.0,
        "Restructuring And Mergern Acquisition": 4940000.0,
        "Net Non Operating Interest Income Expense": -11605000.0,
        "Interest Expense Non Operating": 11605000.0,
        "Operating Income": 107688000.0,
        "Operating Expense": 81677000.0,
        "Depreciation Amortization Depletion Income Statement": 7697000.0,
        "Depreciation And Amortization In Income Statement": 7697000.0,
        "Amortization": 7697000.0,
        "Amortization Of Intangibles Income Statement": 7697000.0,
        "Research And Development": 5033000.0,
        "Selling General And Administration": 68947000.0,
        "Gross Profit": 189365000.0,
        "Cost Of Revenue": 210077000.0,
        "Total Revenue": 399442000.0,
        "Operating Revenue": 399442000.0
    },
    "2023-06-30": {
        "Tax Effect Of Unusual Items": NaN,
        "Tax Rate For Calcs": NaN,
        "Normalized EBITDA": NaN,
        "Total Unusual Items": NaN,
        "Total Unusual Items Excluding Goodwill": NaN,
        "Net Income From Continuing Operation Net Minority Interest": NaN,
        "Reconciled Depreciation": NaN,
        "Reconciled Cost Of Revenue": NaN,
        "EBITDA": NaN,
        "EBIT": NaN,
        "Net Interest Income": NaN,
        "Interest Expense": NaN,
        "Interest Income": NaN,
        "Normalized Income": NaN,
        "Net Income From Continuing And Discontinued Operation": NaN,
        "Total Expenses": NaN,
        "Total Operating Income As Reported": NaN,
        "Diluted Average Shares": 220503544.0,
        "Basic Average Shares": 212861564.0,
        "Diluted EPS": 0.13,
        "Basic EPS": 0.14,
        "Diluted NI Availto Com Stockholders": NaN,
        "Net Income Common Stockholders": NaN,
        "Net Income": NaN,
        "Net Income Including Noncontrolling Interests": NaN,
        "Net Income Continuous Operations": NaN,
        "Tax Provision": NaN,
        "Pretax Income": NaN,
        "Other Income Expense": NaN,
        "Other Non Operating Income Expenses": NaN,
        "Special Income Charges": NaN,
        "Other Special Charges": NaN,
        "Restructuring And Mergern Acquisition": NaN,
        "Net Non Operating Interest Income Expense": NaN,
        "Total Other Finance Cost": NaN,
        "Interest Expense Non Operating": NaN,
        "Interest Income Non Operating": NaN,
        "Operating Income": NaN,
        "Operating Expense": NaN,
        "Depreciation Amortization Depletion Income Statement": NaN,
        "Depreciation And Amortization In Income Statement": NaN,
        "Amortization": NaN,
        "Amortization Of Intangibles Income Statement": NaN,
        "Research And Development": NaN,
        "Selling General And Administration": NaN,
        "Gross Profit": NaN,
        "Cost Of Revenue": NaN,
        "Total Revenue": NaN,
        "Operating Revenue": NaN
    },
    "2022-03-31": {
        "Diluted EPS": 0.3,
        "Total Revenue": 410,
        "Gross Profit": 190,
        "Operating Income": 106,
        "EBIT": 112,
        "Net Income": 74
    },
    "2021-12-31": {
        "Diluted EPS": 0.91,
        "Total Revenue": 352,
        "Gross Profit": 165,
        "Operating Income": 80,
        "EBIT": 94,
        "Net Income": 64
    },
    "2021-09-30": {
        "Diluted EPS": 0.21,
        "Total Revenue": 351,
        "Gross Profit": 162,
        "Operating Income": 78,
        "EBIT": 94,
        "Net Income": 50
    },
    "2021-06-30": {
        "Diluted EPS": 0.22,
        "Total Revenue": 364,
        "Gross Profit": 168,
        "Operating Income": 81,
        "EBIT": 96,
        "Net Income": 53
    },
    "2021-03-31": {
        "Diluted EPS": -0.85,
        "Total Revenue": 334,
        "Gross Profit": 160,
        "Operating Income": 80,
        "EBIT": 96,
        "Net Income": -49
    },
    "2020-12-31": {
        "Diluted EPS": 8.87,
        "Total Revenue": 261,
        "Gross Profit": 117,
        "Operating Income": 42,
        "EBIT": 59,
        "Net Income": 20
    },
    "2020-09-30": {
        "Diluted EPS": 0.07,
        "Total Revenue": 224,
        "Gross Profit": 106,
        "Operating Income": 35,
        "EBIT": 53,
        "Net Income": 15
    },
    "2020-06-30": {
        "Diluted EPS": 0.11,
        "Total Revenue": 220,
        "Gross Profit": 98,
        "Operating Income": 35,
        "EBIT": 52,
        "Net Income": 19
    },
    "2020-03-31": {
        "Diluted EPS": -8.8,
        "Total Revenue": 170,
        "Gross Profit": 76,
        "Operating Income": 13,
        "EBIT": 29,
        "Net Income": -11
    },
    "2019-12-31": {
        "Diluted EPS": 0.0,
        "Total Revenue": NaN,
        "Gross Profit": NaN,
        "Operating Income": NaN,
        "EBIT": NaN,
        "Net Income": NaN
    },
    "2023-09-30": {
        "Tax Effect Of Unusual Items": -703080.0,
        "Tax Rate For Calcs": 0.21,
        "Normalized EBITDA": 45765000.0,
        "Total Unusual Items": -3348000.0,
        "Total Unusual Items Excluding Goodwill": -3348000.0,
        "Net Income From Continuing Operation Net Minority Interest": 11788000.0,
        "Reconciled Depreciation": 13688000.0,
        "Reconciled Cost Of Revenue": 108728000.0,
        "EBITDA": 42417000.0,
        "EBIT": 28729000.0,
        "Net Interest Income": -17448000.0,
        "Interest Expense": 19200000.0,
        "Interest Income": 3000000.0,
        "Normalized Income": 14432920.0,
        "Net Income From Continuing And Discontinued Operation": 11788000.0,
        "Total Expenses": 188047000.0,
        "Total Operating Income As Reported": 28909000.0,
        "Diluted Average Shares": 220863228.0,
        "Basic Average Shares": 213416502.0,
        "Diluted EPS": 0.05,
        "Basic EPS": 0.06,
        "Diluted NI Availto Com Stockholders": 11788000.0,
        "Net Income Common Stockholders": 11788000.0,
        "Net Income": 11788000.0,
        "Net Income Including Noncontrolling Interests": 11788000.0,
        "Net Income Continuous Operations": 11788000.0,
        "Tax Provision": -2259000.0,
        "Pretax Income": 9529000.0,
        "Other Income Expense": -5280000.0,
        "Other Non Operating Income Expenses": -1932000.0,
        "Special Income Charges": -3348000.0,
        "Other Special Charges": NaN,
        "Restructuring And Mergern Acquisition": 3348000.0,
        "Net Non Operating Interest Income Expense": -17448000.0,
        "Total Other Finance Cost": 1248000.0,
        "Interest Expense Non Operating": 19200000.0,
        "Interest Income Non Operating": 3000000.0,
        "Operating Income": 32257000.0,
        "Operating Expense": 73154000.0,
        "Depreciation Amortization Depletion Income Statement": 7523000.0,
        "Depreciation And Amortization In Income Statement": 7523000.0,
        "Amortization": 7523000.0,
        "Amortization Of Intangibles Income Statement": 7523000.0,
        "Research And Development": 6177000.0,
        "Selling General And Administration": 59454000.0,
        "Gross Profit": 105411000.0,
        "Cost Of Revenue": 114893000.0,
        "Total Revenue": 220304000.0,
        "Operating Revenue": 220304000.0
    },
    "2023-12-31": {
        "Tax Effect Of Unusual Items": -1441245.2613,
        "Tax Rate For Calcs": 0.206098,
        "Normalized EBITDA": 75988000.0,
        "Total Unusual Items": -6993000.0,
        "Total Unusual Items Excluding Goodwill": -6993000.0,
        "Net Income From Continuing Operation Net Minority Interest": 31036000.0,
        "Reconciled Depreciation": 12241000.0,
        "Reconciled Cost Of Revenue": 136674000.0,
        "EBITDA": 68995000.0,
        "EBIT": 56754000.0,
        "Net Interest Income": -15261000.0,
        "Interest Expense": 17661000.0,
        "Interest Income": NaN,
        "Normalized Income": 36587754.7387,
        "Net Income From Continuing And Discontinued Operation": 31036000.0,
        "Total Expenses": 215985000.0,
        "Total Operating Income As Reported": 55491000.0,
        "Diluted Average Shares": NaN,
        "Basic Average Shares": NaN,
        "Diluted EPS": NaN,
        "Basic EPS": NaN,
        "Diluted NI Availto Com Stockholders": 31036000.0,
        "Net Income Common Stockholders": 31036000.0,
        "Net Income": 31036000.0,
        "Net Income Including Noncontrolling Interests": 31036000.0,
        "Net Income Continuous Operations": 31036000.0,
        "Tax Provision": 8057000.0,
        "Pretax Income": 39093000.0,
        "Other Income Expense": -5746000.0,
        "Other Non Operating Income Expenses": 1247000.0,
        "Special Income Charges": -6993000.0,
        "Other Special Charges": NaN,
        "Restructuring And Mergern Acquisition": 6993000.0,
        "Net Non Operating Interest Income Expense": -15261000.0,
        "Total Other Finance Cost": NaN,
        "Interest Expense Non Operating": 17661000.0,
        "Interest Income Non Operating": NaN,
        "Operating Income": 62484000.0,
        "Operating Expense": 74654000.0,
        "Depreciation Amortization Depletion Income Statement": 7584000.0,
        "Depreciation And Amortization In Income Statement": 7584000.0,
        "Amortization": 7584000.0,
        "Amortization Of Intangibles Income Statement": 7584000.0,
        "Research And Development": 5520000.0,
        "Selling General And Administration": 61550000.0,
        "Gross Profit": 137138000.0,
        "Cost Of Revenue": 141331000.0,
        "Total Revenue": 278469000.0,
        "Operating Revenue": 278469000.0
    },
    "2024-03-31": {
        "Tax Effect Of Unusual Items": -119952.0,
        "Tax Rate For Calcs": 0.238,
        "Normalized EBITDA": 44854000.0,
        "Total Unusual Items": -504000.0,
        "Total Unusual Items Excluding Goodwill": -504000.0,
        "Net Income From Continuing Operation Net Minority Interest": 9840000.0,
        "Reconciled Depreciation": 12853000.0,
        "Reconciled Cost Of Revenue": 102037000.0,
        "EBITDA": 44350000.0,
        "EBIT": 31497000.0,
        "Net Interest Income": -18592000.0,
        "Interest Expense": 18592000.0,
        "Interest Income": NaN,
        "Normalized Income": 10224048.0,
        "Net Income From Continuing And Discontinued Operation": 9840000.0,
        "Total Expenses": 181206000.0,
        "Total Operating Income As Reported": 30859000.0,
        "Diluted Average Shares": 221076443.0,
        "Basic Average Shares": 214357439.0,
        "Diluted EPS": 0.04,
        "Basic EPS": 0.05,
        "Diluted NI Availto Com Stockholders": 9840000.0,
        "Net Income Common Stockholders": 9840000.0,
        "Net Income": 9840000.0,
        "Net Income Including Noncontrolling Interests": 9840000.0,
        "Net Income Continuous Operations": 9840000.0,
        "Tax Provision": 3065000.0,
        "Pretax Income": 12905000.0,
        "Other Income Expense": 134000.0,
        "Other Non Operating Income Expenses": 638000.0,
        "Special Income Charges": -504000.0,
        "Other Special Charges": NaN,
        "Restructuring And Mergern Acquisition": 504000.0,
        "Net Non Operating Interest Income Expense": -18592000.0,
        "Total Other Finance Cost": NaN,
        "Interest Expense Non Operating": 18592000.0,
        "Interest Income Non Operating": NaN,
        "Operating Income": 31363000.0,
        "Operating Expense": 73216000.0,
        "Depreciation Amortization Depletion Income Statement": 6900000.0,
        "Depreciation And Amortization In Income Statement": 6900000.0,
        "Amortization": 6900000.0,
        "Amortization Of Intangibles Income Statement": 6900000.0,
        "Research And Development": 6302000.0,
        "Selling General And Administration": 60014000.0,
        "Gross Profit": 104579000.0,
        "Cost Of Revenue": 107990000.0,
        "Total Revenue": 212569000.0,
        "Operating Revenue": 212569000.0
    },
    "2024-06-30": {
        "Tax Effect Of Unusual Items": -1147235.0,
        "Tax Rate For Calcs": 0.199,
        "Normalized EBITDA": 82770000.0,
        "Total Unusual Items": -5765000.0,
        "Total Unusual Items Excluding Goodwill": -5765000.0,
        "Net Income From Continuing Operation Net Minority Interest": 37581000.0,
        "Reconciled Depreciation": 13260000.0,
        "Reconciled Cost Of Revenue": 132995000.0,
        "EBITDA": 77005000.0,
        "EBIT": 63745000.0,
        "Net Interest Income": -16799000.0,
        "Interest Expense": 16799000.0,
        "Interest Income": NaN,
        "Normalized Income": 42198765.0,
        "Net Income From Continuing And Discontinued Operation": 37581000.0,
        "Total Expenses": 215529000.0,
        "Total Operating Income As Reported": 68025000.0,
        "Diluted Average Shares": 221259232.0,
        "Basic Average Shares": 214915338.0,
        "Diluted EPS": 0.17,
        "Basic EPS": 0.17,
        "Diluted NI Availto Com Stockholders": 37581000.0,
        "Net Income Common Stockholders": 37581000.0,
        "Net Income": 37581000.0,
        "Net Income Including Noncontrolling Interests": 37581000.0,
        "Net Income Continuous Operations": 37581000.0,
        "Tax Provision": 9365000.0,
        "Pretax Income": 46946000.0,
        "Other Income Expense": -5119000.0,
        "Other Non Operating Income Expenses": 646000.0,
        "Special Income Charges": -5765000.0,
        "Other Special Charges": 4926000.0,
        "Restructuring And Mergern Acquisition": 839000.0,
        "Net Non Operating Interest Income Expense": -16799000.0,
        "Total Other Finance Cost": NaN,
        "Interest Expense Non Operating": 16799000.0,
        "Interest Income Non Operating": NaN,
        "Operating Income": 68864000.0,
        "Operating Expense": 76223000.0,
        "Depreciation Amortization Depletion Income Statement": 6949000.0,
        "Depreciation And Amortization In Income Statement": 6949000.0,
        "Amortization": 6949000.0,
        "Amortization Of Intangibles Income Statement": 6949000.0,
        "Research And Development": 6119000.0,
        "Selling General And Administration": 63155000.0,
        "Gross Profit": 145087000.0,
        "Cost Of Revenue": 139306000.0,
        "Total Revenue": 284393000.0,
        "Operating Revenue": 284393000.0
    },
    "2024-09-30": {
        "Tax Effect Of Unusual Items": -241595.0,
        "Tax Rate For Calcs": 0.211,
        "Normalized EBITDA": 52072000.0,
        "Total Unusual Items": -1145000.0,
        "Total Unusual Items Excluding Goodwill": -1145000.0,
        "Net Income From Continuing Operation Net Minority Interest": 16501000.0,
        "Reconciled Depreciation": 14115000.0,
        "Reconciled Cost Of Revenue": 107935000.0,
        "EBITDA": 50927000.0,
        "EBIT": 36812000.0,
        "Net Interest Income": -13209000.0,
        "Interest Expense": 15900000.0,
        "Interest Income": 3700000.0,
        "Normalized Income": 17404405.0,
        "Net Income From Continuing And Discontinued Operation": 16501000.0,
        "Total Expenses": 193008000.0,
        "Total Operating Income As Reported": 33416000.0,
        "Diluted Average Shares": 221436206.0,
        "Basic Average Shares": 215231886.0,
        "Diluted EPS": 0.07,
        "Basic EPS": 0.08,
        "Diluted NI Availto Com Stockholders": 16501000.0,
        "Net Income Common Stockholders": 16501000.0,
        "Net Income": 16501000.0,
        "Net Income Including Noncontrolling Interests": 16501000.0,
        "Net Income Continuous Operations": 16501000.0,
        "Tax Provision": 4411000.0,
        "Pretax Income": 20912000.0,
        "Other Income Expense": -440000.0,
        "Other Non Operating Income Expenses": 705000.0,
        "Special Income Charges": -1145000.0,
        "Other Special Charges": NaN,
        "Restructuring And Mergern Acquisition": 1145000.0,
        "Net Non Operating Interest Income Expense": -13209000.0,
        "Total Other Finance Cost": 1009000.0,
        "Interest Expense Non Operating": 15900000.0,
        "Interest Income Non Operating": 3700000.0,
        "Operating Income": 34561000.0,
        "Operating Expense": 78534000.0,
        "Depreciation Amortization Depletion Income Statement": 7576000.0,
        "Depreciation And Amortization In Income Statement": 7576000.0,
        "Amortization": 7576000.0,
        "Amortization Of Intangibles Income Statement": 7576000.0,
        "Research And Development": 6449000.0,
        "Selling General And Administration": 64509000.0,
        "Gross Profit": 113095000.0,
        "Cost Of Revenue": 114474000.0,
        "Total Revenue": 227569000.0,
        "Operating Revenue": 227569000.0
    }
}