{
    "2023-06-30": {
        "Tax Effect Of Unusual Items": 0.0,
        "Tax Rate For Calcs": 0.193,
        "Total Unusual Items": NaN,
        "Total Unusual Items Excluding Goodwill": NaN,
        "Net Income From Continuing Operation Net Minority Interest": 559000000.0,
        "Reconciled Depreciation": 202000000.0,
        "Net Interest Income": 1346000000.0,
        "Interest Expense": 879000000.0,
        "Interest Income": 2225000000.0,
        "Normalized Income": 559000000.0,
        "Net Income From Continuing And Discontinued Operation": 559000000.0,
        "Diluted Average Shares": 1465720000.0,
        "Basic Average Shares": 1446372000.0,
        "Diluted EPS": 0.35,
        "Basic EPS": 0.36,
        "Diluted NI Availto Com Stockholders": 519000000.0,
        "Net Income Common Stockholders": 519000000.0,
        "Preferred Stock Dividends": 40000000.0,
        "Net Income": 559000000.0,
        "Minority Interests": -6000000.0,
        "Net Income Including Noncontrolling Interests": 565000000.0,
        "Net Income Continuous Operations": 565000000.0,
        "Tax Provision": 134000000.0,
        "Pretax Income": 699000000.0,
        "Special Income Charges": NaN,
        "Restructuring And Mergern Acquisition": NaN,
        "Gain On Sale Of Security": -5000000.0,
        "Depreciation Amortization Depletion Income Statement": 21000000.0,
        "Depreciation And Amortization In Income Statement": 21000000.0,
        "Amortization": 13000000.0,
        "Amortization Of Intangibles Income Statement": 13000000.0,
        "Depreciation Income Statement": 8000000.0,
        "Selling General And Administration": 668000000.0,
        "Selling And Marketing Expense": 32000000.0,
        "General And Administrative Expense": 636000000.0,
        "Insurance And Claims": 23000000.0,
        "Salaries And Wages": 613000000.0,
        "Total Revenue": 1841000000.0,
        "Operating Revenue": 1841000000.0
    },
    "2023-03-31": {
        "Tax Effect Of Unusual Items": 0.0,
        "Tax Rate For Calcs": 0.192,
        "Total Unusual Items": NaN,
        "Total Unusual Items Excluding Goodwill": NaN,
        "Net Income From Continuing Operation Net Minority Interest": 602000000.0,
        "Reconciled Depreciation": 142000000.0,
        "Net Interest Income": 1409000000.0,
        "Interest Expense": 619000000.0,
        "Interest Income": 2028000000.0,
        "Normalized Income": 602000000.0,
        "Net Income From Continuing And Discontinued Operation": 602000000.0,
        "Diluted Average Shares": 1469279000.0,
        "Basic Average Shares": 1443268000.0,
        "Diluted EPS": 0.39,
        "Basic EPS": 0.4,
        "Diluted NI Availto Com Stockholders": 573000000.0,
        "Net Income Common Stockholders": 573000000.0,
        "Preferred Stock Dividends": 29000000.0,
        "Net Income": 602000000.0,
        "Minority Interests": -4000000.0,
        "Net Income Including Noncontrolling Interests": 606000000.0,
        "Net Income Continuous Operations": 606000000.0,
        "Tax Provision": 144000000.0,
        "Pretax Income": 750000000.0,
        "Special Income Charges": NaN,
        "Restructuring And Mergern Acquisition": NaN,
        "Gain On Sale Of Security": 1000000.0,
        "Depreciation Amortization Depletion Income Statement": 21000000.0,
        "Depreciation And Amortization In Income Statement": 21000000.0,
        "Amortization": 13000000.0,
        "Amortization Of Intangibles Income Statement": 13000000.0,
        "Depreciation Income Statement": 8000000.0,
        "Selling General And Administration": 694000000.0,
        "Selling And Marketing Expense": 25000000.0,
        "General And Administrative Expense": 669000000.0,
        "Insurance And Claims": 20000000.0,
        "Salaries And Wages": 649000000.0,
        "Total Revenue": 1921000000.0,
        "Operating Revenue": 1921000000.0
    },
    "2022-12-31": {
        "Tax Effect Of Unusual Items": -2723833.543506,
        "Tax Rate For Calcs": 0.181589,
        "Total Unusual Items": -15000000.0,
        "Total Unusual Items Excluding Goodwill": -15000000.0,
        "Net Income From Continuing Operation Net Minority Interest": 645000000.0,
        "Reconciled Depreciation": 129000000.0,
        "Net Interest Income": 1462000000.0,
        "Interest Expense": 392000000.0,
        "Interest Income": 1854000000.0,
        "Normalized Income": 657276166.456494,
        "Net Income From Continuing And Discontinued Operation": 645000000.0,
        "Diluted Average Shares": 1468000000.0,
        "Basic Average Shares": 1443000000.0,
        "Diluted EPS": 0.42,
        "Basic EPS": 0.43,
        "Diluted NI Availto Com Stockholders": 617000000.0,
        "Net Income Common Stockholders": 617000000.0,
        "Preferred Stock Dividends": 28000000.0,
        "Net Income": 645000000.0,
        "Minority Interests": -4000000.0,
        "Net Income Including Noncontrolling Interests": 649000000.0,
        "Net Income Continuous Operations": 649000000.0,
        "Tax Provision": 144000000.0,
        "Pretax Income": 793000000.0,
        "Special Income Charges": -15000000.0,
        "Restructuring And Mergern Acquisition": 15000000.0,
        "Gain On Sale Of Security": 0.0,
        "Depreciation Amortization Depletion Income Statement": 22000000.0,
        "Depreciation And Amortization In Income Statement": 22000000.0,
        "Amortization": 13000000.0,
        "Amortization Of Intangibles Income Statement": 13000000.0,
        "Depreciation Income Statement": 9000000.0,
        "Selling General And Administration": 666000000.0,
        "Selling And Marketing Expense": 22000000.0,
        "General And Administrative Expense": 644000000.0,
        "Insurance And Claims": 14000000.0,
        "Salaries And Wages": 630000000.0,
        "Total Revenue": 1961000000.0,
        "Operating Revenue": 1961000000.0
    },
    "2022-09-30": {
        "Tax Effect Of Unusual Items": 0.0,
        "Tax Rate For Calcs": 0.197,
        "Total Unusual Items": -10000000.0,
        "Total Unusual Items Excluding Goodwill": -10000000.0,
        "Net Income From Continuing Operation Net Minority Interest": 594000000.0,
        "Reconciled Depreciation": 24000000.0,
        "Net Interest Income": 1404000000.0,
        "Interest Expense": 185000000.0,
        "Interest Income": 1589000000.0,
        "Normalized Income": 594000000.0,
        "Net Income From Continuing And Discontinued Operation": 594000000.0,
        "Diluted Average Shares": 1465000000.0,
        "Basic Average Shares": 1443000000.0,
        "Diluted EPS": 0.39,
        "Basic EPS": 0.39,
        "Diluted NI Availto Com Stockholders": 565000000.0,
        "Net Income Common Stockholders": 565000000.0,
        "Preferred Stock Dividends": 29000000.0,
        "Net Income": 594000000.0,
        "Minority Interests": -3000000.0,
        "Net Income Including Noncontrolling Interests": 597000000.0,
        "Net Income Continuous Operations": 597000000.0,
        "Tax Provision": 146000000.0,
        "Pretax Income": 743000000.0,
        "Special Income Charges": -10000000.0,
        "Restructuring And Mergern Acquisition": 10000000.0,
        "Gain On Sale Of Security": 0.0,
        "Depreciation Amortization Depletion Income Statement": 24000000.0,
        "Depreciation And Amortization In Income Statement": 24000000.0,
        "Amortization": 13000000.0,
        "Amortization Of Intangibles Income Statement": 13000000.0,
        "Depreciation Income Statement": 11000000.0,
        "Selling General And Administration": 653000000.0,
        "Selling And Marketing Expense": 24000000.0,
        "General And Administrative Expense": 629000000.0,
        "Insurance And Claims": 15000000.0,
        "Salaries And Wages": 614000000.0,
        "Total Revenue": 1902000000.0,
        "Operating Revenue": 1902000000.0
    },
    "2022-06-30": {
        "Tax Effect Of Unusual Items": 0.0,
        "Tax Rate For Calcs": 0.181,
        "Total Unusual Items": -24000000.0,
        "Total Unusual Items Excluding Goodwill": -24000000.0,
        "Net Income From Continuing Operation Net Minority Interest": 539000000.0,
        "Reconciled Depreciation": 24000000.0,
        "Net Interest Income": 1261000000.0,
        "Interest Expense": 70000000.0,
        "Interest Income": 1331000000.0,
        "Normalized Income": 539000000.0,
        "Net Income From Continuing And Discontinued Operation": 539000000.0,
        "Diluted Average Shares": 1463293000.0,
        "Basic Average Shares": 1441200000.0,
        "Diluted EPS": 0.35,
        "Basic EPS": 0.35,
        "Diluted NI Availto Com Stockholders": 511000000.0,
        "Net Income Common Stockholders": 511000000.0,
        "Preferred Stock Dividends": 28000000.0,
        "Net Income": 539000000.0,
        "Minority Interests": -2000000.0,
        "Net Income Including Noncontrolling Interests": 541000000.0,
        "Net Income Continuous Operations": 541000000.0,
        "Tax Provision": 120000000.0,
        "Pretax Income": 661000000.0,
        "Special Income Charges": -24000000.0,
        "Restructuring And Mergern Acquisition": 24000000.0,
        "Gain On Sale Of Security": 0.0,
        "Depreciation Amortization Depletion Income Statement": 24000000.0,
        "Depreciation And Amortization In Income Statement": 24000000.0,
        "Amortization": 13000000.0,
        "Amortization Of Intangibles Income Statement": 13000000.0,
        "Depreciation Income Statement": 11000000.0,
        "Selling General And Administration": 621000000.0,
        "Selling And Marketing Expense": 24000000.0,
        "General And Administrative Expense": 597000000.0,
        "Insurance And Claims": 20000000.0,
        "Salaries And Wages": 577000000.0,
        "Total Revenue": 1746000000.0,
        "Operating Revenue": 1746000000.0
    },
    "2022-03-31": {
        "Diluted EPS": 0.29,
        "Total Revenue": NaN,
        "Gross Profit": NaN,
        "Operating Income": 567,
        "EBIT": NaN,
        "Net Income": 432
    },
    "2021-12-31": {
        "Diluted EPS": 0.25,
        "Total Revenue": NaN,
        "Gross Profit": NaN,
        "Operating Income": 490,
        "EBIT": NaN,
        "Net Income": 377
    },
    "2021-09-30": {
        "Diluted EPS": 0.22,
        "Total Revenue": NaN,
        "Gross Profit": NaN,
        "Operating Income": 468,
        "EBIT": NaN,
        "Net Income": 333
    },
    "2021-06-30": {
        "Diluted EPS": -0.05,
        "Total Revenue": NaN,
        "Gross Profit": NaN,
        "Operating Income": -1,
        "EBIT": NaN,
        "Net Income": -58
    },
    "2021-03-31": {
        "Diluted EPS": 0.48,
        "Total Revenue": NaN,
        "Gross Profit": NaN,
        "Operating Income": 634,
        "EBIT": NaN,
        "Net Income": 501
    },
    "2020-12-31": {
        "Diluted EPS": 0.26,
        "Total Revenue": NaN,
        "Gross Profit": NaN,
        "Operating Income": 375,
        "EBIT": NaN,
        "Net Income": 281
    },
    "2020-09-30": {
        "Diluted EPS": 0.27,
        "Total Revenue": NaN,
        "Gross Profit": NaN,
        "Operating Income": 358,
        "EBIT": NaN,
        "Net Income": 275
    },
    "2020-06-30": {
        "Diluted EPS": 0.13,
        "Total Revenue": NaN,
        "Gross Profit": NaN,
        "Operating Income": 181,
        "EBIT": NaN,
        "Net Income": 131
    },
    "2020-03-31": {
        "Diluted EPS": 0.03,
        "Total Revenue": NaN,
        "Gross Profit": NaN,
        "Operating Income": 58,
        "EBIT": NaN,
        "Net Income": 30
    },
    "2019-12-31": {
        "Diluted EPS": 0.28,
        "Total Revenue": NaN,
        "Gross Profit": NaN,
        "Operating Income": 372,
        "EBIT": NaN,
        "Net Income": 298
    },
    "2019-09-30": {
        "Diluted EPS": 0.34,
        "Total Revenue": NaN,
        "Gross Profit": NaN,
        "Operating Income": 439,
        "EBIT": NaN,
        "Net Income": 354
    },
    "2019-06-30": {
        "Diluted EPS": 0.33,
        "Total Revenue": NaN,
        "Gross Profit": NaN,
        "Operating Income": 427,
        "EBIT": NaN,
        "Net Income": 346
    },
    "2019-03-31": {
        "Diluted EPS": 0.32,
        "Total Revenue": NaN,
        "Gross Profit": NaN,
        "Operating Income": 421,
        "EBIT": NaN,
        "Net Income": 339
    },
    "2018-12-31": {
        "Diluted EPS": 0.29,
        "Total Revenue": NaN,
        "Gross Profit": NaN,
        "Operating Income": 391,
        "EBIT": NaN,
        "Net Income": 315
    },
    "2018-09-30": {
        "Diluted EPS": 0.33,
        "Total Revenue": NaN,
        "Gross Profit": NaN,
        "Operating Income": 440,
        "EBIT": NaN,
        "Net Income": 360
    },
    "2018-06-30": {
        "Diluted EPS": 0.3,
        "Total Revenue": NaN,
        "Gross Profit": NaN,
        "Operating Income": 412,
        "EBIT": NaN,
        "Net Income": 334
    },
    "2018-03-31": {
        "Diluted EPS": 0.28,
        "Total Revenue": NaN,
        "Gross Profit": NaN,
        "Operating Income": 385,
        "EBIT": NaN,
        "Net Income": 314
    },
    "2017-12-31": {
        "Diluted EPS": 0.37,
        "Total Revenue": NaN,
        "Gross Profit": NaN,
        "Operating Income": 411,
        "EBIT": NaN,
        "Net Income": 412
    },
    "2017-09-30": {
        "Diluted EPS": 0.23,
        "Total Revenue": NaN,
        "Gross Profit": NaN,
        "Operating Income": 365,
        "EBIT": NaN,
        "Net Income": 256
    },
    "2017-06-30": {
        "Diluted EPS": 0.23,
        "Total Revenue": NaN,
        "Gross Profit": NaN,
        "Operating Income": 351,
        "EBIT": NaN,
        "Net Income": 253
    },
    "2017-03-31": {
        "Diluted EPS": 0.17,
        "Total Revenue": NaN,
        "Gross Profit": NaN,
        "Operating Income": 267,
        "EBIT": NaN,
        "Net Income": 189
    },
    "2016-12-31": {
        "Diluted EPS": 0.2,
        "Total Revenue": NaN,
        "Gross Profit": NaN,
        "Operating Income": 313,
        "EBIT": NaN,
        "Net Income": 221
    },
    "2016-09-30": {
        "Diluted EPS": 0.11,
        "Total Revenue": 997,
        "Gross Profit": 928,
        "Operating Income": 152,
        "EBIT": NaN,
        "Net Income": 108
    },
    "2016-06-30": {
        "Diluted EPS": 0.19,
        "Total Revenue": 837,
        "Gross Profit": 777,
        "Operating Income": 229,
        "EBIT": NaN,
        "Net Income": 155
    },
    "2016-03-31": {
        "Diluted EPS": 0.2,
        "Total Revenue": 799,
        "Gross Profit": 745,
        "Operating Income": 226,
        "EBIT": NaN,
        "Net Income": 163
    },
    "2015-12-31": {
        "Diluted EPS": 0.21,
        "Total Revenue": 817,
        "Gross Profit": 770,
        "Operating Income": 234,
        "EBIT": NaN,
        "Net Income": 170
    },
    "2015-09-30": {
        "Diluted EPS": 0.18,
        "Total Revenue": 792,
        "Gross Profit": 749,
        "Operating Income": 200,
        "EBIT": NaN,
        "Net Income": 145
    },
    "2015-06-30": {
        "Diluted EPS": 0.23,
        "Total Revenue": 812,
        "Gross Profit": 772,
        "Operating Income": 260,
        "EBIT": NaN,
        "Net Income": 188
    },
    "2015-03-31": {
        "Diluted EPS": 0.19,
        "Total Revenue": 734,
        "Gross Profit": 699,
        "Operating Income": 220,
        "EBIT": NaN,
        "Net Income": 158
    },
    "2014-12-31": {
        "Diluted EPS": 0.18,
        "Total Revenue": 741,
        "Gross Profit": 707,
        "Operating Income": 221,
        "EBIT": NaN,
        "Net Income": 156
    },
    "2014-09-30": {
        "Diluted EPS": 0.18,
        "Total Revenue": 748,
        "Gross Profit": 714,
        "Operating Income": 209,
        "EBIT": NaN,
        "Net Income": 147
    },
    "2014-06-30": {
        "Diluted EPS": 0.19,
        "Total Revenue": 745,
        "Gross Profit": 710,
        "Operating Income": 222,
        "EBIT": NaN,
        "Net Income": 157
    },
    "2014-03-31": {
        "Diluted EPS": 0.17,
        "Total Revenue": 721,
        "Gross Profit": 686,
        "Operating Income": 201,
        "EBIT": NaN,
        "Net Income": 141
    },
    "2013-12-31": {
        "Diluted EPS": 0.18,
        "Total Revenue": 720,
        "Gross Profit": 681,
        "Operating Income": 210,
        "EBIT": NaN,
        "Net Income": 150
    },
    "2013-09-30": {
        "Diluted EPS": 0.2,
        "Total Revenue": 717,
        "Gross Profit": 679,
        "Operating Income": 244,
        "EBIT": NaN,
        "Net Income": 171
    },
    "2013-06-30": {
        "Diluted EPS": 0.17,
        "Total Revenue": 715,
        "Gross Profit": 677,
        "Operating Income": 206,
        "EBIT": NaN,
        "Net Income": 143
    },
    "2013-03-31": {
        "Diluted EPS": 0.17,
        "Total Revenue": 722,
        "Gross Profit": 681,
        "Operating Income": 208,
        "EBIT": NaN,
        "Net Income": 145
    },
    "2012-12-31": {
        "Diluted EPS": 0.16,
        "Total Revenue": 785,
        "Gross Profit": 740,
        "Operating Income": 216,
        "EBIT": NaN,
        "Net Income": 150
    },
    "2012-09-30": {
        "Diluted EPS": 0.19,
        "Total Revenue": 745,
        "Gross Profit": 691,
        "Operating Income": 196,
        "EBIT": NaN,
        "Net Income": 160
    },
    "2012-06-30": {
        "Diluted EPS": 0.17,
        "Total Revenue": 741,
        "Gross Profit": 683,
        "Operating Income": 202,
        "EBIT": NaN,
        "Net Income": 145
    },
    "2012-03-31": {
        "Diluted EPS": 0.17,
        "Total Revenue": 765,
        "Gross Profit": 703,
        "Operating Income": 205,
        "EBIT": NaN,
        "Net Income": 145
    },
    "2011-12-31": {
        "Diluted EPS": 0.13,
        "Total Revenue": 715,
        "Gross Profit": 644,
        "Operating Income": 156,
        "EBIT": NaN,
        "Net Income": 119
    },
    "2011-09-30": {
        "Diluted EPS": 0.16,
        "Total Revenue": 750,
        "Gross Profit": 665,
        "Operating Income": 182,
        "EBIT": NaN,
        "Net Income": 136
    },
    "2011-06-30": {
        "Diluted EPS": 0.16,
        "Total Revenue": 748,
        "Gross Profit": 659,
        "Operating Income": 195,
        "EBIT": NaN,
        "Net Income": 138
    },
    "2011-03-31": {
        "Diluted EPS": 0.14,
        "Total Revenue": 739,
        "Gross Profit": 641,
        "Operating Income": 161,
        "EBIT": NaN,
        "Net Income": 119
    },
    "2010-12-31": {
        "Diluted EPS": 0.05,
        "Total Revenue": 793,
        "Gross Profit": 680,
        "Operating Income": 158,
        "EBIT": NaN,
        "Net Income": 39
    },
    "2010-09-30": {
        "Diluted EPS": 0.1,
        "Total Revenue": 802,
        "Gross Profit": 677,
        "Operating Income": 131,
        "EBIT": NaN,
        "Net Income": 71
    },
    "2010-06-30": {
        "Diluted EPS": 0.03,
        "Total Revenue": 805,
        "Gross Profit": 669,
        "Operating Income": 62,
        "EBIT": NaN,
        "Net Income": 19
    },
    "2010-03-31": {
        "Diluted EPS": 0.01,
        "Total Revenue": 788,
        "Gross Profit": 635,
        "Operating Income": 2,
        "EBIT": NaN,
        "Net Income": 10
    },
    "2009-12-31": {
        "Diluted EPS": 1.38,
        "Total Revenue": 796,
        "Gross Profit": 619,
        "Operating Income": -598,
        "EBIT": NaN,
        "Net Income": -399
    },
    "2009-09-30": {
        "Diluted EPS": -0.33,
        "Total Revenue": 810,
        "Gross Profit": 619,
        "Operating Income": -257,
        "EBIT": NaN,
        "Net Income": -195
    },
    "2009-06-30": {
        "Diluted EPS": -0.4,
        "Total Revenue": 829,
        "Gross Profit": 616,
        "Operating Income": -138,
        "EBIT": NaN,
        "Net Income": -183
    },
    "2009-03-31": {
        "Diluted EPS": -6.79,
        "Total Revenue": 809,
        "Gross Profit": 577,
        "Operating Income": NaN,
        "EBIT": NaN,
        "Net Income": NaN
    },
    "2023-09-30": {
        "Tax Effect Of Unusual Items": -1581395.348837,
        "Tax Rate For Calcs": 0.197674,
        "Total Unusual Items": -8000000.0,
        "Total Unusual Items Excluding Goodwill": -8000000.0,
        "Net Income From Continuing Operation Net Minority Interest": 547000000.0,
        "Reconciled Depreciation": 214000000.0,
        "Net Interest Income": 1368000000.0,
        "Interest Expense": 945000000.0,
        "Interest Income": 2313000000.0,
        "Normalized Income": 553418604.651163,
        "Net Income From Continuing And Discontinued Operation": 547000000.0,
        "Diluted Average Shares": 1467611000.0,
        "Basic Average Shares": 1447993000.0,
        "Diluted EPS": 0.35,
        "Basic EPS": 0.35,
        "Diluted NI Availto Com Stockholders": 510000000.0,
        "Net Income Common Stockholders": 510000000.0,
        "Preferred Stock Dividends": 37000000.0,
        "Net Income": 547000000.0,
        "Minority Interests": -5000000.0,
        "Net Income Including Noncontrolling Interests": 552000000.0,
        "Net Income Continuous Operations": 552000000.0,
        "Tax Provision": 136000000.0,
        "Pretax Income": 688000000.0,
        "Special Income Charges": -8000000.0,
        "Restructuring And Mergern Acquisition": 8000000.0,
        "Gain On Sale Of Security": 0.0,
        "Depreciation Amortization Depletion Income Statement": 18000000.0,
        "Depreciation And Amortization In Income Statement": 18000000.0,
        "Amortization": 12000000.0,
        "Amortization Of Intangibles Income Statement": 12000000.0,
        "Depreciation Income Statement": 6000000.0,
        "Selling General And Administration": 676000000.0,
        "Selling And Marketing Expense": 29000000.0,
        "General And Administrative Expense": 647000000.0,
        "Insurance And Claims": 25000000.0,
        "Salaries And Wages": 622000000.0,
        "Total Revenue": 1877000000.0,
        "Operating Revenue": 1877000000.0
    },
    "2023-12-31": {
        "Tax Effect Of Unusual Items": 0.0,
        "Tax Rate For Calcs": 0.21,
        "Total Unusual Items": NaN,
        "Total Unusual Items Excluding Goodwill": NaN,
        "Net Income From Continuing Operation Net Minority Interest": 243000000.0,
        "Reconciled Depreciation": 240000000.0,
        "Net Interest Income": 1316000000.0,
        "Interest Expense": 1034000000.0,
        "Interest Income": 2350000000.0,
        "Normalized Income": 243000000.0,
        "Net Income From Continuing And Discontinued Operation": 243000000.0,
        "Diluted Average Shares": 1469000000.0,
        "Basic Average Shares": 1448000000.0,
        "Diluted EPS": 0.15,
        "Basic EPS": 0.15,
        "Diluted NI Availto Com Stockholders": 215000000.0,
        "Net Income Common Stockholders": 215000000.0,
        "Preferred Stock Dividends": 36000000.0,
        "Net Income": 243000000.0,
        "Minority Interests": -5000000.0,
        "Net Income Including Noncontrolling Interests": 248000000.0,
        "Net Income Continuous Operations": 248000000.0,
        "Tax Provision": -1000000.0,
        "Pretax Income": 247000000.0,
        "Special Income Charges": NaN,
        "Restructuring And Mergern Acquisition": NaN,
        "Gain On Sale Of Security": -3000000.0,
        "Depreciation Amortization Depletion Income Statement": 17000000.0,
        "Depreciation And Amortization In Income Statement": 17000000.0,
        "Amortization": 12000000.0,
        "Amortization Of Intangibles Income Statement": 12000000.0,
        "Depreciation Income Statement": 5000000.0,
        "Selling General And Administration": 908000000.0,
        "Selling And Marketing Expense": 29000000.0,
        "General And Administrative Expense": 879000000.0,
        "Insurance And Claims": 234000000.0,
        "Salaries And Wages": 645000000.0,
        "Total Revenue": 1778000000.0,
        "Operating Revenue": 1778000000.0
    },
    "2024-03-31": {
        "Tax Effect Of Unusual Items": 0.0,
        "Tax Rate For Calcs": 0.168627,
        "Total Unusual Items": NaN,
        "Total Unusual Items Excluding Goodwill": NaN,
        "Net Income From Continuing Operation Net Minority Interest": 419000000.0,
        "Reconciled Depreciation": 190000000.0,
        "Net Interest Income": 1287000000.0,
        "Interest Expense": 1093000000.0,
        "Interest Income": 2380000000.0,
        "Normalized Income": 419000000.0,
        "Net Income From Continuing And Discontinued Operation": 419000000.0,
        "Diluted Average Shares": 1473335000.0,
        "Basic Average Shares": 1448492000.0,
        "Diluted EPS": 0.26,
        "Basic EPS": 0.26,
        "Diluted NI Availto Com Stockholders": 383000000.0,
        "Net Income Common Stockholders": 383000000.0,
        "Preferred Stock Dividends": 36000000.0,
        "Net Income": 419000000.0,
        "Minority Interests": -5000000.0,
        "Net Income Including Noncontrolling Interests": 424000000.0,
        "Net Income Continuous Operations": 424000000.0,
        "Tax Provision": 86000000.0,
        "Pretax Income": 510000000.0,
        "Special Income Charges": NaN,
        "Restructuring And Mergern Acquisition": NaN,
        "Gain On Sale Of Security": 0.0,
        "Depreciation Amortization Depletion Income Statement": 16000000.0,
        "Depreciation And Amortization In Income Statement": 16000000.0,
        "Amortization": 12000000.0,
        "Amortization Of Intangibles Income Statement": 12000000.0,
        "Depreciation Income Statement": 4000000.0,
        "Selling General And Administration": 721000000.0,
        "Selling And Marketing Expense": 28000000.0,
        "General And Administrative Expense": 693000000.0,
        "Insurance And Claims": 54000000.0,
        "Salaries And Wages": 639000000.0,
        "Total Revenue": 1754000000.0,
        "Operating Revenue": 1754000000.0
    }
}