{
    "2023-03-31": {
        "Tax Effect Of Unusual Items": 0.0,
        "Tax Rate For Calcs": 0.247,
        "Normalized EBITDA": -4071000.0,
        "Net Income From Continuing Operation Net Minority Interest": -4777000.0,
        "Reconciled Depreciation": 1004000.0,
        "Reconciled Cost Of Revenue": 106388000.0,
        "EBITDA": -4071000.0,
        "EBIT": -5075000.0,
        "Net Interest Income": -1269000.0,
        "Interest Expense": 1269000.0,
        "Normalized Income": -4777000.0,
        "Net Income From Continuing And Discontinued Operation": -4777000.0,
        "Total Expenses": 133311000.0,
        "Total Operating Income As Reported": -5059000.0,
        "Diluted Average Shares": 14073000.0,
        "Basic Average Shares": 14073000.0,
        "Diluted EPS": -0.34,
        "Basic EPS": -0.34,
        "Diluted NI Availto Com Stockholders": -4777000.0,
        "Net Income Common Stockholders": -4777000.0,
        "Net Income": -4777000.0,
        "Net Income Including Noncontrolling Interests": -4777000.0,
        "Net Income Continuous Operations": -4777000.0,
        "Tax Provision": -1567000.0,
        "Pretax Income": -6344000.0,
        "Other Income Expense": -16000.0,
        "Other Non Operating Income Expenses": -16000.0,
        "Net Non Operating Interest Income Expense": -1269000.0,
        "Interest Expense Non Operating": 1269000.0,
        "Operating Income": -5059000.0,
        "Operating Expense": 25969000.0,
        "Depreciation Amortization Depletion Income Statement": 50000.0,
        "Depreciation And Amortization In Income Statement": 50000.0,
        "Amortization": 50000.0,
        "Amortization Of Intangibles Income Statement": 50000.0,
        "Selling General And Administration": 25919000.0,
        "Gross Profit": 20910000.0,
        "Cost Of Revenue": 107342000.0,
        "Total Revenue": 128252000.0,
        "Operating Revenue": 128252000.0
    },
    "2022-12-31": {
        "Tax Effect Of Unusual Items": NaN,
        "Tax Rate For Calcs": NaN,
        "Normalized EBITDA": NaN,
        "Net Income From Continuing Operation Net Minority Interest": NaN,
        "Reconciled Depreciation": NaN,
        "Reconciled Cost Of Revenue": NaN,
        "EBITDA": NaN,
        "EBIT": NaN,
        "Net Interest Income": NaN,
        "Interest Expense": NaN,
        "Normalized Income": NaN,
        "Net Income From Continuing And Discontinued Operation": NaN,
        "Total Expenses": NaN,
        "Total Operating Income As Reported": NaN,
        "Diluted Average Shares": 13904000.0,
        "Basic Average Shares": 13882000.0,
        "Diluted EPS": 0.51,
        "Basic EPS": 0.51,
        "Diluted NI Availto Com Stockholders": NaN,
        "Net Income Common Stockholders": NaN,
        "Net Income": NaN,
        "Net Income Including Noncontrolling Interests": NaN,
        "Net Income Continuous Operations": NaN,
        "Tax Provision": NaN,
        "Pretax Income": NaN,
        "Other Income Expense": NaN,
        "Other Non Operating Income Expenses": NaN,
        "Net Non Operating Interest Income Expense": NaN,
        "Interest Expense Non Operating": NaN,
        "Operating Income": NaN,
        "Operating Expense": NaN,
        "Depreciation Amortization Depletion Income Statement": NaN,
        "Depreciation And Amortization In Income Statement": NaN,
        "Amortization": NaN,
        "Amortization Of Intangibles Income Statement": NaN,
        "Selling General And Administration": NaN,
        "Gross Profit": NaN,
        "Cost Of Revenue": NaN,
        "Total Revenue": NaN,
        "Operating Revenue": NaN
    },
    "2022-09-30": {
        "Tax Effect Of Unusual Items": 0.0,
        "Tax Rate For Calcs": 0.228,
        "Normalized EBITDA": 10024000.0,
        "Net Income From Continuing Operation Net Minority Interest": 5907000.0,
        "Reconciled Depreciation": 1087000.0,
        "Reconciled Cost Of Revenue": 114942000.0,
        "EBITDA": 10024000.0,
        "EBIT": 8937000.0,
        "Net Interest Income": -1289000.0,
        "Interest Expense": 1289000.0,
        "Normalized Income": 5907000.0,
        "Net Income From Continuing And Discontinued Operation": 5907000.0,
        "Total Expenses": 141454000.0,
        "Total Operating Income As Reported": 9369000.0,
        "Diluted Average Shares": 13892000.0,
        "Basic Average Shares": 13869000.0,
        "Diluted EPS": 0.43,
        "Basic EPS": 0.43,
        "Diluted NI Availto Com Stockholders": 5907000.0,
        "Net Income Common Stockholders": 5907000.0,
        "Net Income": 5907000.0,
        "Net Income Including Noncontrolling Interests": 5907000.0,
        "Net Income Discontinuous Operations": NaN,
        "Net Income Continuous Operations": 5907000.0,
        "Tax Provision": 1741000.0,
        "Pretax Income": 7648000.0,
        "Other Income Expense": -432000.0,
        "Other Non Operating Income Expenses": -432000.0,
        "Net Non Operating Interest Income Expense": -1289000.0,
        "Interest Expense Non Operating": 1289000.0,
        "Operating Income": 9369000.0,
        "Operating Expense": 25475000.0,
        "Depreciation Amortization Depletion Income Statement": 50000.0,
        "Depreciation And Amortization In Income Statement": 50000.0,
        "Amortization": 50000.0,
        "Amortization Of Intangibles Income Statement": 50000.0,
        "Selling General And Administration": 25425000.0,
        "Gross Profit": 34844000.0,
        "Cost Of Revenue": 115979000.0,
        "Total Revenue": 150823000.0,
        "Operating Revenue": 150823000.0
    },
    "2022-06-30": {
        "Tax Effect Of Unusual Items": 0.0,
        "Tax Rate For Calcs": 0.4,
        "Normalized EBITDA": 6988000.0,
        "Net Income From Continuing Operation Net Minority Interest": 5089000.0,
        "Reconciled Depreciation": 1311000.0,
        "Reconciled Cost Of Revenue": 114288000.0,
        "EBITDA": 6988000.0,
        "EBIT": 5677000.0,
        "Net Interest Income": -867000.0,
        "Interest Expense": 867000.0,
        "Normalized Income": 5089000.0,
        "Net Income From Continuing And Discontinued Operation": 5089000.0,
        "Total Expenses": 142102000.0,
        "Total Operating Income As Reported": 5425000.0,
        "Diluted Average Shares": 14095000.0,
        "Basic Average Shares": 14068000.0,
        "Diluted EPS": 0.36,
        "Basic EPS": 0.36,
        "Diluted NI Availto Com Stockholders": 5089000.0,
        "Net Income Common Stockholders": 5089000.0,
        "Net Income": 5089000.0,
        "Net Income Including Noncontrolling Interests": 5089000.0,
        "Net Income Discontinuous Operations": NaN,
        "Net Income Continuous Operations": 5089000.0,
        "Tax Provision": -279000.0,
        "Pretax Income": 4810000.0,
        "Other Income Expense": 252000.0,
        "Other Non Operating Income Expenses": 252000.0,
        "Net Non Operating Interest Income Expense": -867000.0,
        "Interest Expense Non Operating": 867000.0,
        "Operating Income": 5425000.0,
        "Operating Expense": 26553000.0,
        "Depreciation Amortization Depletion Income Statement": 50000.0,
        "Depreciation And Amortization In Income Statement": 50000.0,
        "Amortization": 50000.0,
        "Amortization Of Intangibles Income Statement": 50000.0,
        "Selling General And Administration": 26503000.0,
        "Gross Profit": 31978000.0,
        "Cost Of Revenue": 115549000.0,
        "Total Revenue": 147527000.0,
        "Operating Revenue": 147527000.0
    },
    "2023-06-30": {
        "Tax Effect Of Unusual Items": 0.0,
        "Tax Rate For Calcs": 0.21,
        "Normalized EBITDA": 2121000.0,
        "Net Income From Continuing Operation Net Minority Interest": 110000.0,
        "Reconciled Depreciation": 1124000.0,
        "Reconciled Cost Of Revenue": 108619000.0,
        "EBITDA": 2121000.0,
        "EBIT": 997000.0,
        "Net Interest Income": -773000.0,
        "Interest Expense": 773000.0,
        "Normalized Income": 110000.0,
        "Net Income From Continuing And Discontinued Operation": 110000.0,
        "Total Expenses": 136383000.0,
        "Total Operating Income As Reported": 726000.0,
        "Diluted Average Shares": 14110000.0,
        "Basic Average Shares": 14081000.0,
        "Diluted EPS": 0.01,
        "Basic EPS": 0.01,
        "Diluted NI Availto Com Stockholders": 110000.0,
        "Net Income Common Stockholders": 110000.0,
        "Net Income": 110000.0,
        "Net Income Including Noncontrolling Interests": 110000.0,
        "Net Income Continuous Operations": 110000.0,
        "Tax Provision": 114000.0,
        "Pretax Income": 224000.0,
        "Other Income Expense": 271000.0,
        "Other Non Operating Income Expenses": 271000.0,
        "Net Non Operating Interest Income Expense": -773000.0,
        "Interest Expense Non Operating": 773000.0,
        "Operating Income": 726000.0,
        "Operating Expense": 26690000.0,
        "Depreciation Amortization Depletion Income Statement": 50000.0,
        "Depreciation And Amortization In Income Statement": 50000.0,
        "Amortization": 50000.0,
        "Amortization Of Intangibles Income Statement": 50000.0,
        "Selling General And Administration": 26640000.0,
        "Gross Profit": 27416000.0,
        "Cost Of Revenue": 109693000.0,
        "Total Revenue": 137109000.0,
        "Operating Revenue": 137109000.0
    },
    "2022-03-31": {
        "Diluted EPS": 0.51,
        "Total Revenue": 146,
        "Gross Profit": 28,
        "Operating Income": 13,
        "EBIT": 14,
        "Net Income": 7
    },
    "2021-12-31": {
        "Diluted EPS": 0.9,
        "Total Revenue": 198,
        "Gross Profit": 43,
        "Operating Income": 18,
        "EBIT": 20,
        "Net Income": 13
    },
    "2021-09-30": {
        "Diluted EPS": 0.41,
        "Total Revenue": 157,
        "Gross Profit": 33,
        "Operating Income": 7,
        "EBIT": 9,
        "Net Income": 6
    },
    "2021-06-30": {
        "Diluted EPS": 0.01,
        "Total Revenue": 155,
        "Gross Profit": 28,
        "Operating Income": 1,
        "EBIT": 2,
        "Net Income": 0
    },
    "2021-03-31": {
        "Diluted EPS": 0.21,
        "Total Revenue": 149,
        "Gross Profit": 32,
        "Operating Income": 5,
        "EBIT": 6,
        "Net Income": 3
    },
    "2020-12-31": {
        "Diluted EPS": 1.37,
        "Total Revenue": 234,
        "Gross Profit": 55,
        "Operating Income": 28,
        "EBIT": 30,
        "Net Income": 19
    },
    "2020-09-30": {
        "Diluted EPS": -0.15,
        "Total Revenue": 111,
        "Gross Profit": 24,
        "Operating Income": -2,
        "EBIT": -1,
        "Net Income": -2
    },
    "2020-06-30": {
        "Diluted EPS": 0.57,
        "Total Revenue": 138,
        "Gross Profit": 35,
        "Operating Income": 11,
        "EBIT": 12,
        "Net Income": 8
    },
    "2020-03-31": {
        "Diluted EPS": 1.58,
        "Total Revenue": 121,
        "Gross Profit": 25,
        "Operating Income": 1,
        "EBIT": 1,
        "Net Income": 22
    },
    "2019-12-31": {
        "Diluted EPS": -0.54,
        "Total Revenue": 205,
        "Gross Profit": 42,
        "Operating Income": 19,
        "EBIT": 20,
        "Net Income": -7
    },
    "2019-09-30": {
        "Diluted EPS": -0.16,
        "Total Revenue": 150,
        "Gross Profit": 31,
        "Operating Income": 4,
        "EBIT": 5,
        "Net Income": -2
    },
    "2019-06-30": {
        "Diluted EPS": -0.04,
        "Total Revenue": 131,
        "Gross Profit": 29,
        "Operating Income": 3,
        "EBIT": 4,
        "Net Income": -1
    },
    "2019-03-31": {
        "Diluted EPS": -0.25,
        "Total Revenue": 127,
        "Gross Profit": 27,
        "Operating Income": 0,
        "EBIT": 1,
        "Net Income": -3
    },
    "2018-12-31": {
        "Diluted EPS": 0.79,
        "Total Revenue": 129,
        "Gross Profit": 10,
        "Operating Income": 23,
        "EBIT": 23,
        "Net Income": 11
    },
    "2018-09-30": {
        "Diluted EPS": 0.59,
        "Total Revenue": 197,
        "Gross Profit": 50,
        "Operating Income": 11,
        "EBIT": 12,
        "Net Income": 8
    },
    "2018-06-30": {
        "Diluted EPS": -0.06,
        "Total Revenue": 158,
        "Gross Profit": 41,
        "Operating Income": 0,
        "EBIT": 2,
        "Net Income": -1
    },
    "2018-03-31": {
        "Diluted EPS": -0.03,
        "Total Revenue": 147,
        "Gross Profit": 38,
        "Operating Income": -1,
        "EBIT": 1,
        "Net Income": 0
    },
    "2017-12-31": {
        "Diluted EPS": 0.86,
        "Total Revenue": 137,
        "Gross Profit": 15,
        "Operating Income": 31,
        "EBIT": 31,
        "Net Income": 12
    },
    "2017-09-30": {
        "Diluted EPS": 0.31,
        "Total Revenue": 182,
        "Gross Profit": 48,
        "Operating Income": 7,
        "EBIT": 9,
        "Net Income": 4
    },
    "2017-06-30": {
        "Diluted EPS": 0.09,
        "Total Revenue": 153,
        "Gross Profit": 39,
        "Operating Income": 2,
        "EBIT": 3,
        "Net Income": 1
    },
    "2017-03-31": {
        "Diluted EPS": -0.1,
        "Total Revenue": 140,
        "Gross Profit": 35,
        "Operating Income": -2,
        "EBIT": -1,
        "Net Income": -1
    },
    "2016-12-31": {
        "Diluted EPS": 0.0,
        "Total Revenue": NaN,
        "Gross Profit": NaN,
        "Operating Income": NaN,
        "EBIT": NaN,
        "Net Income": NaN
    },
    "2016-09-30": {
        "Diluted EPS": 0.64,
        "Total Revenue": 188,
        "Gross Profit": 50,
        "Operating Income": 13,
        "EBIT": 13,
        "Net Income": 9
    },
    "2015-12-31": {
        "Diluted EPS": 0.0,
        "Total Revenue": NaN,
        "Gross Profit": NaN,
        "Operating Income": NaN,
        "EBIT": NaN,
        "Net Income": NaN
    },
    "2023-09-30": {
        "Tax Effect Of Unusual Items": 0.0,
        "Tax Rate For Calcs": 0.216,
        "Normalized EBITDA": 14730000.0,
        "Net Income From Continuing Operation Net Minority Interest": 10340000.0,
        "Reconciled Depreciation": 950000.0,
        "Reconciled Cost Of Revenue": 112648000.0,
        "EBITDA": 14730000.0,
        "EBIT": 13780000.0,
        "Net Interest Income": -592000.0,
        "Interest Expense": 592000.0,
        "Normalized Income": 10340000.0,
        "Net Income From Continuing And Discontinued Operation": 10340000.0,
        "Total Expenses": 139189000.0,
        "Total Operating Income As Reported": 14425000.0,
        "Diluted Average Shares": 14050000.0,
        "Basic Average Shares": 14025000.0,
        "Diluted EPS": 0.74,
        "Basic EPS": 0.74,
        "Diluted NI Availto Com Stockholders": 10340000.0,
        "Net Income Common Stockholders": 10340000.0,
        "Net Income": 10340000.0,
        "Net Income Including Noncontrolling Interests": 10340000.0,
        "Net Income Continuous Operations": 10340000.0,
        "Tax Provision": 2848000.0,
        "Pretax Income": 13188000.0,
        "Other Income Expense": -645000.0,
        "Other Non Operating Income Expenses": -645000.0,
        "Net Non Operating Interest Income Expense": -592000.0,
        "Interest Expense Non Operating": 592000.0,
        "Operating Income": 14425000.0,
        "Operating Expense": 25641000.0,
        "Depreciation Amortization Depletion Income Statement": 50000.0,
        "Depreciation And Amortization In Income Statement": 50000.0,
        "Amortization": 50000.0,
        "Amortization Of Intangibles Income Statement": 50000.0,
        "Selling General And Administration": 25591000.0,
        "Gross Profit": 40066000.0,
        "Cost Of Revenue": 113548000.0,
        "Total Revenue": 153614000.0,
        "Operating Revenue": 153614000.0
    },
    "2023-12-31": {
        "Tax Effect Of Unusual Items": 0.0,
        "Tax Rate For Calcs": 0.205417,
        "Normalized EBITDA": 26278000.0,
        "Net Income From Continuing Operation Net Minority Interest": 19569000.0,
        "Reconciled Depreciation": 1284000.0,
        "Reconciled Cost Of Revenue": 150132000.0,
        "EBITDA": 26278000.0,
        "EBIT": 24994000.0,
        "Net Interest Income": -366000.0,
        "Interest Expense": 366000.0,
        "Normalized Income": 19569000.0,
        "Net Income From Continuing And Discontinued Operation": 19569000.0,
        "Total Expenses": 181661000.0,
        "Total Operating Income As Reported": 24989000.0,
        "Diluted Average Shares": NaN,
        "Basic Average Shares": NaN,
        "Diluted EPS": NaN,
        "Basic EPS": NaN,
        "Diluted NI Availto Com Stockholders": 19569000.0,
        "Net Income Common Stockholders": 19569000.0,
        "Net Income": 19569000.0,
        "Net Income Including Noncontrolling Interests": 19569000.0,
        "Net Income Continuous Operations": 19569000.0,
        "Tax Provision": 5059000.0,
        "Pretax Income": 24628000.0,
        "Other Income Expense": 5000.0,
        "Other Non Operating Income Expenses": 5000.0,
        "Net Non Operating Interest Income Expense": -366000.0,
        "Interest Expense Non Operating": 366000.0,
        "Operating Income": 24989000.0,
        "Operating Expense": 30295000.0,
        "Depreciation Amortization Depletion Income Statement": 50000.0,
        "Depreciation And Amortization In Income Statement": 50000.0,
        "Amortization": 50000.0,
        "Amortization Of Intangibles Income Statement": 50000.0,
        "Selling General And Administration": 30245000.0,
        "Gross Profit": 55284000.0,
        "Cost Of Revenue": 151366000.0,
        "Total Revenue": 206650000.0,
        "Operating Revenue": 206650000.0
    },
    "2024-03-31": {
        "Tax Effect Of Unusual Items": 0.0,
        "Tax Rate For Calcs": 0.086,
        "Normalized EBITDA": 72000.0,
        "Net Income From Continuing Operation Net Minority Interest": -1162000.0,
        "Reconciled Depreciation": 1188000.0,
        "Reconciled Cost Of Revenue": 97085000.0,
        "EBITDA": 72000.0,
        "EBIT": -1116000.0,
        "Net Interest Income": -156000.0,
        "Interest Expense": 156000.0,
        "Normalized Income": -1162000.0,
        "Net Income From Continuing And Discontinued Operation": -1162000.0,
        "Total Expenses": 129220000.0,
        "Total Operating Income As Reported": -943000.0,
        "Diluted Average Shares": 14162000.0,
        "Basic Average Shares": 14162000.0,
        "Diluted EPS": -0.08,
        "Basic EPS": -0.08,
        "Diluted NI Availto Com Stockholders": -1162000.0,
        "Net Income Common Stockholders": -1162000.0,
        "Net Income": -1162000.0,
        "Net Income Including Noncontrolling Interests": -1162000.0,
        "Net Income Continuous Operations": -1162000.0,
        "Tax Provision": -110000.0,
        "Pretax Income": -1272000.0,
        "Other Income Expense": -173000.0,
        "Other Non Operating Income Expenses": -173000.0,
        "Net Non Operating Interest Income Expense": -156000.0,
        "Interest Expense Non Operating": 156000.0,
        "Operating Income": -943000.0,
        "Operating Expense": 30997000.0,
        "Depreciation Amortization Depletion Income Statement": 50000.0,
        "Depreciation And Amortization In Income Statement": 50000.0,
        "Amortization": 50000.0,
        "Amortization Of Intangibles Income Statement": 50000.0,
        "Selling General And Administration": 30947000.0,
        "Gross Profit": 30054000.0,
        "Cost Of Revenue": 98223000.0,
        "Total Revenue": 128277000.0,
        "Operating Revenue": 128277000.0
    }
}