{
    "2023-03-31": {
        "Tax Effect Of Unusual Items": 0.0,
        "Tax Rate For Calcs": 0.4,
        "Normalized EBITDA": 3137000.0,
        "Total Unusual Items": 0.0,
        "Total Unusual Items Excluding Goodwill": 0.0,
        "Net Income From Continuing Operation Net Minority Interest": 622000.0,
        "Reconciled Depreciation": 1388000.0,
        "Reconciled Cost Of Revenue": 11629000.0,
        "EBIT": 1749000.0,
        "Net Interest Income": -542000.0,
        "Interest Expense": 542000.0,
        "Normalized Income": 622000.0,
        "Net Income From Continuing And Discontinued Operation": 622000.0,
        "Total Expenses": 28226000.0,
        "Total Operating Income As Reported": 1749000.0,
        "Diluted Average Shares": 42783000.0,
        "Basic Average Shares": 42119000.0,
        "Diluted EPS": 0.01,
        "Basic EPS": 0.01,
        "Diluted NI Availto Com Stockholders": 622000.0,
        "Net Income Common Stockholders": 622000.0,
        "Net Income": 622000.0,
        "Net Income Including Noncontrolling Interests": 622000.0,
        "Net Income Continuous Operations": 622000.0,
        "Tax Provision": 585000.0,
        "Pretax Income": 1207000.0,
        "Other Income Expense": 432000.0,
        "Other Non Operating Income Expenses": 432000.0,
        "Special Income Charges": 0.0,
        "Other Special Charges": NaN,
        "Gain On Sale Of Security": NaN,
        "Net Non Operating Interest Income Expense": -542000.0,
        "Interest Expense Non Operating": 542000.0,
        "Operating Income": 1749000.0,
        "Operating Expense": 16597000.0,
        "Depreciation Amortization Depletion Income Statement": 1388000.0,
        "Depreciation And Amortization In Income Statement": 1388000.0,
        "Amortization": 1388000.0,
        "Amortization Of Intangibles Income Statement": 1388000.0,
        "Research And Development": 2897000.0,
        "Selling General And Administration": 12312000.0,
        "Selling And Marketing Expense": 5978000.0,
        "General And Administrative Expense": 6334000.0,
        "Other Gand A": 6334000.0,
        "Gross Profit": 18346000.0,
        "Cost Of Revenue": 11629000.0,
        "Total Revenue": 29975000.0,
        "Operating Revenue": 29975000.0
    },
    "2022-12-31": {
        "Tax Effect Of Unusual Items": 0.0,
        "Tax Rate For Calcs": 0.4,
        "Normalized EBITDA": 1173000.0,
        "Total Unusual Items": 0.0,
        "Total Unusual Items Excluding Goodwill": 0.0,
        "Net Income From Continuing Operation Net Minority Interest": -1666000.0,
        "Reconciled Depreciation": 1630000.0,
        "Reconciled Cost Of Revenue": 12594000.0,
        "EBIT": -457000.0,
        "Net Interest Income": -435000.0,
        "Interest Expense": 435000.0,
        "Normalized Income": -1666000.0,
        "Net Income From Continuing And Discontinued Operation": -1666000.0,
        "Total Expenses": 28884000.0,
        "Total Operating Income As Reported": -457000.0,
        "Diluted Average Shares": 41593000.0,
        "Basic Average Shares": 41593000.0,
        "Diluted EPS": -0.04,
        "Basic EPS": -0.04,
        "Diluted NI Availto Com Stockholders": -1666000.0,
        "Net Income Common Stockholders": -1666000.0,
        "Net Income": -1666000.0,
        "Net Income Including Noncontrolling Interests": -1666000.0,
        "Net Income Continuous Operations": -1666000.0,
        "Tax Provision": 774000.0,
        "Pretax Income": -892000.0,
        "Other Income Expense": 465000.0,
        "Other Non Operating Income Expenses": 465000.0,
        "Special Income Charges": 0.0,
        "Other Special Charges": 0.0,
        "Gain On Sale Of Security": NaN,
        "Net Non Operating Interest Income Expense": -435000.0,
        "Interest Expense Non Operating": 435000.0,
        "Operating Income": -457000.0,
        "Operating Expense": 16290000.0,
        "Depreciation Amortization Depletion Income Statement": 1630000.0,
        "Depreciation And Amortization In Income Statement": 1630000.0,
        "Amortization": 1630000.0,
        "Amortization Of Intangibles Income Statement": 1630000.0,
        "Research And Development": 2849000.0,
        "Selling General And Administration": 11811000.0,
        "Selling And Marketing Expense": 5948000.0,
        "General And Administrative Expense": 5863000.0,
        "Other Gand A": 5863000.0,
        "Gross Profit": 15833000.0,
        "Cost Of Revenue": 12594000.0,
        "Total Revenue": 28427000.0,
        "Operating Revenue": 28427000.0
    },
    "2022-09-30": {
        "Tax Effect Of Unusual Items": 149049.040512,
        "Tax Rate For Calcs": 0.273987,
        "Normalized EBITDA": -2913000.0,
        "Total Unusual Items": 544000.0,
        "Total Unusual Items Excluding Goodwill": 544000.0,
        "Net Income From Continuing Operation Net Minority Interest": -3405000.0,
        "Reconciled Depreciation": 1572000.0,
        "Reconciled Cost Of Revenue": 14750000.0,
        "EBIT": -3941000.0,
        "Net Interest Income": -749000.0,
        "Interest Expense": 749000.0,
        "Normalized Income": -3799950.959488,
        "Net Income From Continuing And Discontinued Operation": -3405000.0,
        "Total Expenses": 31228000.0,
        "Total Operating Income As Reported": -3762000.0,
        "Diluted Average Shares": 41637000.0,
        "Basic Average Shares": 41637000.0,
        "Diluted EPS": -0.08,
        "Basic EPS": -0.08,
        "Diluted NI Availto Com Stockholders": -3405000.0,
        "Net Income Common Stockholders": -3405000.0,
        "Net Income": -3405000.0,
        "Net Income Including Noncontrolling Interests": -3405000.0,
        "Net Income Continuous Operations": -3405000.0,
        "Tax Provision": -1285000.0,
        "Pretax Income": -4690000.0,
        "Other Income Expense": 365000.0,
        "Other Non Operating Income Expenses": -179000.0,
        "Special Income Charges": 544000.0,
        "Other Special Charges": -544000.0,
        "Gain On Sale Of Security": NaN,
        "Net Non Operating Interest Income Expense": -749000.0,
        "Interest Expense Non Operating": 749000.0,
        "Operating Income": -4306000.0,
        "Operating Expense": 16478000.0,
        "Depreciation Amortization Depletion Income Statement": 1572000.0,
        "Depreciation And Amortization In Income Statement": 1572000.0,
        "Amortization": 1572000.0,
        "Amortization Of Intangibles Income Statement": 1572000.0,
        "Research And Development": 2763000.0,
        "Selling General And Administration": 12143000.0,
        "Selling And Marketing Expense": 5819000.0,
        "General And Administrative Expense": 6324000.0,
        "Other Gand A": 6324000.0,
        "Gross Profit": 12172000.0,
        "Cost Of Revenue": 14750000.0,
        "Total Revenue": 26922000.0,
        "Operating Revenue": 26922000.0
    },
    "2022-06-30": {
        "Tax Effect Of Unusual Items": 1405440.0,
        "Tax Rate For Calcs": 0.288,
        "Normalized EBITDA": 886000.0,
        "Total Unusual Items": 4880000.0,
        "Total Unusual Items Excluding Goodwill": 4880000.0,
        "Net Income From Continuing Operation Net Minority Interest": 2435000.0,
        "Reconciled Depreciation": 1830000.0,
        "Reconciled Cost Of Revenue": 12195000.0,
        "EBIT": 3936000.0,
        "Net Interest Income": -515000.0,
        "Interest Expense": 515000.0,
        "Normalized Income": -1039560.0,
        "Net Income From Continuing And Discontinued Operation": 2435000.0,
        "Total Expenses": 30090000.0,
        "Total Operating Income As Reported": 3998000.0,
        "Diluted Average Shares": 42560000.0,
        "Basic Average Shares": 41304000.0,
        "Diluted EPS": 0.06,
        "Basic EPS": 0.06,
        "Diluted NI Availto Com Stockholders": 2435000.0,
        "Net Income Common Stockholders": 2435000.0,
        "Net Income": 2435000.0,
        "Net Income Including Noncontrolling Interests": 2435000.0,
        "Net Income Continuous Operations": 2435000.0,
        "Tax Provision": 986000.0,
        "Pretax Income": 3421000.0,
        "Other Income Expense": 4818000.0,
        "Other Non Operating Income Expenses": -62000.0,
        "Special Income Charges": 4880000.0,
        "Other Special Charges": -4880000.0,
        "Gain On Sale Of Security": NaN,
        "Net Non Operating Interest Income Expense": -515000.0,
        "Interest Expense Non Operating": 515000.0,
        "Operating Income": -882000.0,
        "Operating Expense": 17519000.0,
        "Depreciation Amortization Depletion Income Statement": 1454000.0,
        "Depreciation And Amortization In Income Statement": 1454000.0,
        "Amortization": 1454000.0,
        "Amortization Of Intangibles Income Statement": 1454000.0,
        "Research And Development": 3497000.0,
        "Selling General And Administration": 12568000.0,
        "Selling And Marketing Expense": 6587000.0,
        "General And Administrative Expense": 5981000.0,
        "Other Gand A": 5981000.0,
        "Gross Profit": 16637000.0,
        "Cost Of Revenue": 12571000.0,
        "Total Revenue": 29208000.0,
        "Operating Revenue": 29208000.0
    },
    "2022-03-31": {
        "Diluted EPS": -0.17,
        "Total Revenue": 29,
        "Gross Profit": 16,
        "Operating Income": -7,
        "EBIT": -5,
        "Net Income": -7
    },
    "2021-12-31": {
        "Diluted EPS": 0.02,
        "Total Revenue": 33,
        "Gross Profit": 20,
        "Operating Income": 2,
        "EBIT": 4,
        "Net Income": 1
    },
    "2021-09-30": {
        "Diluted EPS": 0.0,
        "Total Revenue": 30,
        "Gross Profit": 16,
        "Operating Income": 1,
        "EBIT": 2,
        "Net Income": 0
    },
    "2021-06-30": {
        "Diluted EPS": -0.01,
        "Total Revenue": 29,
        "Gross Profit": 16,
        "Operating Income": 0,
        "EBIT": 2,
        "Net Income": 0
    },
    "2021-03-31": {
        "Diluted EPS": -0.02,
        "Total Revenue": 27,
        "Gross Profit": 15,
        "Operating Income": 0,
        "EBIT": 2,
        "Net Income": -1
    },
    "2020-12-31": {
        "Diluted EPS": -0.01,
        "Total Revenue": 31,
        "Gross Profit": 18,
        "Operating Income": 3,
        "EBIT": 6,
        "Net Income": -1
    },
    "2020-09-30": {
        "Diluted EPS": -0.03,
        "Total Revenue": 24,
        "Gross Profit": 13,
        "Operating Income": 0,
        "EBIT": 2,
        "Net Income": -1
    },
    "2020-06-30": {
        "Diluted EPS": -0.04,
        "Total Revenue": 23,
        "Gross Profit": 14,
        "Operating Income": 1,
        "EBIT": 3,
        "Net Income": -2
    },
    "2020-03-31": {
        "Diluted EPS": -0.12,
        "Total Revenue": 24,
        "Gross Profit": 13,
        "Operating Income": -3,
        "EBIT": -1,
        "Net Income": -5
    },
    "2019-12-31": {
        "Diluted EPS": 0.02,
        "Total Revenue": 31,
        "Gross Profit": 17,
        "Operating Income": 2,
        "EBIT": 4,
        "Net Income": 1
    },
    "2019-09-30": {
        "Diluted EPS": -0.07,
        "Total Revenue": 27,
        "Gross Profit": 15,
        "Operating Income": -1,
        "EBIT": 1,
        "Net Income": -3
    },
    "2019-06-30": {
        "Diluted EPS": -0.01,
        "Total Revenue": 30,
        "Gross Profit": 16,
        "Operating Income": 0,
        "EBIT": 2,
        "Net Income": 0
    },
    "2019-03-31": {
        "Diluted EPS": -0.06,
        "Total Revenue": 28,
        "Gross Profit": 16,
        "Operating Income": 0,
        "EBIT": 2,
        "Net Income": -2
    },
    "2018-12-31": {
        "Diluted EPS": 0.08,
        "Total Revenue": 34,
        "Gross Profit": 19,
        "Operating Income": 2,
        "EBIT": 4,
        "Net Income": 3
    },
    "2018-09-30": {
        "Diluted EPS": -0.01,
        "Total Revenue": 29,
        "Gross Profit": 16,
        "Operating Income": 1,
        "EBIT": 3,
        "Net Income": 0
    },
    "2018-06-30": {
        "Diluted EPS": -0.04,
        "Total Revenue": 32,
        "Gross Profit": 15,
        "Operating Income": 0,
        "EBIT": 2,
        "Net Income": -1
    },
    "2018-03-31": {
        "Diluted EPS": -0.11,
        "Total Revenue": 27,
        "Gross Profit": 13,
        "Operating Income": -1,
        "EBIT": 1,
        "Net Income": -4
    },
    "2017-12-31": {
        "Diluted EPS": 0.03,
        "Total Revenue": 22,
        "Gross Profit": 11,
        "Operating Income": 0,
        "EBIT": 1,
        "Net Income": 1
    },
    "2017-09-30": {
        "Diluted EPS": -0.01,
        "Total Revenue": 19,
        "Gross Profit": 10,
        "Operating Income": 0,
        "EBIT": 1,
        "Net Income": 0
    },
    "2017-06-30": {
        "Diluted EPS": -0.01,
        "Total Revenue": 19,
        "Gross Profit": 9,
        "Operating Income": 0,
        "EBIT": 1,
        "Net Income": 0
    },
    "2017-03-31": {
        "Diluted EPS": -0.03,
        "Total Revenue": 18,
        "Gross Profit": 10,
        "Operating Income": 0,
        "EBIT": 1,
        "Net Income": -1
    },
    "2016-12-31": {
        "Diluted EPS": -0.04,
        "Total Revenue": 26,
        "Gross Profit": 12,
        "Operating Income": -1,
        "EBIT": 0,
        "Net Income": -1
    },
    "2016-09-30": {
        "Diluted EPS": -0.05,
        "Total Revenue": 25,
        "Gross Profit": 12,
        "Operating Income": -1,
        "EBIT": 0,
        "Net Income": -2
    },
    "2016-06-30": {
        "Diluted EPS": -0.02,
        "Total Revenue": 26,
        "Gross Profit": 12,
        "Operating Income": -1,
        "EBIT": 0,
        "Net Income": -1
    },
    "2016-03-31": {
        "Diluted EPS": -0.02,
        "Total Revenue": 27,
        "Gross Profit": 13,
        "Operating Income": 0,
        "EBIT": 1,
        "Net Income": -1
    },
    "2015-12-31": {
        "Diluted EPS": -0.52,
        "Total Revenue": 28,
        "Gross Profit": 13,
        "Operating Income": 0,
        "EBIT": 1,
        "Net Income": -17
    },
    "2015-09-30": {
        "Diluted EPS": -0.02,
        "Total Revenue": 26,
        "Gross Profit": 12,
        "Operating Income": -1,
        "EBIT": 0,
        "Net Income": -1
    },
    "2015-06-30": {
        "Diluted EPS": 0.01,
        "Total Revenue": 29,
        "Gross Profit": 13,
        "Operating Income": 0,
        "EBIT": 1,
        "Net Income": 0
    },
    "2015-03-31": {
        "Diluted EPS": -0.04,
        "Total Revenue": 26,
        "Gross Profit": 11,
        "Operating Income": -1,
        "EBIT": 0,
        "Net Income": -1
    },
    "2014-12-31": {
        "Diluted EPS": 0.0,
        "Total Revenue": 30,
        "Gross Profit": 14,
        "Operating Income": 2,
        "EBIT": 3,
        "Net Income": 0
    },
    "2014-09-30": {
        "Diluted EPS": 0.02,
        "Total Revenue": 25,
        "Gross Profit": 11,
        "Operating Income": 1,
        "EBIT": 2,
        "Net Income": 1
    },
    "2014-06-30": {
        "Diluted EPS": 0.03,
        "Total Revenue": 27,
        "Gross Profit": 12,
        "Operating Income": 2,
        "EBIT": 3,
        "Net Income": 1
    },
    "2014-03-31": {
        "Diluted EPS": 0.02,
        "Total Revenue": 26,
        "Gross Profit": 12,
        "Operating Income": 1,
        "EBIT": 2,
        "Net Income": 1
    },
    "2013-12-31": {
        "Diluted EPS": -0.02,
        "Total Revenue": 28,
        "Gross Profit": 12,
        "Operating Income": -1,
        "EBIT": 0,
        "Net Income": -1
    },
    "2013-09-30": {
        "Diluted EPS": -0.03,
        "Total Revenue": 25,
        "Gross Profit": 11,
        "Operating Income": 0,
        "EBIT": 1,
        "Net Income": -1
    },
    "2013-06-30": {
        "Diluted EPS": -0.01,
        "Total Revenue": 26,
        "Gross Profit": 12,
        "Operating Income": 1,
        "EBIT": 2,
        "Net Income": 0
    },
    "2013-03-31": {
        "Diluted EPS": 0.0,
        "Total Revenue": 26,
        "Gross Profit": 12,
        "Operating Income": 1,
        "EBIT": 2,
        "Net Income": 0
    },
    "2012-12-31": {
        "Diluted EPS": 0.03,
        "Total Revenue": 28,
        "Gross Profit": 13,
        "Operating Income": 5,
        "EBIT": 6,
        "Net Income": 1
    },
    "2012-09-30": {
        "Diluted EPS": 0.0,
        "Total Revenue": 26,
        "Gross Profit": 12,
        "Operating Income": 0,
        "EBIT": 1,
        "Net Income": 0
    },
    "2012-06-30": {
        "Diluted EPS": 0.03,
        "Total Revenue": 28,
        "Gross Profit": 14,
        "Operating Income": 1,
        "EBIT": 2,
        "Net Income": 1
    },
    "2012-03-31": {
        "Diluted EPS": 0.02,
        "Total Revenue": 28,
        "Gross Profit": 13,
        "Operating Income": 1,
        "EBIT": 2,
        "Net Income": 1
    },
    "2011-12-31": {
        "Diluted EPS": 0.02,
        "Total Revenue": 29,
        "Gross Profit": 13,
        "Operating Income": 4,
        "EBIT": 5,
        "Net Income": 1
    },
    "2011-09-30": {
        "Diluted EPS": 0.0,
        "Total Revenue": 26,
        "Gross Profit": 12,
        "Operating Income": 0,
        "EBIT": 1,
        "Net Income": 0
    },
    "2011-06-30": {
        "Diluted EPS": 0.05,
        "Total Revenue": 27,
        "Gross Profit": 13,
        "Operating Income": 3,
        "EBIT": 4,
        "Net Income": 1
    },
    "2011-03-31": {
        "Diluted EPS": 0.06,
        "Total Revenue": 26,
        "Gross Profit": 12,
        "Operating Income": 2,
        "EBIT": 3,
        "Net Income": 2
    },
    "2010-12-31": {
        "Diluted EPS": 0.08,
        "Total Revenue": 30,
        "Gross Profit": 14,
        "Operating Income": 3,
        "EBIT": 4,
        "Net Income": 2
    },
    "2010-09-30": {
        "Diluted EPS": 0.44,
        "Total Revenue": 26,
        "Gross Profit": 13,
        "Operating Income": 2,
        "EBIT": 3,
        "Net Income": 13
    },
    "2010-06-30": {
        "Diluted EPS": 0.06,
        "Total Revenue": 26,
        "Gross Profit": 12,
        "Operating Income": 2,
        "EBIT": 3,
        "Net Income": 2
    },
    "2010-03-31": {
        "Diluted EPS": 0.07,
        "Total Revenue": 26,
        "Gross Profit": 13,
        "Operating Income": 3,
        "EBIT": 4,
        "Net Income": 2
    },
    "2009-12-31": {
        "Diluted EPS": 0.13,
        "Total Revenue": 28,
        "Gross Profit": 13,
        "Operating Income": 3,
        "EBIT": 4,
        "Net Income": 4
    },
    "2009-09-30": {
        "Diluted EPS": 0.04,
        "Total Revenue": 21,
        "Gross Profit": 10,
        "Operating Income": 2,
        "EBIT": 3,
        "Net Income": 1
    },
    "2009-06-30": {
        "Diluted EPS": 0.01,
        "Total Revenue": 18,
        "Gross Profit": 9,
        "Operating Income": 1,
        "EBIT": 2,
        "Net Income": 0
    },
    "2009-03-31": {
        "Diluted EPS": 0.06,
        "Total Revenue": 19,
        "Gross Profit": 9,
        "Operating Income": 2,
        "EBIT": 3,
        "Net Income": 2
    },
    "2023-06-30": {
        "Tax Effect Of Unusual Items": -632400.0,
        "Tax Rate For Calcs": 0.4,
        "Normalized EBITDA": 1813000.0,
        "Total Unusual Items": -1581000.0,
        "Total Unusual Items Excluding Goodwill": -1581000.0,
        "Net Income From Continuing Operation Net Minority Interest": -980000.0,
        "Reconciled Depreciation": 1389000.0,
        "Reconciled Cost Of Revenue": 12086000.0,
        "EBIT": -1157000.0,
        "Net Interest Income": -941000.0,
        "Interest Expense": 941000.0,
        "Normalized Income": -31400.0,
        "Net Income From Continuing And Discontinued Operation": -980000.0,
        "Total Expenses": 27963000.0,
        "Total Operating Income As Reported": 796000.0,
        "Diluted Average Shares": 42354000.0,
        "Basic Average Shares": 42354000.0,
        "Diluted EPS": -0.02,
        "Basic EPS": -0.02,
        "Diluted NI Availto Com Stockholders": -980000.0,
        "Net Income Common Stockholders": -980000.0,
        "Net Income": -980000.0,
        "Net Income Including Noncontrolling Interests": -980000.0,
        "Net Income Continuous Operations": -980000.0,
        "Tax Provision": -1118000.0,
        "Pretax Income": -2098000.0,
        "Other Income Expense": -1953000.0,
        "Other Non Operating Income Expenses": -372000.0,
        "Special Income Charges": 0.0,
        "Other Special Charges": NaN,
        "Gain On Sale Of Security": -1581000.0,
        "Net Non Operating Interest Income Expense": -941000.0,
        "Interest Expense Non Operating": 941000.0,
        "Operating Income": 796000.0,
        "Operating Expense": 15877000.0,
        "Depreciation Amortization Depletion Income Statement": 1389000.0,
        "Depreciation And Amortization In Income Statement": 1389000.0,
        "Amortization": 1389000.0,
        "Amortization Of Intangibles Income Statement": 1389000.0,
        "Research And Development": 2957000.0,
        "Selling General And Administration": 11531000.0,
        "Selling And Marketing Expense": 6178000.0,
        "General And Administrative Expense": 5353000.0,
        "Other Gand A": 5353000.0,
        "Gross Profit": 16673000.0,
        "Cost Of Revenue": 12086000.0,
        "Total Revenue": 28759000.0,
        "Operating Revenue": 28759000.0
    }
}