{
    "2023-03-31": {
        "Tax Effect Of Unusual Items": NaN,
        "Tax Rate For Calcs": NaN,
        "Normalized EBITDA": NaN,
        "Total Unusual Items": NaN,
        "Total Unusual Items Excluding Goodwill": NaN,
        "Net Income From Continuing Operation Net Minority Interest": NaN,
        "Reconciled Depreciation": NaN,
        "Reconciled Cost Of Revenue": NaN,
        "EBITDA": NaN,
        "EBIT": NaN,
        "Net Interest Income": NaN,
        "Interest Expense": NaN,
        "Interest Income": NaN,
        "Normalized Income": NaN,
        "Net Income From Continuing And Discontinued Operation": NaN,
        "Total Expenses": NaN,
        "Total Operating Income As Reported": NaN,
        "Diluted Average Shares": NaN,
        "Basic Average Shares": NaN,
        "Diluted EPS": NaN,
        "Basic EPS": NaN,
        "Diluted NI Availto Com Stockholders": NaN,
        "Net Income Common Stockholders": NaN,
        "Net Income": NaN,
        "Minority Interests": NaN,
        "Net Income Including Noncontrolling Interests": NaN,
        "Net Income Continuous Operations": NaN,
        "Tax Provision": NaN,
        "Pretax Income": NaN,
        "Other Income Expense": NaN,
        "Other Non Operating Income Expenses": NaN,
        "Special Income Charges": NaN,
        "Gain On Sale Of Ppe": -69000.0,
        "Gain On Sale Of Business": -652000.0,
        "Impairment Of Capital Assets": NaN,
        "Restructuring And Mergern Acquisition": NaN,
        "Gain On Sale Of Security": NaN,
        "Net Non Operating Interest Income Expense": NaN,
        "Total Other Finance Cost": NaN,
        "Interest Expense Non Operating": NaN,
        "Interest Income Non Operating": NaN,
        "Operating Income": NaN,
        "Operating Expense": NaN,
        "Other Operating Expenses": NaN,
        "Other Taxes": NaN,
        "Depreciation Amortization Depletion Income Statement": NaN,
        "Depreciation And Amortization In Income Statement": NaN,
        "Amortization": NaN,
        "Amortization Of Intangibles Income Statement": NaN,
        "Depreciation Income Statement": NaN,
        "Selling General And Administration": NaN,
        "Selling And Marketing Expense": NaN,
        "General And Administrative Expense": NaN,
        "Other Gand A": NaN,
        "Gross Profit": NaN,
        "Cost Of Revenue": NaN,
        "Total Revenue": NaN,
        "Operating Revenue": NaN
    },
    "2022-12-31": {
        "Tax Effect Of Unusual Items": NaN,
        "Tax Rate For Calcs": NaN,
        "Normalized EBITDA": NaN,
        "Total Unusual Items": NaN,
        "Total Unusual Items Excluding Goodwill": NaN,
        "Net Income From Continuing Operation Net Minority Interest": NaN,
        "Reconciled Depreciation": NaN,
        "Reconciled Cost Of Revenue": NaN,
        "EBITDA": NaN,
        "EBIT": NaN,
        "Net Interest Income": NaN,
        "Interest Expense": NaN,
        "Interest Income": NaN,
        "Normalized Income": NaN,
        "Net Income From Continuing And Discontinued Operation": NaN,
        "Total Expenses": NaN,
        "Total Operating Income As Reported": NaN,
        "Diluted Average Shares": NaN,
        "Basic Average Shares": NaN,
        "Diluted EPS": NaN,
        "Basic EPS": NaN,
        "Diluted NI Availto Com Stockholders": NaN,
        "Net Income Common Stockholders": NaN,
        "Net Income": NaN,
        "Minority Interests": NaN,
        "Net Income Including Noncontrolling Interests": NaN,
        "Net Income Continuous Operations": NaN,
        "Tax Provision": NaN,
        "Pretax Income": NaN,
        "Other Income Expense": NaN,
        "Other Non Operating Income Expenses": NaN,
        "Special Income Charges": NaN,
        "Gain On Sale Of Ppe": NaN,
        "Gain On Sale Of Business": 136592000.0,
        "Other Special Charges": 0.0,
        "Impairment Of Capital Assets": NaN,
        "Restructuring And Mergern Acquisition": NaN,
        "Gain On Sale Of Security": NaN,
        "Net Non Operating Interest Income Expense": NaN,
        "Total Other Finance Cost": NaN,
        "Interest Expense Non Operating": NaN,
        "Interest Income Non Operating": NaN,
        "Operating Income": NaN,
        "Operating Expense": NaN,
        "Other Operating Expenses": NaN,
        "Other Taxes": NaN,
        "Depreciation Amortization Depletion Income Statement": NaN,
        "Depreciation And Amortization In Income Statement": NaN,
        "Amortization": NaN,
        "Amortization Of Intangibles Income Statement": NaN,
        "Depreciation Income Statement": NaN,
        "Selling General And Administration": NaN,
        "Selling And Marketing Expense": NaN,
        "General And Administrative Expense": NaN,
        "Other Gand A": NaN,
        "Gross Profit": NaN,
        "Cost Of Revenue": NaN,
        "Total Revenue": NaN,
        "Operating Revenue": NaN
    },
    "2022-09-30": {
        "Tax Effect Of Unusual Items": NaN,
        "Tax Rate For Calcs": NaN,
        "Normalized EBITDA": NaN,
        "Total Unusual Items": NaN,
        "Total Unusual Items Excluding Goodwill": NaN,
        "Net Income From Continuing Operation Net Minority Interest": NaN,
        "Reconciled Depreciation": NaN,
        "Reconciled Cost Of Revenue": NaN,
        "EBITDA": NaN,
        "EBIT": NaN,
        "Net Interest Income": NaN,
        "Interest Expense": NaN,
        "Interest Income": NaN,
        "Normalized Income": NaN,
        "Net Income From Continuing And Discontinued Operation": NaN,
        "Total Expenses": NaN,
        "Total Operating Income As Reported": NaN,
        "Diluted Average Shares": 261896143.0,
        "Basic Average Shares": 261896143.0,
        "Diluted EPS": -0.03,
        "Basic EPS": -0.03,
        "Diluted NI Availto Com Stockholders": NaN,
        "Net Income Common Stockholders": NaN,
        "Net Income": NaN,
        "Minority Interests": NaN,
        "Net Income Including Noncontrolling Interests": NaN,
        "Net Income Continuous Operations": NaN,
        "Tax Provision": NaN,
        "Pretax Income": NaN,
        "Other Income Expense": NaN,
        "Other Non Operating Income Expenses": NaN,
        "Special Income Charges": NaN,
        "Gain On Sale Of Ppe": NaN,
        "Gain On Sale Of Business": 0.0,
        "Other Special Charges": NaN,
        "Impairment Of Capital Assets": 0.0,
        "Restructuring And Mergern Acquisition": NaN,
        "Gain On Sale Of Security": NaN,
        "Net Non Operating Interest Income Expense": NaN,
        "Total Other Finance Cost": NaN,
        "Interest Expense Non Operating": NaN,
        "Interest Income Non Operating": NaN,
        "Operating Income": NaN,
        "Operating Expense": NaN,
        "Other Operating Expenses": NaN,
        "Other Taxes": NaN,
        "Depreciation Amortization Depletion Income Statement": NaN,
        "Depreciation And Amortization In Income Statement": NaN,
        "Depreciation Income Statement": NaN,
        "Selling General And Administration": NaN,
        "General And Administrative Expense": NaN,
        "Other Gand A": NaN,
        "Gross Profit": NaN,
        "Cost Of Revenue": NaN,
        "Total Revenue": NaN,
        "Operating Revenue": NaN
    },
    "2022-06-30": {
        "Tax Effect Of Unusual Items": -39979600.0,
        "Tax Rate For Calcs": 0.4,
        "Normalized EBITDA": 226012000.0,
        "Total Unusual Items": -99949000.0,
        "Total Unusual Items Excluding Goodwill": -99949000.0,
        "Net Income From Continuing Operation Net Minority Interest": 32143000.0,
        "Reconciled Depreciation": 87648000.0,
        "Reconciled Cost Of Revenue": 325940000.0,
        "EBITDA": 126063000.0,
        "EBIT": 38415000.0,
        "Net Interest Income": -26361000.0,
        "Interest Expense": 16911000.0,
        "Interest Income": 288000.0,
        "Normalized Income": 92112400.0,
        "Net Income From Continuing And Discontinued Operation": 32143000.0,
        "Total Expenses": 279449000.0,
        "Total Operating Income As Reported": 45931000.0,
        "Diluted Average Shares": 262250995.0,
        "Basic Average Shares": 261887203.0,
        "Diluted EPS": 0.12,
        "Basic EPS": 0.12,
        "Diluted NI Availto Com Stockholders": 32143000.0,
        "Net Income Common Stockholders": 32143000.0,
        "Net Income": 32143000.0,
        "Minority Interests": NaN,
        "Net Income Including Noncontrolling Interests": 32143000.0,
        "Net Income Continuous Operations": 32143000.0,
        "Tax Provision": -10639000.0,
        "Pretax Income": 21504000.0,
        "Other Income Expense": -88140000.0,
        "Other Non Operating Income Expenses": 11809000.0,
        "Special Income Charges": -101551000.0,
        "Gain On Sale Of Ppe": 199000.0,
        "Gain On Sale Of Business": -3132000.0,
        "Other Special Charges": -5698000.0,
        "Impairment Of Capital Assets": 94956000.0,
        "Restructuring And Mergern Acquisition": 3662000.0,
        "Gain On Sale Of Security": 1602000.0,
        "Net Non Operating Interest Income Expense": -26361000.0,
        "Total Other Finance Cost": 9738000.0,
        "Interest Expense Non Operating": 16911000.0,
        "Interest Income Non Operating": 288000.0,
        "Operating Income": 136005000.0,
        "Operating Expense": -46491000.0,
        "Other Operating Expenses": -49569000.0,
        "Other Taxes": 1457000.0,
        "Depreciation Amortization Depletion Income Statement": NaN,
        "Depreciation And Amortization In Income Statement": NaN,
        "Depreciation Income Statement": NaN,
        "Selling General And Administration": 1621000.0,
        "General And Administrative Expense": NaN,
        "Other Gand A": NaN,
        "Gross Profit": 89514000.0,
        "Cost Of Revenue": 325940000.0,
        "Total Revenue": 415454000.0,
        "Operating Revenue": 415454000.0
    },
    "2022-03-31": {
        "Diluted EPS": 0.24,
        "Total Revenue": 379,
        "Gross Profit": 85,
        "Operating Income": 126,
        "EBIT": 179,
        "Net Income": 64
    },
    "2021-12-31": {
        "Diluted EPS": -0.04,
        "Total Revenue": 425,
        "Gross Profit": 82,
        "Operating Income": 38,
        "EBIT": 112,
        "Net Income": -10
    },
    "2021-09-30": {
        "Diluted EPS": -0.65,
        "Total Revenue": 359,
        "Gross Profit": -85,
        "Operating Income": -118,
        "EBIT": -55,
        "Net Income": -170
    },
    "2021-06-30": {
        "Diluted EPS": -0.01,
        "Total Revenue": 404,
        "Gross Profit": 82,
        "Operating Income": 59,
        "EBIT": 141,
        "Net Income": -3
    },
    "2021-03-31": {
        "Diluted EPS": -0.23,
        "Total Revenue": 314,
        "Gross Profit": 53,
        "Operating Income": 39,
        "EBIT": 107,
        "Net Income": -60
    },
    "2020-12-31": {
        "Diluted EPS": 0.03,
        "Total Revenue": 322,
        "Gross Profit": 34,
        "Operating Income": 7,
        "EBIT": 86,
        "Net Income": 7
    },
    "2020-09-30": {
        "Diluted EPS": -0.09,
        "Total Revenue": 316,
        "Gross Profit": 39,
        "Operating Income": 21,
        "EBIT": 87,
        "Net Income": -24
    },
    "2020-06-30": {
        "Diluted EPS": -0.2,
        "Total Revenue": 209,
        "Gross Profit": -13,
        "Operating Income": -27,
        "EBIT": 40,
        "Net Income": -52
    },
    "2020-03-31": {
        "Diluted EPS": -0.29,
        "Total Revenue": 245,
        "Gross Profit": -22,
        "Operating Income": -38,
        "EBIT": 39,
        "Net Income": -76
    },
    "2019-12-31": {
        "Diluted EPS": -0.01,
        "Total Revenue": 324,
        "Gross Profit": 26,
        "Operating Income": 6,
        "EBIT": 25,
        "Net Income": -1
    },
    "2019-09-30": {
        "Diluted EPS": -1.05,
        "Total Revenue": 291,
        "Gross Profit": 31,
        "Operating Income": -311,
        "EBIT": -197,
        "Net Income": -275
    },
    "2019-06-30": {
        "Diluted EPS": -0.21,
        "Total Revenue": 329,
        "Gross Profit": 43,
        "Operating Income": -4,
        "EBIT": 66,
        "Net Income": -54
    },
    "2019-03-31": {
        "Diluted EPS": -0.05,
        "Total Revenue": 292,
        "Gross Profit": 52,
        "Operating Income": 20,
        "EBIT": 88,
        "Net Income": -13
    },
    "2018-12-31": {
        "Diluted EPS": -0.01,
        "Total Revenue": 352,
        "Gross Profit": 75,
        "Operating Income": 55,
        "EBIT": 114,
        "Net Income": -4
    },
    "2018-09-30": {
        "Diluted EPS": 0.09,
        "Total Revenue": 363,
        "Gross Profit": 85,
        "Operating Income": 66,
        "EBIT": 125,
        "Net Income": 23
    },
    "2018-06-30": {
        "Diluted EPS": 0.09,
        "Total Revenue": 371,
        "Gross Profit": 92,
        "Operating Income": 79,
        "EBIT": 145,
        "Net Income": 25
    },
    "2018-03-31": {
        "Diluted EPS": 0.16,
        "Total Revenue": 387,
        "Gross Profit": 121,
        "Operating Income": 100,
        "EBIT": 155,
        "Net Income": 41
    },
    "2017-12-31": {
        "Diluted EPS": 0.38,
        "Total Revenue": 424,
        "Gross Profit": 145,
        "Operating Income": 119,
        "EBIT": 107,
        "Net Income": 94
    },
    "2017-09-30": {
        "Diluted EPS": 0.15,
        "Total Revenue": 380,
        "Gross Profit": 120,
        "Operating Income": 105,
        "EBIT": 186,
        "Net Income": 36
    },
    "2017-06-30": {
        "Diluted EPS": 0.08,
        "Total Revenue": 336,
        "Gross Profit": 88,
        "Operating Income": 79,
        "EBIT": 156,
        "Net Income": 19
    },
    "2017-03-31": {
        "Diluted EPS": -0.04,
        "Total Revenue": 262,
        "Gross Profit": 57,
        "Operating Income": 50,
        "EBIT": 112,
        "Net Income": -10
    },
    "2016-12-31": {
        "Diluted EPS": -0.2,
        "Total Revenue": 317,
        "Gross Profit": 78,
        "Operating Income": 60,
        "EBIT": 138,
        "Net Income": -47
    },
    "2016-09-30": {
        "Diluted EPS": 0.14,
        "Total Revenue": 311,
        "Gross Profit": 68,
        "Operating Income": 61,
        "EBIT": 143,
        "Net Income": 34
    },
    "2016-06-30": {
        "Diluted EPS": -0.02,
        "Total Revenue": 247,
        "Gross Profit": 48,
        "Operating Income": 35,
        "EBIT": 99,
        "Net Income": -6
    },
    "2016-03-31": {
        "Diluted EPS": -0.07,
        "Total Revenue": 254,
        "Gross Profit": 28,
        "Operating Income": 14,
        "EBIT": 89,
        "Net Income": -16
    },
    "2015-12-31": {
        "Diluted EPS": -1.09,
        "Total Revenue": 337,
        "Gross Profit": 59,
        "Operating Income": -296,
        "EBIT": -204,
        "Net Income": -255
    },
    "2015-09-30": {
        "Diluted EPS": -0.05,
        "Total Revenue": 270,
        "Gross Profit": 42,
        "Operating Income": 0,
        "EBIT": 69,
        "Net Income": -12
    },
    "2015-06-30": {
        "Diluted EPS": -0.19,
        "Total Revenue": 151,
        "Gross Profit": 5,
        "Operating Income": -30,
        "EBIT": 1,
        "Net Income": -44
    },
    "2015-03-31": {
        "Diluted EPS": -0.08,
        "Total Revenue": 129,
        "Gross Profit": 13,
        "Operating Income": -2,
        "EBIT": 23,
        "Net Income": -20
    },
    "2014-12-31": {
        "Diluted EPS": 0.17,
        "Total Revenue": 103,
        "Gross Profit": -2,
        "Operating Income": -36,
        "EBIT": -15,
        "Net Income": 40
    },
    "2014-09-30": {
        "Diluted EPS": 0.2,
        "Total Revenue": 165,
        "Gross Profit": 23,
        "Operating Income": 3,
        "EBIT": 31,
        "Net Income": 44
    },
    "2014-06-30": {
        "Diluted EPS": 0.0,
        "Total Revenue": 128,
        "Gross Profit": 13,
        "Operating Income": -2,
        "EBIT": 20,
        "Net Income": 0
    },
    "2014-03-31": {
        "Diluted EPS": -0.13,
        "Total Revenue": 97,
        "Gross Profit": 9,
        "Operating Income": -8,
        "EBIT": 6,
        "Net Income": -25
    },
    "2013-12-31": {
        "Diluted EPS": -0.29,
        "Total Revenue": 124,
        "Gross Profit": -7,
        "Operating Income": -6,
        "EBIT": 16,
        "Net Income": -56
    },
    "2013-09-30": {
        "Diluted EPS": 0.03,
        "Total Revenue": 136,
        "Gross Profit": 37,
        "Operating Income": 19,
        "EBIT": 38,
        "Net Income": 3
    },
    "2013-06-30": {
        "Diluted EPS": -0.32,
        "Total Revenue": 134,
        "Gross Profit": 20,
        "Operating Income": 4,
        "EBIT": 24,
        "Net Income": -54
    },
    "2013-03-31": {
        "Diluted EPS": 0.01,
        "Total Revenue": 119,
        "Gross Profit": 38,
        "Operating Income": 3,
        "EBIT": 17,
        "Net Income": 2
    },
    "2012-12-31": {
        "Diluted EPS": 0.04,
        "Total Revenue": 179,
        "Gross Profit": 38,
        "Operating Income": 20,
        "EBIT": 41,
        "Net Income": 7
    },
    "2012-09-30": {
        "Diluted EPS": -0.03,
        "Total Revenue": 145,
        "Gross Profit": 48,
        "Operating Income": 25,
        "EBIT": 41,
        "Net Income": -6
    },
    "2012-06-30": {
        "Diluted EPS": -0.18,
        "Total Revenue": 191,
        "Gross Profit": 55,
        "Operating Income": 37,
        "EBIT": 58,
        "Net Income": -31
    },
    "2012-03-31": {
        "Diluted EPS": 0.05,
        "Total Revenue": 186,
        "Gross Profit": 55,
        "Operating Income": 31,
        "EBIT": 50,
        "Net Income": 9
    },
    "2011-12-31": {
        "Diluted EPS": 0.21,
        "Total Revenue": 254,
        "Gross Profit": 71,
        "Operating Income": 77,
        "EBIT": 102,
        "Net Income": 36
    },
    "2011-09-30": {
        "Diluted EPS": -0.23,
        "Total Revenue": 210,
        "Gross Profit": 52,
        "Operating Income": 27,
        "EBIT": 55,
        "Net Income": -39
    },
    "2011-06-30": {
        "Diluted EPS": -0.98,
        "Total Revenue": 249,
        "Gross Profit": 91,
        "Operating Income": 67,
        "EBIT": 95,
        "Net Income": -173
    },
    "2011-03-31": {
        "Diluted EPS": 0.11,
        "Total Revenue": 183,
        "Gross Profit": 86,
        "Operating Income": 37,
        "EBIT": 62,
        "Net Income": 17
    },
    "2010-12-31": {
        "Diluted EPS": 0.16,
        "Total Revenue": 188,
        "Gross Profit": 188,
        "Operating Income": 188,
        "EBIT": 209,
        "Net Income": 25
    },
    "2010-09-30": {
        "Diluted EPS": 0.08,
        "Total Revenue": 159,
        "Gross Profit": 70,
        "Operating Income": 28,
        "EBIT": 28,
        "Net Income": 11
    },
    "2010-06-30": {
        "Diluted EPS": 0.08,
        "Total Revenue": 183,
        "Gross Profit": 183,
        "Operating Income": 183,
        "EBIT": 183,
        "Net Income": 13
    },
    "2010-03-31": {
        "Diluted EPS": 0.15,
        "Total Revenue": 236,
        "Gross Profit": 236,
        "Operating Income": 236,
        "EBIT": 236,
        "Net Income": 23
    },
    "2009-12-31": {
        "Diluted EPS": 0.04,
        "Total Revenue": 159,
        "Gross Profit": 159,
        "Operating Income": 159,
        "EBIT": 159,
        "Net Income": 7
    },
    "2023-06-30": {
        "Tax Effect Of Unusual Items": NaN,
        "Tax Rate For Calcs": NaN,
        "Normalized EBITDA": NaN,
        "Total Unusual Items": NaN,
        "Total Unusual Items Excluding Goodwill": NaN,
        "Net Income From Continuing Operation Net Minority Interest": NaN,
        "Reconciled Depreciation": NaN,
        "Reconciled Cost Of Revenue": NaN,
        "EBITDA": NaN,
        "EBIT": NaN,
        "Net Interest Income": NaN,
        "Interest Expense": NaN,
        "Interest Income": NaN,
        "Normalized Income": NaN,
        "Net Income From Continuing And Discontinued Operation": NaN,
        "Total Expenses": NaN,
        "Total Operating Income As Reported": NaN,
        "Diluted Average Shares": 272228447.0,
        "Basic Average Shares": 272228447.0,
        "Diluted EPS": -0.05,
        "Basic EPS": -0.05,
        "Diluted NI Availto Com Stockholders": NaN,
        "Net Income Common Stockholders": NaN,
        "Net Income": NaN,
        "Minority Interests": NaN,
        "Net Income Including Noncontrolling Interests": NaN,
        "Net Income Continuous Operations": NaN,
        "Tax Provision": NaN,
        "Pretax Income": NaN,
        "Other Income Expense": NaN,
        "Other Non Operating Income Expenses": NaN,
        "Special Income Charges": NaN,
        "Gain On Sale Of Ppe": -821000.0,
        "Impairment Of Capital Assets": NaN,
        "Restructuring And Mergern Acquisition": NaN,
        "Gain On Sale Of Security": NaN,
        "Net Non Operating Interest Income Expense": NaN,
        "Total Other Finance Cost": NaN,
        "Interest Expense Non Operating": NaN,
        "Interest Income Non Operating": NaN,
        "Operating Income": NaN,
        "Operating Expense": NaN,
        "Other Operating Expenses": NaN,
        "Other Taxes": NaN,
        "Depreciation Amortization Depletion Income Statement": NaN,
        "Depreciation And Amortization In Income Statement": NaN,
        "Amortization": NaN,
        "Amortization Of Intangibles Income Statement": NaN,
        "Depreciation Income Statement": 317000.0,
        "Selling General And Administration": NaN,
        "Selling And Marketing Expense": 8283000.0,
        "General And Administrative Expense": 8283000.0,
        "Other Gand A": 8283000.0,
        "Gross Profit": NaN,
        "Cost Of Revenue": NaN,
        "Total Revenue": NaN,
        "Operating Revenue": NaN
    },
    "2023-09-30": {
        "Tax Effect Of Unusual Items": -371200.0,
        "Tax Rate For Calcs": 0.4,
        "Normalized EBITDA": 220254000.0,
        "Total Unusual Items": -928000.0,
        "Total Unusual Items Excluding Goodwill": -928000.0,
        "Net Income From Continuing Operation Net Minority Interest": 45125000.0,
        "Reconciled Depreciation": 114099000.0,
        "Reconciled Cost Of Revenue": 260320000.0,
        "EBITDA": 219326000.0,
        "EBIT": 105227000.0,
        "Net Interest Income": -28262000.0,
        "Interest Expense": 21078000.0,
        "Interest Income": 3427000.0,
        "Normalized Income": 45681800.0,
        "Net Income From Continuing And Discontinued Operation": 45125000.0,
        "Total Expenses": 365534000.0,
        "Total Operating Income As Reported": 115076000.0,
        "Diluted Average Shares": 346987162.0,
        "Basic Average Shares": 346720425.0,
        "Diluted EPS": 0.13,
        "Basic EPS": 0.13,
        "Diluted NI Availto Com Stockholders": 45125000.0,
        "Net Income Common Stockholders": 45125000.0,
        "Net Income": 45125000.0,
        "Minority Interests": -365000.0,
        "Net Income Including Noncontrolling Interests": 45490000.0,
        "Net Income Continuous Operations": 45490000.0,
        "Tax Provision": 38659000.0,
        "Pretax Income": 84149000.0,
        "Other Income Expense": -2511000.0,
        "Other Non Operating Income Expenses": -1583000.0,
        "Special Income Charges": -2477000.0,
        "Gain On Sale Of Ppe": 0.0,
        "Impairment Of Capital Assets": 0.0,
        "Restructuring And Mergern Acquisition": 2477000.0,
        "Gain On Sale Of Security": 1549000.0,
        "Net Non Operating Interest Income Expense": -28262000.0,
        "Total Other Finance Cost": 10611000.0,
        "Interest Expense Non Operating": 21078000.0,
        "Interest Income Non Operating": 3427000.0,
        "Operating Income": 114922000.0,
        "Operating Expense": -8523000.0,
        "Other Operating Expenses": -25072000.0,
        "Other Taxes": 1596000.0,
        "Depreciation Amortization Depletion Income Statement": 362000.0,
        "Depreciation And Amortization In Income Statement": 362000.0,
        "Amortization": 362000.0,
        "Amortization Of Intangibles Income Statement": 362000.0,
        "Depreciation Income Statement": NaN,
        "Selling General And Administration": 10128000.0,
        "Selling And Marketing Expense": NaN,
        "General And Administrative Expense": NaN,
        "Other Gand A": NaN,
        "Gross Profit": 106399000.0,
        "Cost Of Revenue": 374057000.0,
        "Total Revenue": 480456000.0,
        "Operating Revenue": 480456000.0
    },
    "2023-12-31": {
        "Tax Effect Of Unusual Items": -6660000.0,
        "Tax Rate For Calcs": 0.4,
        "Normalized EBITDA": 240179000.0,
        "Total Unusual Items": -16650000.0,
        "Total Unusual Items Excluding Goodwill": -16650000.0,
        "Net Income From Continuing Operation Net Minority Interest": 30717000.0,
        "Reconciled Depreciation": 122230000.0,
        "Reconciled Cost Of Revenue": 289132000.0,
        "EBITDA": 223529000.0,
        "EBIT": 101299000.0,
        "Net Interest Income": -30567000.0,
        "Interest Expense": 20317000.0,
        "Interest Income": 1592000.0,
        "Normalized Income": 40707000.0,
        "Net Income From Continuing And Discontinued Operation": 30717000.0,
        "Total Expenses": 476305000.0,
        "Total Operating Income As Reported": 129911000.0,
        "Diluted Average Shares": NaN,
        "Basic Average Shares": NaN,
        "Diluted EPS": NaN,
        "Basic EPS": NaN,
        "Diluted NI Availto Com Stockholders": 30717000.0,
        "Net Income Common Stockholders": 30717000.0,
        "Net Income": 30717000.0,
        "Minority Interests": -2811000.0,
        "Net Income Including Noncontrolling Interests": 33528000.0,
        "Net Income Continuous Operations": 33528000.0,
        "Tax Provision": 47454000.0,
        "Pretax Income": 80982000.0,
        "Other Income Expense": -14335000.0,
        "Other Non Operating Income Expenses": 2315000.0,
        "Special Income Charges": -2945000.0,
        "Gain On Sale Of Ppe": -6559000.0,
        "Impairment Of Capital Assets": 7449000.0,
        "Restructuring And Mergern Acquisition": 612000.0,
        "Gain On Sale Of Security": -13705000.0,
        "Net Non Operating Interest Income Expense": -30567000.0,
        "Total Other Finance Cost": 11842000.0,
        "Interest Expense Non Operating": 20317000.0,
        "Interest Income Non Operating": 1592000.0,
        "Operating Income": 125884000.0,
        "Operating Expense": 70872000.0,
        "Other Operating Expenses": 48120000.0,
        "Other Taxes": 1458000.0,
        "Depreciation Amortization Depletion Income Statement": 5929000.0,
        "Depreciation And Amortization In Income Statement": 5929000.0,
        "Amortization": 5929000.0,
        "Amortization Of Intangibles Income Statement": 5929000.0,
        "Depreciation Income Statement": NaN,
        "Selling General And Administration": 11354000.0,
        "Selling And Marketing Expense": NaN,
        "General And Administrative Expense": NaN,
        "Other Gand A": NaN,
        "Gross Profit": 196756000.0,
        "Cost Of Revenue": 405433000.0,
        "Total Revenue": 602189000.0,
        "Operating Revenue": 602189000.0
    },
    "2024-03-31": {
        "Tax Effect Of Unusual Items": -3265350.0,
        "Tax Rate For Calcs": 0.15,
        "Normalized EBITDA": 218486000.0,
        "Total Unusual Items": -21769000.0,
        "Total Unusual Items Excluding Goodwill": -21769000.0,
        "Net Income From Continuing Operation Net Minority Interest": 22358000.0,
        "Reconciled Depreciation": 109759000.0,
        "Reconciled Cost Of Revenue": 265033000.0,
        "EBITDA": 196717000.0,
        "EBIT": 86958000.0,
        "Net Interest Income": -28483000.0,
        "Interest Expense": 19208000.0,
        "Interest Income": 2450000.0,
        "Normalized Income": 40861650.0,
        "Net Income From Continuing And Discontinued Operation": 22358000.0,
        "Total Expenses": 405601000.0,
        "Total Operating Income As Reported": 111763000.0,
        "Diluted Average Shares": 350970348.0,
        "Basic Average Shares": 350781240.0,
        "Diluted EPS": 0.05,
        "Basic EPS": 0.05,
        "Diluted NI Availto Com Stockholders": 22358000.0,
        "Net Income Common Stockholders": 22358000.0,
        "Net Income": 22358000.0,
        "Minority Interests": 3823000.0,
        "Net Income Including Noncontrolling Interests": 18535000.0,
        "Net Income Continuous Operations": 18535000.0,
        "Tax Provision": 49215000.0,
        "Pretax Income": 67750000.0,
        "Other Income Expense": -23155000.0,
        "Other Non Operating Income Expenses": -1386000.0,
        "Special Income Charges": -9988000.0,
        "Gain On Sale Of Ppe": -9045000.0,
        "Impairment Of Capital Assets": 9045000.0,
        "Restructuring And Mergern Acquisition": 943000.0,
        "Gain On Sale Of Security": -11781000.0,
        "Net Non Operating Interest Income Expense": -28483000.0,
        "Total Other Finance Cost": 11725000.0,
        "Interest Expense Non Operating": 19208000.0,
        "Interest Income Non Operating": 2450000.0,
        "Operating Income": 119388000.0,
        "Operating Expense": 32566000.0,
        "Other Operating Expenses": 10150000.0,
        "Other Taxes": 923000.0,
        "Depreciation Amortization Depletion Income Statement": 1757000.0,
        "Depreciation And Amortization In Income Statement": 1757000.0,
        "Amortization": 1757000.0,
        "Amortization Of Intangibles Income Statement": 1757000.0,
        "Depreciation Income Statement": NaN,
        "Selling General And Administration": 16607000.0,
        "Selling And Marketing Expense": NaN,
        "General And Administrative Expense": NaN,
        "Other Gand A": NaN,
        "Gross Profit": 151954000.0,
        "Cost Of Revenue": 373035000.0,
        "Total Revenue": 524989000.0,
        "Operating Revenue": 524989000.0
    },
    "2024-06-30": {
        "Tax Effect Of Unusual Items": -2642850.0,
        "Tax Rate For Calcs": 0.15,
        "Normalized EBITDA": 134548000.0,
        "Total Unusual Items": -17619000.0,
        "Total Unusual Items Excluding Goodwill": -17619000.0,
        "Net Income From Continuing Operation Net Minority Interest": -16583000.0,
        "Reconciled Depreciation": 98028000.0,
        "Reconciled Cost Of Revenue": 254004000.0,
        "EBITDA": 116929000.0,
        "EBIT": 18901000.0,
        "Net Interest Income": -25445000.0,
        "Interest Expense": 18460000.0,
        "Interest Income": 3447000.0,
        "Normalized Income": -1606850.0,
        "Net Income From Continuing And Discontinued Operation": -16583000.0,
        "Total Expenses": 380554000.0,
        "Total Operating Income As Reported": 44732000.0,
        "Diluted Average Shares": 368344407.0,
        "Basic Average Shares": 368344407.0,
        "Diluted EPS": -0.05,
        "Basic EPS": -0.05,
        "Diluted NI Availto Com Stockholders": -16583000.0,
        "Net Income Common Stockholders": -16583000.0,
        "Net Income": -16583000.0,
        "Minority Interests": 3794000.0,
        "Net Income Including Noncontrolling Interests": -20377000.0,
        "Net Income Continuous Operations": -20377000.0,
        "Tax Provision": 20818000.0,
        "Pretax Income": 441000.0,
        "Other Income Expense": -19080000.0,
        "Other Non Operating Income Expenses": -1461000.0,
        "Special Income Charges": -2307000.0,
        "Gain On Sale Of Ppe": NaN,
        "Impairment Of Capital Assets": 2057000.0,
        "Restructuring And Mergern Acquisition": 250000.0,
        "Gain On Sale Of Security": -15312000.0,
        "Net Non Operating Interest Income Expense": -25445000.0,
        "Total Other Finance Cost": 10432000.0,
        "Interest Expense Non Operating": 18460000.0,
        "Interest Income Non Operating": 3447000.0,
        "Operating Income": 44966000.0,
        "Operating Expense": 32661000.0,
        "Other Operating Expenses": 6005000.0,
        "Other Taxes": 794000.0,
        "Depreciation Amortization Depletion Income Statement": 4139000.0,
        "Depreciation And Amortization In Income Statement": 4139000.0,
        "Amortization": 3757000.0,
        "Amortization Of Intangibles Income Statement": 3757000.0,
        "Depreciation Income Statement": 382000.0,
        "Selling General And Administration": 18035000.0,
        "Selling And Marketing Expense": 18035000.0,
        "General And Administrative Expense": NaN,
        "Other Gand A": NaN,
        "Gross Profit": 77627000.0,
        "Cost Of Revenue": 347893000.0,
        "Total Revenue": 425520000.0,
        "Operating Revenue": 425520000.0
    },
    "2024-09-30": {
        "Tax Effect Of Unusual Items": -1000804.833064,
        "Tax Rate For Calcs": 0.368214,
        "Normalized EBITDA": 196520000.0,
        "Total Unusual Items": -2718000.0,
        "Total Unusual Items Excluding Goodwill": -2718000.0,
        "Net Income From Continuing Operation Net Minority Interest": 49762000.0,
        "Reconciled Depreciation": 97884000.0,
        "Reconciled Cost Of Revenue": 249641000.0,
        "EBITDA": 193802000.0,
        "EBIT": 95918000.0,
        "Net Interest Income": -22225000.0,
        "Interest Expense": 16217000.0,
        "Interest Income": 5026000.0,
        "Normalized Income": 51479195.166936,
        "Net Income From Continuing And Discontinued Operation": 49762000.0,
        "Total Expenses": 380903000.0,
        "Total Operating Income As Reported": 105677000.0,
        "Diluted Average Shares": 394236661.0,
        "Basic Average Shares": 393604853.0,
        "Diluted EPS": 0.13,
        "Basic EPS": 0.13,
        "Diluted NI Availto Com Stockholders": 49762000.0,
        "Net Income Common Stockholders": 49762000.0,
        "Net Income": 49762000.0,
        "Minority Interests": -592000.0,
        "Net Income Including Noncontrolling Interests": 50354000.0,
        "Net Income Continuous Operations": 50354000.0,
        "Tax Provision": 29347000.0,
        "Pretax Income": 79701000.0,
        "Other Income Expense": -2944000.0,
        "Other Non Operating Income Expenses": -226000.0,
        "Special Income Charges": -2182000.0,
        "Gain On Sale Of Ppe": NaN,
        "Impairment Of Capital Assets": 2182000.0,
        "Restructuring And Mergern Acquisition": 0.0,
        "Gain On Sale Of Security": -536000.0,
        "Net Non Operating Interest Income Expense": -22225000.0,
        "Total Other Finance Cost": 11034000.0,
        "Interest Expense Non Operating": 16217000.0,
        "Interest Income Non Operating": 5026000.0,
        "Operating Income": 104870000.0,
        "Operating Expense": 34916000.0,
        "Other Operating Expenses": 16957000.0,
        "Other Taxes": 469000.0,
        "Depreciation Amortization Depletion Income Statement": 1538000.0,
        "Depreciation And Amortization In Income Statement": 1538000.0,
        "Amortization": 1538000.0,
        "Amortization Of Intangibles Income Statement": 1538000.0,
        "Depreciation Income Statement": NaN,
        "Selling General And Administration": 12040000.0,
        "Selling And Marketing Expense": NaN,
        "General And Administrative Expense": NaN,
        "Other Gand A": NaN,
        "Gross Profit": 139786000.0,
        "Cost Of Revenue": 345987000.0,
        "Total Revenue": 485773000.0,
        "Operating Revenue": 485773000.0
    }
}