{
    "2023-06-30": {
        "Tax Effect Of Unusual Items": 3144.0,
        "Tax Rate For Calcs": 0.262,
        "Total Unusual Items": 12000.0,
        "Total Unusual Items Excluding Goodwill": 12000.0,
        "Net Income From Continuing Operation Net Minority Interest": 18473000.0,
        "Reconciled Depreciation": 1536000.0,
        "Net Interest Income": 48872000.0,
        "Interest Expense": 7896000.0,
        "Interest Income": 56768000.0,
        "Normalized Income": 18464144.0,
        "Net Income From Continuing And Discontinued Operation": 18473000.0,
        "Diluted Average Shares": 32079983.0,
        "Basic Average Shares": 31980133.0,
        "Diluted EPS": 0.58,
        "Basic EPS": 0.58,
        "Diluted NI Availto Com Stockholders": 18462000.0,
        "Net Income Common Stockholders": 18462000.0,
        "Otherunder Preferred Stock Dividend": 11000.0,
        "Net Income": 18473000.0,
        "Net Income Including Noncontrolling Interests": 18473000.0,
        "Net Income Continuous Operations": 18473000.0,
        "Tax Provision": 6570000.0,
        "Pretax Income": 25043000.0,
        "Gain On Sale Of Security": 7000.0,
        "Depreciation Amortization Depletion Income Statement": 720000.0,
        "Depreciation And Amortization In Income Statement": 720000.0,
        "Amortization": 720000.0,
        "Amortization Of Intangibles Income Statement": 720000.0,
        "Selling General And Administration": 21356000.0,
        "Selling And Marketing Expense": 1359000.0,
        "General And Administrative Expense": 19997000.0,
        "Other Gand A": NaN,
        "Insurance And Claims": 630000.0,
        "Salaries And Wages": 19367000.0,
        "Total Revenue": 58438000.0,
        "Operating Revenue": 58438000.0
    },
    "2023-03-31": {
        "Tax Effect Of Unusual Items": -2410.0,
        "Tax Rate For Calcs": 0.241,
        "Total Unusual Items": -10000.0,
        "Total Unusual Items Excluding Goodwill": -10000.0,
        "Net Income From Continuing Operation Net Minority Interest": 9208000.0,
        "Reconciled Depreciation": 1303000.0,
        "Net Interest Income": 46837000.0,
        "Interest Expense": 4942000.0,
        "Interest Income": 51779000.0,
        "Normalized Income": 9215590.0,
        "Net Income From Continuing And Discontinued Operation": 9208000.0,
        "Diluted Average Shares": 31047151.0,
        "Basic Average Shares": 30977204.0,
        "Diluted EPS": 0.3,
        "Basic EPS": 0.3,
        "Diluted NI Availto Com Stockholders": 9203000.0,
        "Net Income Common Stockholders": 9203000.0,
        "Otherunder Preferred Stock Dividend": 5000.0,
        "Net Income": 9208000.0,
        "Net Income Including Noncontrolling Interests": 9208000.0,
        "Net Income Continuous Operations": 9208000.0,
        "Tax Provision": 2923000.0,
        "Pretax Income": 12131000.0,
        "Gain On Sale Of Security": -1029000.0,
        "Depreciation Amortization Depletion Income Statement": 510000.0,
        "Depreciation And Amortization In Income Statement": 510000.0,
        "Amortization": 510000.0,
        "Amortization Of Intangibles Income Statement": 510000.0,
        "Selling General And Administration": 23145000.0,
        "Selling And Marketing Expense": 836000.0,
        "General And Administrative Expense": 22309000.0,
        "Other Gand A": NaN,
        "Insurance And Claims": 563000.0,
        "Salaries And Wages": 21746000.0,
        "Total Revenue": 53996000.0,
        "Operating Revenue": 53996000.0
    },
    "2022-12-31": {
        "Tax Effect Of Unusual Items": -26674.709055,
        "Tax Rate For Calcs": 0.254045,
        "Total Unusual Items": -105000.0,
        "Total Unusual Items Excluding Goodwill": -105000.0,
        "Net Income From Continuing Operation Net Minority Interest": 13140000.0,
        "Reconciled Depreciation": 887000.0,
        "Net Interest Income": 42183000.0,
        "Interest Expense": 2765000.0,
        "Interest Income": 44948000.0,
        "Normalized Income": 13218325.290945,
        "Net Income From Continuing And Discontinued Operation": 13140000.0,
        "Diluted Average Shares": 29079661.0,
        "Basic Average Shares": 28752626.0,
        "Diluted EPS": 0.59,
        "Basic EPS": 0.6,
        "Diluted NI Availto Com Stockholders": 13191000.0,
        "Net Income Common Stockholders": 13191000.0,
        "Otherunder Preferred Stock Dividend": NaN,
        "Net Income": 13140000.0,
        "Net Income Including Noncontrolling Interests": 13140000.0,
        "Net Income Continuous Operations": 13140000.0,
        "Tax Provision": 4475000.0,
        "Pretax Income": 17615000.0,
        "Gain On Sale Of Security": 33000.0,
        "Depreciation Amortization Depletion Income Statement": 140000.0,
        "Depreciation And Amortization In Income Statement": 140000.0,
        "Amortization": 140000.0,
        "Amortization Of Intangibles Income Statement": 140000.0,
        "Selling General And Administration": 11273000.0,
        "Selling And Marketing Expense": 867000.0,
        "General And Administrative Expense": 10406000.0,
        "Other Gand A": NaN,
        "Insurance And Claims": 276000.0,
        "Salaries And Wages": 15404000.0,
        "Total Revenue": 49794000.0,
        "Operating Revenue": 49794000.0
    },
    "2022-09-30": {
        "Tax Effect Of Unusual Items": -67651.977401,
        "Tax Rate For Calcs": 0.264266,
        "Total Unusual Items": -256000.0,
        "Total Unusual Items Excluding Goodwill": -256000.0,
        "Net Income From Continuing Operation Net Minority Interest": 15627000.0,
        "Reconciled Depreciation": 243000.0,
        "Net Interest Income": 37390000.0,
        "Interest Expense": 1624000.0,
        "Interest Income": 39014000.0,
        "Normalized Income": 15815348.022599,
        "Net Income From Continuing And Discontinued Operation": 15627000.0,
        "Diluted Average Shares": 28860305.0,
        "Basic Average Shares": 28787662.0,
        "Diluted EPS": 0.54,
        "Basic EPS": 0.54,
        "Diluted NI Availto Com Stockholders": 15610000.0,
        "Net Income Common Stockholders": 15610000.0,
        "Otherunder Preferred Stock Dividend": 17000.0,
        "Net Income": 15627000.0,
        "Net Income Including Noncontrolling Interests": 15627000.0,
        "Net Income Continuous Operations": 15627000.0,
        "Tax Provision": 5613000.0,
        "Pretax Income": 21240000.0,
        "Gain On Sale Of Security": -107000.0,
        "Depreciation Amortization Depletion Income Statement": 243000.0,
        "Depreciation And Amortization In Income Statement": 243000.0,
        "Amortization": 243000.0,
        "Amortization Of Intangibles Income Statement": 243000.0,
        "Selling General And Administration": 17336000.0,
        "Selling And Marketing Expense": 880000.0,
        "General And Administrative Expense": 16456000.0,
        "Other Gand A": 1631000.0,
        "Insurance And Claims": 302000.0,
        "Salaries And Wages": 14523000.0,
        "Total Revenue": 45288000.0,
        "Operating Revenue": 45288000.0
    },
    "2022-06-30": {
        "Tax Effect Of Unusual Items": -12810.899298,
        "Tax Rate For Calcs": 0.256218,
        "Total Unusual Items": -50000.0,
        "Total Unusual Items Excluding Goodwill": -50000.0,
        "Net Income From Continuing Operation Net Minority Interest": 14085000.0,
        "Reconciled Depreciation": 245000.0,
        "Net Interest Income": 34373000.0,
        "Interest Expense": 1384000.0,
        "Interest Income": 35757000.0,
        "Normalized Income": 14122189.100702,
        "Net Income From Continuing And Discontinued Operation": 14085000.0,
        "Diluted Average Shares": 28944876.0,
        "Basic Average Shares": 28891202.0,
        "Diluted EPS": 0.49,
        "Basic EPS": 0.49,
        "Diluted NI Availto Com Stockholders": 14068000.0,
        "Net Income Common Stockholders": 14068000.0,
        "Otherunder Preferred Stock Dividend": 17000.0,
        "Net Income": 14085000.0,
        "Net Income Including Noncontrolling Interests": 14085000.0,
        "Net Income Continuous Operations": 14085000.0,
        "Tax Provision": 4852000.0,
        "Pretax Income": 18937000.0,
        "Gain On Sale Of Security": -153000.0,
        "Depreciation Amortization Depletion Income Statement": 245000.0,
        "Depreciation And Amortization In Income Statement": 245000.0,
        "Amortization": 245000.0,
        "Amortization Of Intangibles Income Statement": 245000.0,
        "Selling General And Administration": 18413000.0,
        "Selling And Marketing Expense": 1205000.0,
        "General And Administrative Expense": 17208000.0,
        "Other Gand A": 1990000.0,
        "Insurance And Claims": 298000.0,
        "Salaries And Wages": 14920000.0,
        "Total Revenue": 42646000.0,
        "Operating Revenue": 42646000.0
    },
    "2022-03-31": {
        "Diluted EPS": 0.47,
        "Total Revenue": 43,
        "Gross Profit": 42,
        "Operating Income": 18,
        "EBIT": NaN,
        "Net Income": 14
    },
    "2021-12-31": {
        "Diluted EPS": 0.47,
        "Total Revenue": 44,
        "Gross Profit": 42,
        "Operating Income": 19,
        "EBIT": NaN,
        "Net Income": 14
    },
    "2021-09-30": {
        "Diluted EPS": 0.5,
        "Total Revenue": 41,
        "Gross Profit": 39,
        "Operating Income": 19,
        "EBIT": NaN,
        "Net Income": 14
    },
    "2021-06-30": {
        "Diluted EPS": 0.5,
        "Total Revenue": 40,
        "Gross Profit": 38,
        "Operating Income": 18,
        "EBIT": NaN,
        "Net Income": 14
    },
    "2021-03-31": {
        "Diluted EPS": 0.55,
        "Total Revenue": 41,
        "Gross Profit": 40,
        "Operating Income": 21,
        "EBIT": NaN,
        "Net Income": 15
    },
    "2020-12-31": {
        "Diluted EPS": 0.46,
        "Total Revenue": 42,
        "Gross Profit": 40,
        "Operating Income": 17,
        "EBIT": NaN,
        "Net Income": 13
    },
    "2020-09-30": {
        "Diluted EPS": 0.38,
        "Total Revenue": 40,
        "Gross Profit": 39,
        "Operating Income": 14,
        "EBIT": NaN,
        "Net Income": 11
    },
    "2020-06-30": {
        "Diluted EPS": 0.27,
        "Total Revenue": 38,
        "Gross Profit": 37,
        "Operating Income": 10,
        "EBIT": NaN,
        "Net Income": 7
    },
    "2020-03-31": {
        "Diluted EPS": 0.23,
        "Total Revenue": 38,
        "Gross Profit": 36,
        "Operating Income": 8,
        "EBIT": NaN,
        "Net Income": 6
    },
    "2019-12-31": {
        "Diluted EPS": 0.51,
        "Total Revenue": 45,
        "Gross Profit": 43,
        "Operating Income": 21,
        "EBIT": NaN,
        "Net Income": 16
    },
    "2019-09-30": {
        "Diluted EPS": 0.97,
        "Total Revenue": 43,
        "Gross Profit": 41,
        "Operating Income": 18,
        "EBIT": NaN,
        "Net Income": 17
    },
    "2019-06-30": {
        "Diluted EPS": 0.81,
        "Total Revenue": 44,
        "Gross Profit": 41,
        "Operating Income": 15,
        "EBIT": NaN,
        "Net Income": 15
    },
    "2019-03-31": {
        "Diluted EPS": 1.04,
        "Total Revenue": 44,
        "Gross Profit": 42,
        "Operating Income": 19,
        "EBIT": NaN,
        "Net Income": 19
    },
    "2018-12-31": {
        "Diluted EPS": 0.0,
        "Total Revenue": NaN,
        "Gross Profit": NaN,
        "Operating Income": NaN,
        "EBIT": NaN,
        "Net Income": NaN
    },
    "2018-09-30": {
        "Diluted EPS": 0.98,
        "Total Revenue": 43,
        "Gross Profit": 41,
        "Operating Income": 18,
        "EBIT": NaN,
        "Net Income": 18
    },
    "2017-12-31": {
        "Diluted EPS": 0.0,
        "Total Revenue": NaN,
        "Gross Profit": NaN,
        "Operating Income": NaN,
        "EBIT": NaN,
        "Net Income": NaN
    },
    "2023-09-30": {
        "Tax Effect Of Unusual Items": 155918.0,
        "Tax Rate For Calcs": 0.259,
        "Total Unusual Items": 602000.0,
        "Total Unusual Items Excluding Goodwill": 602000.0,
        "Net Income From Continuing Operation Net Minority Interest": 19715000.0,
        "Reconciled Depreciation": 1473000.0,
        "Net Interest Income": 48279000.0,
        "Interest Expense": 10762000.0,
        "Interest Income": 59041000.0,
        "Normalized Income": 19268918.0,
        "Net Income From Continuing And Discontinued Operation": 19715000.0,
        "Diluted Average Shares": 31966437.0,
        "Basic Average Shares": 31829250.0,
        "Diluted EPS": 0.62,
        "Basic EPS": 0.62,
        "Diluted NI Availto Com Stockholders": 19705000.0,
        "Net Income Common Stockholders": 19705000.0,
        "Otherunder Preferred Stock Dividend": 10000.0,
        "Net Income": 19715000.0,
        "Net Income Including Noncontrolling Interests": 19715000.0,
        "Net Income Continuous Operations": 19715000.0,
        "Tax Provision": 6903000.0,
        "Pretax Income": 26618000.0,
        "Gain On Sale Of Security": -859000.0,
        "Depreciation Amortization Depletion Income Statement": 720000.0,
        "Depreciation And Amortization In Income Statement": 720000.0,
        "Amortization": 720000.0,
        "Amortization Of Intangibles Income Statement": 720000.0,
        "Selling General And Administration": 23032000.0,
        "Selling And Marketing Expense": 1679000.0,
        "General And Administrative Expense": 21353000.0,
        "Other Gand A": 2581000.0,
        "Insurance And Claims": 512000.0,
        "Salaries And Wages": 18260000.0,
        "Total Revenue": 57424000.0,
        "Operating Revenue": 57424000.0
    },
    "2023-12-31": {
        "Tax Effect Of Unusual Items": NaN,
        "Tax Rate For Calcs": NaN,
        "Total Unusual Items": NaN,
        "Total Unusual Items Excluding Goodwill": NaN,
        "Net Income From Continuing Operation Net Minority Interest": NaN,
        "Reconciled Depreciation": NaN,
        "Net Interest Income": NaN,
        "Interest Expense": NaN,
        "Interest Income": NaN,
        "Normalized Income": NaN,
        "Net Income From Continuing And Discontinued Operation": NaN,
        "Diluted Average Shares": 31708381.0,
        "Basic Average Shares": 31708381.0,
        "Diluted EPS": 0.58,
        "Basic EPS": 0.58,
        "Diluted NI Availto Com Stockholders": NaN,
        "Net Income Common Stockholders": NaN,
        "Otherunder Preferred Stock Dividend": NaN,
        "Net Income": NaN,
        "Net Income Including Noncontrolling Interests": NaN,
        "Net Income Continuous Operations": NaN,
        "Tax Provision": NaN,
        "Pretax Income": NaN,
        "Gain On Sale Of Security": NaN,
        "Depreciation Amortization Depletion Income Statement": NaN,
        "Depreciation And Amortization In Income Statement": NaN,
        "Amortization": NaN,
        "Amortization Of Intangibles Income Statement": NaN,
        "Selling General And Administration": NaN,
        "Selling And Marketing Expense": NaN,
        "General And Administrative Expense": NaN,
        "Other Gand A": NaN,
        "Insurance And Claims": NaN,
        "Salaries And Wages": NaN,
        "Total Revenue": NaN,
        "Operating Revenue": NaN
    }
}