{
    "2023-03-31": {
        "Tax Effect Of Unusual Items": 0.0,
        "Tax Rate For Calcs": 0.21,
        "Normalized EBITDA": -20310000.0,
        "Net Income From Continuing Operation Net Minority Interest": -33190000.0,
        "Reconciled Depreciation": 10994000.0,
        "Reconciled Cost Of Revenue": 38304000.0,
        "EBITDA": -20310000.0,
        "EBIT": -31304000.0,
        "Net Interest Income": 1788000.0,
        "Interest Expense": 1817000.0,
        "Interest Income": 3605000.0,
        "Normalized Income": -33190000.0,
        "Net Income From Continuing And Discontinued Operation": -33190000.0,
        "Total Expenses": 108782000.0,
        "Total Operating Income As Reported": -34914000.0,
        "Diluted Average Shares": 55485000.0,
        "Basic Average Shares": 55485000.0,
        "Diluted EPS": -0.6,
        "Basic EPS": -0.6,
        "Diluted NI Availto Com Stockholders": -33190000.0,
        "Net Income Common Stockholders": -33190000.0,
        "Net Income": -33190000.0,
        "Net Income Including Noncontrolling Interests": -33190000.0,
        "Net Income Continuous Operations": -33190000.0,
        "Tax Provision": 69000.0,
        "Pretax Income": -33121000.0,
        "Other Income Expense": 5000.0,
        "Other Non Operating Income Expenses": 5000.0,
        "Net Non Operating Interest Income Expense": 1788000.0,
        "Interest Expense Non Operating": 1817000.0,
        "Interest Income Non Operating": 3605000.0,
        "Operating Income": -34914000.0,
        "Operating Expense": 70478000.0,
        "Depreciation Amortization Depletion Income Statement": 10994000.0,
        "Depreciation And Amortization In Income Statement": 10994000.0,
        "Research And Development": 17082000.0,
        "Selling General And Administration": 42402000.0,
        "Selling And Marketing Expense": 18569000.0,
        "General And Administrative Expense": 23833000.0,
        "Other Gand A": 23833000.0,
        "Gross Profit": 35564000.0,
        "Cost Of Revenue": 38304000.0,
        "Total Revenue": 73868000.0,
        "Operating Revenue": 73868000.0
    },
    "2022-12-31": {
        "Tax Effect Of Unusual Items": 0.0,
        "Tax Rate For Calcs": 0.21,
        "Normalized EBITDA": -22245000.0,
        "Net Income From Continuing Operation Net Minority Interest": -35782000.0,
        "Reconciled Depreciation": 11664000.0,
        "Reconciled Cost Of Revenue": 38106000.0,
        "EBITDA": -22245000.0,
        "EBIT": -33909000.0,
        "Net Interest Income": 1047000.0,
        "Interest Expense": 1814000.0,
        "Interest Income": 2861000.0,
        "Normalized Income": -35782000.0,
        "Net Income From Continuing And Discontinued Operation": -35782000.0,
        "Total Expenses": 105907000.0,
        "Total Operating Income As Reported": -36745000.0,
        "Diluted Average Shares": 54496000.0,
        "Basic Average Shares": 54496000.0,
        "Diluted EPS": -0.66,
        "Basic EPS": -0.66,
        "Diluted NI Availto Com Stockholders": -35782000.0,
        "Net Income Common Stockholders": -35782000.0,
        "Net Income": -35782000.0,
        "Net Income Including Noncontrolling Interests": -35782000.0,
        "Net Income Continuous Operations": -35782000.0,
        "Tax Provision": 59000.0,
        "Pretax Income": -35723000.0,
        "Other Income Expense": -25000.0,
        "Other Non Operating Income Expenses": -25000.0,
        "Net Non Operating Interest Income Expense": 1047000.0,
        "Interest Expense Non Operating": 1814000.0,
        "Interest Income Non Operating": 2861000.0,
        "Operating Income": -36745000.0,
        "Operating Expense": 67801000.0,
        "Depreciation Amortization Depletion Income Statement": 11664000.0,
        "Depreciation And Amortization In Income Statement": 11664000.0,
        "Research And Development": 19614000.0,
        "Selling General And Administration": 36523000.0,
        "Selling And Marketing Expense": 20373000.0,
        "General And Administrative Expense": 16150000.0,
        "Other Gand A": 16150000.0,
        "Gross Profit": 31056000.0,
        "Cost Of Revenue": 38106000.0,
        "Total Revenue": 69162000.0,
        "Operating Revenue": 69162000.0
    },
    "2022-09-30": {
        "Tax Effect Of Unusual Items": 0.0,
        "Tax Rate For Calcs": 0.21,
        "Normalized EBITDA": -33349000.0,
        "Total Unusual Items": NaN,
        "Total Unusual Items Excluding Goodwill": NaN,
        "Net Income From Continuing Operation Net Minority Interest": -45735000.0,
        "Reconciled Depreciation": 12372000.0,
        "Reconciled Cost Of Revenue": 36340000.0,
        "EBITDA": -33349000.0,
        "EBIT": -45721000.0,
        "Net Interest Income": 142000.0,
        "Interest Expense": 1811000.0,
        "Interest Income": 1976000.0,
        "Normalized Income": -45735000.0,
        "Net Income From Continuing And Discontinued Operation": -45735000.0,
        "Total Expenses": 114075000.0,
        "Total Operating Income As Reported": -45721000.0,
        "Diluted Average Shares": 54304000.0,
        "Basic Average Shares": 54304000.0,
        "Diluted EPS": -0.84,
        "Basic EPS": -0.84,
        "Diluted NI Availto Com Stockholders": -45735000.0,
        "Net Income Common Stockholders": -45735000.0,
        "Net Income": -45735000.0,
        "Net Income Including Noncontrolling Interests": -45735000.0,
        "Net Income Continuous Operations": -45735000.0,
        "Tax Provision": 156000.0,
        "Pretax Income": -45579000.0,
        "Other Income Expense": -23000.0,
        "Other Non Operating Income Expenses": -23000.0,
        "Special Income Charges": NaN,
        "Net Non Operating Interest Income Expense": 142000.0,
        "Total Other Finance Cost": -142000.0,
        "Interest Expense Non Operating": 1811000.0,
        "Interest Income Non Operating": 1976000.0,
        "Operating Income": -45721000.0,
        "Operating Expense": 77735000.0,
        "Depreciation Amortization Depletion Income Statement": 12372000.0,
        "Depreciation And Amortization In Income Statement": 12372000.0,
        "Research And Development": 20770000.0,
        "Selling General And Administration": 44593000.0,
        "Selling And Marketing Expense": 25401000.0,
        "General And Administrative Expense": 19192000.0,
        "Other Gand A": 19192000.0,
        "Gross Profit": 32014000.0,
        "Cost Of Revenue": 36340000.0,
        "Total Revenue": 68354000.0,
        "Operating Revenue": 68354000.0
    },
    "2022-06-30": {
        "Tax Effect Of Unusual Items": 0.0,
        "Tax Rate For Calcs": 0.027464,
        "Normalized EBITDA": -19951000.0,
        "Total Unusual Items": NaN,
        "Total Unusual Items Excluding Goodwill": NaN,
        "Net Income From Continuing Operation Net Minority Interest": -33428000.0,
        "Reconciled Depreciation": 12612000.0,
        "Reconciled Cost Of Revenue": 34607000.0,
        "EBITDA": -19951000.0,
        "EBIT": -32563000.0,
        "Net Interest Income": -1133000.0,
        "Interest Expense": 1809000.0,
        "Interest Income": 676000.0,
        "Normalized Income": -33428000.0,
        "Net Income From Continuing And Discontinued Operation": -33428000.0,
        "Total Expenses": 103825000.0,
        "Total Operating Income As Reported": -33192000.0,
        "Diluted Average Shares": 53675000.0,
        "Basic Average Shares": 53675000.0,
        "Diluted EPS": -0.62,
        "Basic EPS": -0.62,
        "Diluted NI Availto Com Stockholders": -33428000.0,
        "Net Income Common Stockholders": -33428000.0,
        "Net Income": -33428000.0,
        "Net Income Including Noncontrolling Interests": -33428000.0,
        "Net Income Continuous Operations": -33428000.0,
        "Tax Provision": -944000.0,
        "Pretax Income": -34372000.0,
        "Other Income Expense": -47000.0,
        "Other Non Operating Income Expenses": -47000.0,
        "Special Income Charges": NaN,
        "Net Non Operating Interest Income Expense": -1133000.0,
        "Total Other Finance Cost": NaN,
        "Interest Expense Non Operating": 1809000.0,
        "Interest Income Non Operating": 676000.0,
        "Operating Income": -33192000.0,
        "Operating Expense": 69218000.0,
        "Depreciation Amortization Depletion Income Statement": 12612000.0,
        "Depreciation And Amortization In Income Statement": 12612000.0,
        "Research And Development": 18148000.0,
        "Selling General And Administration": 38458000.0,
        "Selling And Marketing Expense": 20922000.0,
        "General And Administrative Expense": 17536000.0,
        "Other Gand A": 17536000.0,
        "Gross Profit": 36026000.0,
        "Cost Of Revenue": 34607000.0,
        "Total Revenue": 70633000.0,
        "Operating Revenue": 70633000.0
    },
    "2022-03-31": {
        "Diluted EPS": -0.54,
        "Total Revenue": 68,
        "Gross Profit": 34,
        "Operating Income": -24,
        "EBIT": -12,
        "Net Income": -22
    },
    "2021-12-31": {
        "Diluted EPS": -0.96,
        "Total Revenue": 65,
        "Gross Profit": 31,
        "Operating Income": -45,
        "EBIT": -31,
        "Net Income": -49
    },
    "2021-09-30": {
        "Diluted EPS": -0.82,
        "Total Revenue": 62,
        "Gross Profit": 29,
        "Operating Income": -42,
        "EBIT": -29,
        "Net Income": -40
    },
    "2021-06-30": {
        "Diluted EPS": -0.8,
        "Total Revenue": 60,
        "Gross Profit": 30,
        "Operating Income": -32,
        "EBIT": -21,
        "Net Income": -36
    },
    "2021-03-31": {
        "Diluted EPS": -0.65,
        "Total Revenue": 56,
        "Gross Profit": 29,
        "Operating Income": -24,
        "EBIT": -14,
        "Net Income": -28
    },
    "2020-12-31": {
        "Diluted EPS": -1.05,
        "Total Revenue": 53,
        "Gross Profit": 27,
        "Operating Income": -39,
        "EBIT": -28,
        "Net Income": -43
    },
    "2020-09-30": {
        "Diluted EPS": -0.68,
        "Total Revenue": 47,
        "Gross Profit": 23,
        "Operating Income": -23,
        "EBIT": -16,
        "Net Income": -27
    },
    "2020-06-30": {
        "Diluted EPS": -0.71,
        "Total Revenue": 43,
        "Gross Profit": 20,
        "Operating Income": -16,
        "EBIT": -10,
        "Net Income": -27
    },
    "2020-03-31": {
        "Diluted EPS": -0.47,
        "Total Revenue": 45,
        "Gross Profit": 21,
        "Operating Income": -18,
        "EBIT": -15,
        "Net Income": -17
    },
    "2019-12-31": {
        "Diluted EPS": 26.73,
        "Total Revenue": 44,
        "Gross Profit": 22,
        "Operating Income": -14,
        "EBIT": -11,
        "Net Income": -14
    },
    "2019-09-30": {
        "Diluted EPS": -1.4,
        "Total Revenue": 39,
        "Gross Profit": 21,
        "Operating Income": -21,
        "EBIT": -18,
        "Net Income": -40
    },
    "2019-06-30": {
        "Diluted EPS": -21.98,
        "Total Revenue": 37,
        "Gross Profit": 19,
        "Operating Income": -9,
        "EBIT": -7,
        "Net Income": -109
    },
    "2019-03-31": {
        "Diluted EPS": -16.21,
        "Total Revenue": 35,
        "Gross Profit": 18,
        "Operating Income": -11,
        "EBIT": -9,
        "Net Income": -78
    },
    "2018-12-31": {
        "Diluted EPS": 0.0,
        "Total Revenue": NaN,
        "Gross Profit": NaN,
        "Operating Income": NaN,
        "EBIT": NaN,
        "Net Income": NaN
    },
    "2018-09-30": {
        "Diluted EPS": -3.71,
        "Total Revenue": 33,
        "Gross Profit": 16,
        "Operating Income": -16,
        "EBIT": -16,
        "Net Income": -17
    },
    "2017-12-31": {
        "Diluted EPS": 0.0,
        "Total Revenue": NaN,
        "Gross Profit": NaN,
        "Operating Income": NaN,
        "EBIT": NaN,
        "Net Income": NaN
    },
    "2023-06-30": {
        "Tax Effect Of Unusual Items": 0.0,
        "Tax Rate For Calcs": 0.21,
        "Normalized EBITDA": -19972000.0,
        "Net Income From Continuing Operation Net Minority Interest": -32613000.0,
        "Reconciled Depreciation": 10735000.0,
        "Reconciled Cost Of Revenue": 39438000.0,
        "EBITDA": -19972000.0,
        "EBIT": -30707000.0,
        "Net Interest Income": 2084000.0,
        "Interest Expense": 1821000.0,
        "Interest Income": 3905000.0,
        "Normalized Income": -32613000.0,
        "Net Income From Continuing And Discontinued Operation": -32613000.0,
        "Total Expenses": 107831000.0,
        "Total Operating Income As Reported": -34618000.0,
        "Diluted Average Shares": 55977000.0,
        "Basic Average Shares": 55977000.0,
        "Diluted EPS": -0.58,
        "Basic EPS": -0.58,
        "Diluted NI Availto Com Stockholders": -32613000.0,
        "Net Income Common Stockholders": -32613000.0,
        "Net Income": -32613000.0,
        "Net Income Including Noncontrolling Interests": -32613000.0,
        "Net Income Continuous Operations": -32613000.0,
        "Tax Provision": 85000.0,
        "Pretax Income": -32528000.0,
        "Other Income Expense": 6000.0,
        "Other Non Operating Income Expenses": 6000.0,
        "Net Non Operating Interest Income Expense": 2084000.0,
        "Interest Expense Non Operating": 1821000.0,
        "Interest Income Non Operating": 3905000.0,
        "Operating Income": -34618000.0,
        "Operating Expense": 68393000.0,
        "Depreciation Amortization Depletion Income Statement": 10735000.0,
        "Depreciation And Amortization In Income Statement": 10735000.0,
        "Research And Development": 17590000.0,
        "Selling General And Administration": 40068000.0,
        "Selling And Marketing Expense": 16397000.0,
        "General And Administrative Expense": 23671000.0,
        "Other Gand A": 23671000.0,
        "Gross Profit": 33775000.0,
        "Cost Of Revenue": 39438000.0,
        "Total Revenue": 73213000.0,
        "Operating Revenue": 73213000.0
    },
    "2023-09-30": {
        "Tax Effect Of Unusual Items": 0.0,
        "Tax Rate For Calcs": 0.21,
        "Normalized EBITDA": -9960000.0,
        "Net Income From Continuing Operation Net Minority Interest": -22032000.0,
        "Reconciled Depreciation": 10190000.0,
        "Reconciled Cost Of Revenue": 41787000.0,
        "EBITDA": -9960000.0,
        "EBIT": -20150000.0,
        "Net Interest Income": 2635000.0,
        "Interest Expense": 1823000.0,
        "Interest Income": 4458000.0,
        "Normalized Income": -22032000.0,
        "Net Income From Continuing And Discontinued Operation": -22032000.0,
        "Total Expenses": 98353000.0,
        "Total Operating Income As Reported": -24580000.0,
        "Diluted Average Shares": 56710602.0,
        "Basic Average Shares": 56710602.0,
        "Diluted EPS": -0.39,
        "Basic EPS": -0.39,
        "Diluted NI Availto Com Stockholders": -22032000.0,
        "Net Income Common Stockholders": -22032000.0,
        "Net Income": -22032000.0,
        "Net Income Including Noncontrolling Interests": -22032000.0,
        "Net Income Continuous Operations": -22032000.0,
        "Tax Provision": 59000.0,
        "Pretax Income": -21973000.0,
        "Other Income Expense": -28000.0,
        "Other Non Operating Income Expenses": -28000.0,
        "Net Non Operating Interest Income Expense": 2635000.0,
        "Interest Expense Non Operating": 1823000.0,
        "Interest Income Non Operating": 4458000.0,
        "Operating Income": -24580000.0,
        "Operating Expense": 56566000.0,
        "Depreciation Amortization Depletion Income Statement": 10190000.0,
        "Depreciation And Amortization In Income Statement": 10190000.0,
        "Research And Development": 17667000.0,
        "Selling General And Administration": 28709000.0,
        "Selling And Marketing Expense": 15084000.0,
        "General And Administrative Expense": 13625000.0,
        "Other Gand A": 13625000.0,
        "Gross Profit": 31986000.0,
        "Cost Of Revenue": 41787000.0,
        "Total Revenue": 73773000.0,
        "Operating Revenue": 73773000.0
    }
}