{
    "2023-03-31": {
        "Tax Effect Of Unusual Items": NaN,
        "Tax Rate For Calcs": NaN,
        "Normalized EBITDA": NaN,
        "Total Unusual Items": NaN,
        "Total Unusual Items Excluding Goodwill": NaN,
        "Net Income From Continuing Operation Net Minority Interest": NaN,
        "Reconciled Depreciation": NaN,
        "Reconciled Cost Of Revenue": NaN,
        "EBITDA": NaN,
        "EBIT": NaN,
        "Net Interest Income": NaN,
        "Interest Expense": 7443000.0,
        "Interest Income": 8903000.0,
        "Normalized Income": NaN,
        "Net Income From Continuing And Discontinued Operation": NaN,
        "Total Expenses": NaN,
        "Total Operating Income As Reported": NaN,
        "Diluted Average Shares": NaN,
        "Basic Average Shares": NaN,
        "Diluted EPS": NaN,
        "Basic EPS": NaN,
        "Diluted NI Availto Com Stockholders": NaN,
        "Net Income Common Stockholders": NaN,
        "Net Income": NaN,
        "Net Income Including Noncontrolling Interests": NaN,
        "Net Income Continuous Operations": NaN,
        "Tax Provision": NaN,
        "Pretax Income": NaN,
        "Other Income Expense": NaN,
        "Other Non Operating Income Expenses": 221000.0,
        "Special Income Charges": NaN,
        "Other Special Charges": NaN,
        "Net Non Operating Interest Income Expense": NaN,
        "Total Other Finance Cost": -1460000.0,
        "Interest Expense Non Operating": 7443000.0,
        "Interest Income Non Operating": 8903000.0,
        "Operating Income": NaN,
        "Operating Expense": NaN,
        "Depreciation Amortization Depletion Income Statement": 37213000.0,
        "Selling General And Administration": NaN,
        "General And Administrative Expense": 14516000.0,
        "Other Gand A": 14516000.0,
        "Gross Profit": NaN,
        "Cost Of Revenue": NaN,
        "Total Revenue": NaN,
        "Operating Revenue": NaN
    },
    "2022-12-31": {
        "Tax Effect Of Unusual Items": NaN,
        "Tax Rate For Calcs": NaN,
        "Normalized EBITDA": NaN,
        "Total Unusual Items": NaN,
        "Total Unusual Items Excluding Goodwill": NaN,
        "Net Income From Continuing Operation Net Minority Interest": NaN,
        "Reconciled Depreciation": NaN,
        "Reconciled Cost Of Revenue": NaN,
        "EBITDA": NaN,
        "EBIT": NaN,
        "Net Interest Income": NaN,
        "Interest Expense": -1711000.0,
        "Interest Income": NaN,
        "Normalized Income": NaN,
        "Net Income From Continuing And Discontinued Operation": NaN,
        "Total Expenses": NaN,
        "Total Operating Income As Reported": NaN,
        "Diluted Average Shares": NaN,
        "Basic Average Shares": NaN,
        "Diluted EPS": NaN,
        "Basic EPS": NaN,
        "Diluted NI Availto Com Stockholders": NaN,
        "Net Income Common Stockholders": NaN,
        "Net Income": NaN,
        "Net Income Including Noncontrolling Interests": NaN,
        "Net Income Continuous Operations": NaN,
        "Tax Provision": NaN,
        "Pretax Income": NaN,
        "Other Income Expense": NaN,
        "Other Non Operating Income Expenses": 0.0,
        "Special Income Charges": NaN,
        "Other Special Charges": NaN,
        "Net Non Operating Interest Income Expense": NaN,
        "Total Other Finance Cost": NaN,
        "Interest Expense Non Operating": -1711000.0,
        "Interest Income Non Operating": NaN,
        "Operating Income": NaN,
        "Operating Expense": NaN,
        "Depreciation Amortization Depletion Income Statement": 28306000.0,
        "Selling General And Administration": NaN,
        "General And Administrative Expense": NaN,
        "Other Gand A": NaN,
        "Gross Profit": NaN,
        "Cost Of Revenue": NaN,
        "Total Revenue": NaN,
        "Operating Revenue": NaN
    },
    "2022-09-30": {
        "Tax Effect Of Unusual Items": NaN,
        "Tax Rate For Calcs": NaN,
        "Normalized EBITDA": NaN,
        "Total Unusual Items": NaN,
        "Total Unusual Items Excluding Goodwill": NaN,
        "Net Income From Continuing Operation Net Minority Interest": NaN,
        "Reconciled Depreciation": NaN,
        "Reconciled Cost Of Revenue": NaN,
        "EBITDA": NaN,
        "EBIT": NaN,
        "Net Interest Income": NaN,
        "Interest Expense": 5701000.0,
        "Interest Income": NaN,
        "Normalized Income": NaN,
        "Net Income From Continuing And Discontinued Operation": NaN,
        "Total Expenses": NaN,
        "Total Operating Income As Reported": NaN,
        "Diluted Average Shares": NaN,
        "Basic Average Shares": NaN,
        "Diluted EPS": NaN,
        "Basic EPS": NaN,
        "Diluted NI Availto Com Stockholders": NaN,
        "Net Income Common Stockholders": NaN,
        "Net Income": NaN,
        "Net Income Including Noncontrolling Interests": NaN,
        "Net Income Continuous Operations": NaN,
        "Tax Provision": NaN,
        "Pretax Income": NaN,
        "Other Income Expense": NaN,
        "Other Non Operating Income Expenses": NaN,
        "Special Income Charges": NaN,
        "Other Special Charges": NaN,
        "Net Non Operating Interest Income Expense": NaN,
        "Total Other Finance Cost": 5701000.0,
        "Interest Expense Non Operating": 5701000.0,
        "Interest Income Non Operating": NaN,
        "Operating Income": NaN,
        "Operating Expense": NaN,
        "Depreciation Amortization Depletion Income Statement": 30805000.0,
        "Selling General And Administration": NaN,
        "General And Administrative Expense": 10557000.0,
        "Other Gand A": 10557000.0,
        "Gross Profit": NaN,
        "Cost Of Revenue": NaN,
        "Total Revenue": NaN,
        "Operating Revenue": NaN
    },
    "2022-06-30": {
        "Tax Effect Of Unusual Items": -1497722.116995,
        "Tax Rate For Calcs": 0.187098,
        "Normalized EBITDA": 410907000.0,
        "Total Unusual Items": -8005000.0,
        "Total Unusual Items Excluding Goodwill": -8005000.0,
        "Net Income From Continuing Operation Net Minority Interest": 296992000.0,
        "Reconciled Depreciation": 30371000.0,
        "Reconciled Cost Of Revenue": 201750000.0,
        "EBITDA": 402902000.0,
        "EBIT": 372531000.0,
        "Net Interest Income": -7183000.0,
        "Interest Expense": 7183000.0,
        "Normalized Income": 303499277.883005,
        "Net Income From Continuing And Discontinued Operation": 296992000.0,
        "Total Expenses": 244620000.0,
        "Total Operating Income As Reported": 372531000.0,
        "Diluted Average Shares": 51740000.0,
        "Basic Average Shares": 51646000.0,
        "Diluted EPS": 5.74,
        "Basic EPS": 5.75,
        "Diluted NI Availto Com Stockholders": 296992000.0,
        "Net Income Common Stockholders": 296992000.0,
        "Net Income": 296992000.0,
        "Net Income Including Noncontrolling Interests": 296992000.0,
        "Net Income Continuous Operations": 296992000.0,
        "Tax Provision": 68356000.0,
        "Pretax Income": 365348000.0,
        "Other Income Expense": -8005000.0,
        "Other Non Operating Income Expenses": NaN,
        "Special Income Charges": -8005000.0,
        "Other Special Charges": 8005000.0,
        "Net Non Operating Interest Income Expense": -7183000.0,
        "Total Other Finance Cost": NaN,
        "Interest Expense Non Operating": 7183000.0,
        "Operating Income": 380536000.0,
        "Operating Expense": 42870000.0,
        "Other Operating Expenses": NaN,
        "Depreciation Amortization Depletion Income Statement": 30371000.0,
        "Selling General And Administration": 12499000.0,
        "General And Administrative Expense": 12499000.0,
        "Other Gand A": 12499000.0,
        "Gross Profit": 423406000.0,
        "Cost Of Revenue": 201750000.0,
        "Total Revenue": 625156000.0,
        "Operating Revenue": 623288000.0
    },
    "2023-06-30": {
        "Tax Effect Of Unusual Items": -532012.356795,
        "Tax Rate For Calcs": 0.150413,
        "Normalized EBITDA": 128063000.0,
        "Total Unusual Items": -3537000.0,
        "Total Unusual Items Excluding Goodwill": -3537000.0,
        "Net Income From Continuing Operation Net Minority Interest": 82093000.0,
        "Reconciled Depreciation": 30550000.0,
        "Reconciled Cost Of Revenue": 272512000.0,
        "EBITDA": 124526000.0,
        "EBIT": 93976000.0,
        "Net Interest Income": 6188000.0,
        "Interest Expense": NaN,
        "Interest Income": NaN,
        "Normalized Income": 85097987.643205,
        "Net Income From Continuing And Discontinued Operation": 82093000.0,
        "Total Expenses": 285684000.0,
        "Total Operating Income As Reported": 90439000.0,
        "Diluted Average Shares": 52081000.0,
        "Basic Average Shares": 52010000.0,
        "Diluted EPS": 1.58,
        "Basic EPS": 1.58,
        "Diluted NI Availto Com Stockholders": 82093000.0,
        "Net Income Common Stockholders": 82093000.0,
        "Net Income": 82093000.0,
        "Net Income Including Noncontrolling Interests": 82093000.0,
        "Net Income Continuous Operations": 82093000.0,
        "Tax Provision": 14534000.0,
        "Pretax Income": 96627000.0,
        "Other Income Expense": -3537000.0,
        "Other Non Operating Income Expenses": NaN,
        "Special Income Charges": -3537000.0,
        "Other Special Charges": 3537000.0,
        "Net Non Operating Interest Income Expense": 6188000.0,
        "Total Other Finance Cost": -6188000.0,
        "Interest Expense Non Operating": NaN,
        "Interest Income Non Operating": NaN,
        "Operating Income": 93976000.0,
        "Operating Expense": 13172000.0,
        "Depreciation Amortization Depletion Income Statement": 30550000.0,
        "Selling General And Administration": 13172000.0,
        "General And Administrative Expense": NaN,
        "Other Gand A": NaN,
        "Gross Profit": 107148000.0,
        "Cost Of Revenue": 272512000.0,
        "Total Revenue": 379660000.0,
        "Operating Revenue": 371033000.0
    },
    "2022-03-31": {
        "Diluted EPS": 2.83,
        "Total Revenue": 379,
        "Gross Profit": 236,
        "Operating Income": 187,
        "EBIT": 214,
        "Net Income": 146
    },
    "2021-12-31": {
        "Diluted EPS": 2.7,
        "Total Revenue": 416,
        "Gross Profit": 254,
        "Operating Income": 184,
        "EBIT": 225,
        "Net Income": 138
    },
    "2021-09-30": {
        "Diluted EPS": 0.74,
        "Total Revenue": 202,
        "Gross Profit": 104,
        "Operating Income": 51,
        "EBIT": 81,
        "Net Income": 38
    },
    "2021-06-30": {
        "Diluted EPS": -0.09,
        "Total Revenue": 227,
        "Gross Profit": 66,
        "Operating Income": -3,
        "EBIT": 39,
        "Net Income": -5
    },
    "2021-03-31": {
        "Diluted EPS": -0.42,
        "Total Revenue": 214,
        "Gross Profit": 52,
        "Operating Income": 11,
        "EBIT": 45,
        "Net Income": -21
    },
    "2020-12-31": {
        "Diluted EPS": -0.66,
        "Total Revenue": 212,
        "Gross Profit": 9,
        "Operating Income": -38,
        "EBIT": 2,
        "Net Income": -34
    },
    "2020-09-30": {
        "Diluted EPS": -0.28,
        "Total Revenue": 180,
        "Gross Profit": 22,
        "Operating Income": -15,
        "EBIT": 15,
        "Net Income": -14
    },
    "2020-06-30": {
        "Diluted EPS": -0.18,
        "Total Revenue": 164,
        "Gross Profit": 25,
        "Operating Income": -5,
        "EBIT": 18,
        "Net Income": -9
    },
    "2020-03-31": {
        "Diluted EPS": 0.42,
        "Total Revenue": 227,
        "Gross Profit": 68,
        "Operating Income": 30,
        "EBIT": 60,
        "Net Income": 22
    },
    "2019-12-31": {
        "Diluted EPS": 0.42,
        "Total Revenue": 205,
        "Gross Profit": 56,
        "Operating Income": 24,
        "EBIT": 38,
        "Net Income": 21
    },
    "2019-09-30": {
        "Diluted EPS": 0.87,
        "Total Revenue": 288,
        "Gross Profit": 90,
        "Operating Income": 55,
        "EBIT": 81,
        "Net Income": 45
    },
    "2019-06-30": {
        "Diluted EPS": 2.43,
        "Total Revenue": 398,
        "Gross Profit": 184,
        "Operating Income": 148,
        "EBIT": 175,
        "Net Income": 125
    },
    "2019-03-31": {
        "Diluted EPS": 2.14,
        "Total Revenue": 378,
        "Gross Profit": 188,
        "Operating Income": 157,
        "EBIT": 180,
        "Net Income": 110
    },
    "2018-12-31": {
        "Diluted EPS": 7.09,
        "Total Revenue": 360,
        "Gross Profit": 192,
        "Operating Income": 157,
        "EBIT": 160,
        "Net Income": 374
    },
    "2018-09-30": {
        "Diluted EPS": 1.0,
        "Total Revenue": 273,
        "Gross Profit": 99,
        "Operating Income": 63,
        "EBIT": 91,
        "Net Income": 53
    },
    "2018-06-30": {
        "Diluted EPS": 1.72,
        "Total Revenue": 323,
        "Gross Profit": 137,
        "Operating Income": 101,
        "EBIT": 124,
        "Net Income": 91
    },
    "2018-03-31": {
        "Diluted EPS": 3.36,
        "Total Revenue": 422,
        "Gross Profit": 223,
        "Operating Income": 187,
        "EBIT": 214,
        "Net Income": 179
    },
    "2017-12-31": {
        "Diluted EPS": 1.83,
        "Total Revenue": 240,
        "Gross Profit": 98,
        "Operating Income": 67,
        "EBIT": 84,
        "Net Income": 97
    },
    "2017-09-30": {
        "Diluted EPS": 2.27,
        "Total Revenue": 312,
        "Gross Profit": 115,
        "Operating Income": 83,
        "EBIT": 108,
        "Net Income": 120
    },
    "2017-06-30": {
        "Diluted EPS": 2.46,
        "Total Revenue": 363,
        "Gross Profit": 195,
        "Operating Income": 163,
        "EBIT": 184,
        "Net Income": 130
    },
    "2017-03-31": {
        "Diluted EPS": 2.06,
        "Total Revenue": 254,
        "Gross Profit": 140,
        "Operating Income": 111,
        "EBIT": 127,
        "Net Income": 108
    },
    "2016-12-31": {
        "Diluted EPS": -0.53,
        "Total Revenue": 153,
        "Gross Profit": 57,
        "Operating Income": 35,
        "EBIT": 45,
        "Net Income": 34
    },
    "2016-09-30": {
        "Diluted EPS": -0.64,
        "Total Revenue": 53,
        "Gross Profit": -6,
        "Operating Income": -33,
        "EBIT": 48,
        "Net Income": -34
    },
    "2016-06-30": {
        "Diluted EPS": -0.95,
        "Total Revenue": 91,
        "Gross Profit": -18,
        "Operating Income": -50,
        "EBIT": -90,
        "Net Income": -50
    },
    "2016-03-31": {
        "Diluted EPS": 0.0,
        "Total Revenue": 71,
        "Gross Profit": -6,
        "Operating Income": -53,
        "EBIT": -13,
        "Net Income": -62
    },
    "2015-12-31": {
        "Diluted EPS": 0.0,
        "Total Revenue": NaN,
        "Gross Profit": NaN,
        "Operating Income": NaN,
        "EBIT": NaN,
        "Net Income": NaN
    },
    "2023-09-30": {
        "Tax Effect Of Unusual Items": -1984550.306682,
        "Tax Rate For Calcs": 0.164748,
        "Normalized EBITDA": 154164000.0,
        "Total Unusual Items": -12046000.0,
        "Total Unusual Items Excluding Goodwill": -12046000.0,
        "Net Income From Continuing Operation Net Minority Interest": 85382000.0,
        "Reconciled Depreciation": 34020000.0,
        "Reconciled Cost Of Revenue": 304251000.0,
        "EBITDA": 142118000.0,
        "EBIT": 108098000.0,
        "Net Interest Income": 7273000.0,
        "Interest Expense": NaN,
        "Interest Income": NaN,
        "Normalized Income": 95443449.693318,
        "Net Income From Continuing And Discontinued Operation": 85382000.0,
        "Total Expenses": 315389000.0,
        "Total Operating Income As Reported": 107751000.0,
        "Diluted Average Shares": 52111000.0,
        "Basic Average Shares": 52019000.0,
        "Diluted EPS": 1.64,
        "Basic EPS": 1.64,
        "Diluted NI Availto Com Stockholders": 85382000.0,
        "Net Income Common Stockholders": 85382000.0,
        "Net Income": 85382000.0,
        "Net Income Including Noncontrolling Interests": 85382000.0,
        "Net Income Continuous Operations": 85382000.0,
        "Tax Provision": 16841000.0,
        "Pretax Income": 102223000.0,
        "Other Income Expense": -13148000.0,
        "Other Non Operating Income Expenses": -1102000.0,
        "Special Income Charges": -12046000.0,
        "Other Special Charges": 12046000.0,
        "Net Non Operating Interest Income Expense": 7273000.0,
        "Total Other Finance Cost": -7273000.0,
        "Interest Expense Non Operating": NaN,
        "Interest Income Non Operating": NaN,
        "Operating Income": 108098000.0,
        "Operating Expense": 11138000.0,
        "Depreciation Amortization Depletion Income Statement": NaN,
        "Selling General And Administration": 11138000.0,
        "General And Administrative Expense": NaN,
        "Other Gand A": NaN,
        "Gross Profit": 119236000.0,
        "Cost Of Revenue": 304251000.0,
        "Total Revenue": 423487000.0,
        "Operating Revenue": 416888000.0
    },
    "2023-12-31": {
        "Tax Effect Of Unusual Items": -16616.440199,
        "Tax Rate For Calcs": 0.087455,
        "Normalized EBITDA": 179191000.0,
        "Total Unusual Items": -190000.0,
        "Total Unusual Items Excluding Goodwill": -190000.0,
        "Net Income From Continuing Operation Net Minority Interest": 128876000.0,
        "Reconciled Depreciation": 25573000.0,
        "Reconciled Cost Of Revenue": 217067000.0,
        "EBITDA": 179001000.0,
        "EBIT": 153428000.0,
        "Net Interest Income": 7817000.0,
        "Interest Expense": NaN,
        "Interest Income": NaN,
        "Normalized Income": 129049383.559801,
        "Net Income From Continuing And Discontinued Operation": 128876000.0,
        "Total Expenses": 230058000.0,
        "Total Operating Income As Reported": 133556000.0,
        "Diluted Average Shares": 52122000.0,
        "Basic Average Shares": 52019000.0,
        "Diluted EPS": 2.47,
        "Basic EPS": 2.48,
        "Diluted NI Availto Com Stockholders": 128876000.0,
        "Net Income Common Stockholders": 128876000.0,
        "Net Income": 128876000.0,
        "Net Income Including Noncontrolling Interests": 128876000.0,
        "Net Income Continuous Operations": 128876000.0,
        "Tax Provision": 12351000.0,
        "Pretax Income": 141227000.0,
        "Other Income Expense": -336000.0,
        "Other Non Operating Income Expenses": -146000.0,
        "Special Income Charges": -190000.0,
        "Other Special Charges": 190000.0,
        "Net Non Operating Interest Income Expense": 7817000.0,
        "Total Other Finance Cost": NaN,
        "Interest Expense Non Operating": NaN,
        "Interest Income Non Operating": NaN,
        "Operating Income": 133746000.0,
        "Operating Expense": 12991000.0,
        "Depreciation Amortization Depletion Income Statement": NaN,
        "Selling General And Administration": 12991000.0,
        "General And Administrative Expense": NaN,
        "Other Gand A": NaN,
        "Gross Profit": 146737000.0,
        "Cost Of Revenue": 217067000.0,
        "Total Revenue": 363804000.0,
        "Operating Revenue": 359580000.0
    },
    "2024-03-31": {
        "Tax Effect Of Unusual Items": -24620.443146,
        "Tax Rate For Calcs": 0.12249,
        "Normalized EBITDA": 197456000.0,
        "Total Unusual Items": -201000.0,
        "Total Unusual Items Excluding Goodwill": -201000.0,
        "Net Income From Continuing Operation Net Minority Interest": 136989000.0,
        "Reconciled Depreciation": 40023000.0,
        "Reconciled Cost Of Revenue": 335575000.0,
        "EBITDA": 197255000.0,
        "EBIT": 157232000.0,
        "Net Interest Income": 7033000.0,
        "Interest Expense": 1121000.0,
        "Interest Income": 8154000.0,
        "Normalized Income": 137165379.556854,
        "Net Income From Continuing And Discontinued Operation": 136989000.0,
        "Total Expenses": 354233000.0,
        "Total Operating Income As Reported": 149078000.0,
        "Diluted Average Shares": 52217000.0,
        "Basic Average Shares": 52163000.0,
        "Diluted EPS": 2.62,
        "Basic EPS": 2.63,
        "Diluted NI Availto Com Stockholders": 136989000.0,
        "Net Income Common Stockholders": 136989000.0,
        "Net Income": 136989000.0,
        "Net Income Including Noncontrolling Interests": 136989000.0,
        "Net Income Continuous Operations": 136989000.0,
        "Tax Provision": 19122000.0,
        "Pretax Income": 156111000.0,
        "Other Income Expense": -201000.0,
        "Other Non Operating Income Expenses": NaN,
        "Special Income Charges": -201000.0,
        "Other Special Charges": 201000.0,
        "Net Non Operating Interest Income Expense": 7033000.0,
        "Total Other Finance Cost": NaN,
        "Interest Expense Non Operating": 1121000.0,
        "Interest Income Non Operating": 8154000.0,
        "Operating Income": 149279000.0,
        "Operating Expense": 18658000.0,
        "Depreciation Amortization Depletion Income Statement": NaN,
        "Selling General And Administration": 18658000.0,
        "General And Administrative Expense": 18658000.0,
        "Other Gand A": 18658000.0,
        "Gross Profit": 167937000.0,
        "Cost Of Revenue": 335575000.0,
        "Total Revenue": 503512000.0,
        "Operating Revenue": 497998000.0
    },
    "2024-06-30": {
        "Tax Effect Of Unusual Items": -10752.240313,
        "Tax Rate For Calcs": 0.107522,
        "Normalized EBITDA": 118395000.0,
        "Total Unusual Items": -100000.0,
        "Total Unusual Items Excluding Goodwill": -100000.0,
        "Net Income From Continuing Operation Net Minority Interest": 70711000.0,
        "Reconciled Depreciation": 38150000.0,
        "Reconciled Cost Of Revenue": 310128000.0,
        "EBITDA": 118295000.0,
        "EBIT": 80145000.0,
        "Net Interest Income": 8326000.0,
        "Interest Expense": 915000.0,
        "Interest Income": 9241000.0,
        "Normalized Income": 70800247.759687,
        "Net Income From Continuing And Discontinued Operation": 70711000.0,
        "Total Expenses": 325520000.0,
        "Total Operating Income As Reported": 70904000.0,
        "Diluted Average Shares": 52378000.0,
        "Basic Average Shares": 52321000.0,
        "Diluted EPS": 1.35,
        "Basic EPS": 1.35,
        "Diluted NI Availto Com Stockholders": 70711000.0,
        "Net Income Common Stockholders": 70711000.0,
        "Net Income": 70711000.0,
        "Net Income Including Noncontrolling Interests": 70711000.0,
        "Net Income Continuous Operations": 70711000.0,
        "Tax Provision": 8519000.0,
        "Pretax Income": 79230000.0,
        "Other Income Expense": -100000.0,
        "Other Non Operating Income Expenses": NaN,
        "Special Income Charges": -100000.0,
        "Other Special Charges": 100000.0,
        "Net Non Operating Interest Income Expense": 8326000.0,
        "Total Other Finance Cost": NaN,
        "Interest Expense Non Operating": 915000.0,
        "Interest Income Non Operating": 9241000.0,
        "Operating Income": 71003000.0,
        "Operating Expense": 15392000.0,
        "Depreciation Amortization Depletion Income Statement": NaN,
        "Selling General And Administration": 15392000.0,
        "General And Administrative Expense": NaN,
        "Other Gand A": NaN,
        "Gross Profit": 86395000.0,
        "Cost Of Revenue": 310128000.0,
        "Total Revenue": 396523000.0,
        "Operating Revenue": 390424000.0
    }
}