{
    "2023-03-31": {
        "Tax Effect Of Unusual Items": 0.0,
        "Tax Rate For Calcs": 0.253,
        "Normalized EBITDA": 36190000.0,
        "Net Income From Continuing Operation Net Minority Interest": 16589000.0,
        "Reconciled Depreciation": 12168000.0,
        "Reconciled Cost Of Revenue": 140062000.0,
        "EBIT": 24022000.0,
        "Net Interest Income": -1814000.0,
        "Interest Expense": 1814000.0,
        "Normalized Income": 16589000.0,
        "Net Income From Continuing And Discontinued Operation": 16589000.0,
        "Total Expenses": 169461000.0,
        "Total Operating Income As Reported": 24022000.0,
        "Diluted Average Shares": 23863000.0,
        "Basic Average Shares": 23649000.0,
        "Diluted EPS": 0.7,
        "Basic EPS": 0.7,
        "Diluted NI Availto Com Stockholders": 16589000.0,
        "Net Income Common Stockholders": 16589000.0,
        "Net Income": 16589000.0,
        "Net Income Including Noncontrolling Interests": 16589000.0,
        "Net Income Continuous Operations": 16589000.0,
        "Tax Provision": 5619000.0,
        "Pretax Income": 22208000.0,
        "Net Non Operating Interest Income Expense": -1814000.0,
        "Interest Expense Non Operating": 1814000.0,
        "Operating Income": 24022000.0,
        "Operating Expense": 29399000.0,
        "Other Operating Expenses": -469000.0,
        "Depreciation Amortization Depletion Income Statement": 12168000.0,
        "Depreciation And Amortization In Income Statement": 12168000.0,
        "Selling General And Administration": 17700000.0,
        "Gross Profit": 53421000.0,
        "Cost Of Revenue": 140062000.0,
        "Total Revenue": 193483000.0,
        "Operating Revenue": 193483000.0
    },
    "2022-12-31": {
        "Tax Effect Of Unusual Items": 0.0,
        "Tax Rate For Calcs": 0.251425,
        "Normalized EBITDA": 52885000.0,
        "Net Income From Continuing Operation Net Minority Interest": 27570000.0,
        "Reconciled Depreciation": 14181000.0,
        "Reconciled Cost Of Revenue": 175750000.0,
        "EBIT": 38704000.0,
        "Net Interest Income": -1874000.0,
        "Interest Expense": 1874000.0,
        "Normalized Income": 27570000.0,
        "Net Income From Continuing And Discontinued Operation": 27570000.0,
        "Total Expenses": 202393000.0,
        "Total Operating Income As Reported": 38704000.0,
        "Diluted Average Shares": 23743000.0,
        "Basic Average Shares": 23599000.0,
        "Diluted EPS": 1.16,
        "Basic EPS": 1.17,
        "Diluted NI Availto Com Stockholders": 27570000.0,
        "Net Income Common Stockholders": 27570000.0,
        "Net Income": 27570000.0,
        "Net Income Including Noncontrolling Interests": 27570000.0,
        "Net Income Continuous Operations": 27570000.0,
        "Tax Provision": 9260000.0,
        "Pretax Income": 36830000.0,
        "Net Non Operating Interest Income Expense": -1874000.0,
        "Interest Expense Non Operating": 1874000.0,
        "Operating Income": 38704000.0,
        "Operating Expense": 26643000.0,
        "Other Operating Expenses": -12473000.0,
        "Depreciation Amortization Depletion Income Statement": 14181000.0,
        "Depreciation And Amortization In Income Statement": 14181000.0,
        "Selling General And Administration": 24935000.0,
        "Gross Profit": 65347000.0,
        "Cost Of Revenue": 175750000.0,
        "Total Revenue": 241097000.0,
        "Operating Revenue": 241097000.0
    },
    "2022-09-30": {
        "Tax Effect Of Unusual Items": 0.0,
        "Tax Rate For Calcs": 0.278,
        "Normalized EBITDA": 41315000.0,
        "Net Income From Continuing Operation Net Minority Interest": 23201000.0,
        "Reconciled Depreciation": 8261000.0,
        "Reconciled Cost Of Revenue": 114148000.0,
        "EBIT": 33053000.0,
        "Net Interest Income": -885000.0,
        "Interest Expense": 885000.0,
        "Normalized Income": 23201000.0,
        "Net Income From Continuing And Discontinued Operation": 23201000.0,
        "Total Expenses": 139166000.0,
        "Total Operating Income As Reported": 33053000.0,
        "Diluted Average Shares": 23674000.0,
        "Basic Average Shares": 23592000.0,
        "Diluted EPS": 0.98,
        "Basic EPS": 0.98,
        "Diluted NI Availto Com Stockholders": 23201000.0,
        "Net Income Common Stockholders": 23201000.0,
        "Net Income": 23201000.0,
        "Net Income Including Noncontrolling Interests": 23201000.0,
        "Net Income Continuous Operations": 23201000.0,
        "Tax Provision": 8967000.0,
        "Pretax Income": 32168000.0,
        "Net Non Operating Interest Income Expense": -885000.0,
        "Interest Expense Non Operating": 885000.0,
        "Operating Income": 33053000.0,
        "Operating Expense": 25019000.0,
        "Other Operating Expenses": -329000.0,
        "Depreciation Amortization Depletion Income Statement": 8262000.0,
        "Depreciation And Amortization In Income Statement": 8262000.0,
        "Selling General And Administration": 17086000.0,
        "Gross Profit": 58072000.0,
        "Cost Of Revenue": 114147000.0,
        "Total Revenue": 172219000.0,
        "Operating Revenue": 172219000.0
    },
    "2022-06-30": {
        "Tax Effect Of Unusual Items": 0.0,
        "Tax Rate For Calcs": 0.27,
        "Normalized EBITDA": 35868000.0,
        "Net Income From Continuing Operation Net Minority Interest": 21107000.0,
        "Reconciled Depreciation": 6778000.0,
        "Reconciled Cost Of Revenue": 104754000.0,
        "EBIT": 29090000.0,
        "Net Interest Income": -250000.0,
        "Interest Expense": 250000.0,
        "Normalized Income": 21107000.0,
        "Net Income From Continuing And Discontinued Operation": 21107000.0,
        "Total Expenses": 127557000.0,
        "Total Operating Income As Reported": 29090000.0,
        "Diluted Average Shares": 23644000.0,
        "Basic Average Shares": 23489000.0,
        "Diluted EPS": 0.89,
        "Basic EPS": 0.9,
        "Diluted NI Availto Com Stockholders": 21107000.0,
        "Net Income Common Stockholders": 21107000.0,
        "Net Income": 21107000.0,
        "Net Income Including Noncontrolling Interests": 21107000.0,
        "Net Income Continuous Operations": 21107000.0,
        "Tax Provision": 7733000.0,
        "Pretax Income": 28840000.0,
        "Net Non Operating Interest Income Expense": -250000.0,
        "Interest Expense Non Operating": 250000.0,
        "Operating Income": 29090000.0,
        "Operating Expense": 22802000.0,
        "Other Operating Expenses": 1001000.0,
        "Depreciation Amortization Depletion Income Statement": 6777000.0,
        "Depreciation And Amortization In Income Statement": 6777000.0,
        "Selling General And Administration": 15024000.0,
        "Gross Profit": 51892000.0,
        "Cost Of Revenue": 104755000.0,
        "Total Revenue": 156647000.0,
        "Operating Revenue": 156647000.0
    },
    "2022-03-31": {
        "Diluted EPS": 0.54,
        "Total Revenue": 139,
        "Gross Profit": 139,
        "Operating Income": 18,
        "EBIT": 24,
        "Net Income": 13
    },
    "2021-12-31": {
        "Diluted EPS": 0.77,
        "Total Revenue": 169,
        "Gross Profit": 169,
        "Operating Income": 25,
        "EBIT": 33,
        "Net Income": 18
    },
    "2021-09-30": {
        "Diluted EPS": 0.79,
        "Total Revenue": 123,
        "Gross Profit": 123,
        "Operating Income": 25,
        "EBIT": 31,
        "Net Income": 19
    },
    "2021-06-30": {
        "Diluted EPS": 0.64,
        "Total Revenue": 117,
        "Gross Profit": 117,
        "Operating Income": 21,
        "EBIT": 26,
        "Net Income": 15
    },
    "2021-03-31": {
        "Diluted EPS": 0.39,
        "Total Revenue": 105,
        "Gross Profit": 105,
        "Operating Income": 13,
        "EBIT": 17,
        "Net Income": 9
    },
    "2020-12-31": {
        "Diluted EPS": 0.22,
        "Total Revenue": 132,
        "Gross Profit": 132,
        "Operating Income": 8,
        "EBIT": 16,
        "Net Income": 5
    },
    "2020-09-30": {
        "Diluted EPS": 0.17,
        "Total Revenue": 87,
        "Gross Profit": 87,
        "Operating Income": 5,
        "EBIT": 11,
        "Net Income": 4
    },
    "2020-06-30": {
        "Diluted EPS": -0.11,
        "Total Revenue": 80,
        "Gross Profit": 80,
        "Operating Income": -3,
        "EBIT": 3,
        "Net Income": -3
    },
    "2020-03-31": {
        "Diluted EPS": 0.23,
        "Total Revenue": 107,
        "Gross Profit": 107,
        "Operating Income": 7,
        "EBIT": 12,
        "Net Income": 5
    },
    "2019-12-31": {
        "Diluted EPS": -0.08,
        "Total Revenue": 139,
        "Gross Profit": 139,
        "Operating Income": -2,
        "EBIT": 4,
        "Net Income": -2
    },
    "2019-09-30": {
        "Diluted EPS": 0.25,
        "Total Revenue": 105,
        "Gross Profit": 105,
        "Operating Income": 8,
        "EBIT": 12,
        "Net Income": 6
    },
    "2019-06-30": {
        "Diluted EPS": 0.3,
        "Total Revenue": 105,
        "Gross Profit": 105,
        "Operating Income": 10,
        "EBIT": 14,
        "Net Income": 7
    },
    "2019-03-31": {
        "Diluted EPS": -0.11,
        "Total Revenue": 96,
        "Gross Profit": 96,
        "Operating Income": -3,
        "EBIT": 1,
        "Net Income": -3
    },
    "2018-12-31": {
        "Diluted EPS": 0.11,
        "Total Revenue": 127,
        "Gross Profit": 127,
        "Operating Income": 4,
        "EBIT": 9,
        "Net Income": 3
    },
    "2018-09-30": {
        "Diluted EPS": 0.27,
        "Total Revenue": 100,
        "Gross Profit": 100,
        "Operating Income": 9,
        "EBIT": 13,
        "Net Income": 6
    },
    "2018-06-30": {
        "Diluted EPS": 0.26,
        "Total Revenue": 100,
        "Gross Profit": 100,
        "Operating Income": 9,
        "EBIT": 12,
        "Net Income": 6
    },
    "2018-03-31": {
        "Diluted EPS": -0.01,
        "Total Revenue": 83,
        "Gross Profit": 83,
        "Operating Income": 0,
        "EBIT": 3,
        "Net Income": 0
    },
    "2017-12-31": {
        "Diluted EPS": 0.52,
        "Total Revenue": 116,
        "Gross Profit": 116,
        "Operating Income": 9,
        "EBIT": 14,
        "Net Income": 12
    },
    "2017-09-30": {
        "Diluted EPS": 0.2,
        "Total Revenue": 83,
        "Gross Profit": 83,
        "Operating Income": 8,
        "EBIT": 12,
        "Net Income": 5
    },
    "2017-06-30": {
        "Diluted EPS": 0.3,
        "Total Revenue": 86,
        "Gross Profit": 86,
        "Operating Income": 11,
        "EBIT": 16,
        "Net Income": 7
    },
    "2017-03-31": {
        "Diluted EPS": 0.21,
        "Total Revenue": 80,
        "Gross Profit": 80,
        "Operating Income": 8,
        "EBIT": 12,
        "Net Income": 5
    },
    "2016-12-31": {
        "Diluted EPS": 0.16,
        "Total Revenue": 107,
        "Gross Profit": 107,
        "Operating Income": 6,
        "EBIT": 12,
        "Net Income": 3
    },
    "2016-09-30": {
        "Diluted EPS": 0.1,
        "Total Revenue": 82,
        "Gross Profit": 82,
        "Operating Income": 4,
        "EBIT": 8,
        "Net Income": 2
    },
    "2016-06-30": {
        "Diluted EPS": 0.08,
        "Total Revenue": 81,
        "Gross Profit": 81,
        "Operating Income": 3,
        "EBIT": 7,
        "Net Income": 2
    },
    "2016-03-31": {
        "Diluted EPS": -0.08,
        "Total Revenue": 78,
        "Gross Profit": 78,
        "Operating Income": -2,
        "EBIT": 2,
        "Net Income": -2
    },
    "2015-12-31": {
        "Diluted EPS": -0.11,
        "Total Revenue": 100,
        "Gross Profit": 100,
        "Operating Income": -3,
        "EBIT": 5,
        "Net Income": -2
    },
    "2015-09-30": {
        "Diluted EPS": 0.12,
        "Total Revenue": 83,
        "Gross Profit": 83,
        "Operating Income": 5,
        "EBIT": 9,
        "Net Income": 3
    },
    "2015-06-30": {
        "Diluted EPS": 0.09,
        "Total Revenue": 83,
        "Gross Profit": 83,
        "Operating Income": 4,
        "EBIT": 8,
        "Net Income": 2
    },
    "2015-03-31": {
        "Diluted EPS": -0.04,
        "Total Revenue": 84,
        "Gross Profit": 84,
        "Operating Income": -1,
        "EBIT": 3,
        "Net Income": -1
    },
    "2014-12-31": {
        "Diluted EPS": -0.52,
        "Total Revenue": 117,
        "Gross Profit": 117,
        "Operating Income": -15,
        "EBIT": -10,
        "Net Income": -10
    },
    "2014-09-30": {
        "Diluted EPS": 0.13,
        "Total Revenue": 78,
        "Gross Profit": 78,
        "Operating Income": 4,
        "EBIT": 7,
        "Net Income": 2
    },
    "2014-06-30": {
        "Diluted EPS": 0.1,
        "Total Revenue": 78,
        "Gross Profit": 78,
        "Operating Income": 3,
        "EBIT": 6,
        "Net Income": 2
    },
    "2014-03-31": {
        "Diluted EPS": -0.09,
        "Total Revenue": 66,
        "Gross Profit": 66,
        "Operating Income": -3,
        "EBIT": 0,
        "Net Income": -2
    },
    "2013-12-31": {
        "Diluted EPS": 0.13,
        "Total Revenue": 92,
        "Gross Profit": 92,
        "Operating Income": 5,
        "EBIT": 8,
        "Net Income": 3
    },
    "2013-09-30": {
        "Diluted EPS": 0.07,
        "Total Revenue": 68,
        "Gross Profit": 68,
        "Operating Income": 2,
        "EBIT": 5,
        "Net Income": 1
    },
    "2013-06-30": {
        "Diluted EPS": 0.06,
        "Total Revenue": 64,
        "Gross Profit": 64,
        "Operating Income": 2,
        "EBIT": 4,
        "Net Income": 1
    },
    "2013-03-31": {
        "Diluted EPS": -0.02,
        "Total Revenue": 60,
        "Gross Profit": 60,
        "Operating Income": -1,
        "EBIT": 1,
        "Net Income": 0
    },
    "2012-12-31": {
        "Diluted EPS": -0.02,
        "Total Revenue": 78,
        "Gross Profit": 78,
        "Operating Income": 0,
        "EBIT": 2,
        "Net Income": 0
    },
    "2012-09-30": {
        "Diluted EPS": 0.06,
        "Total Revenue": 62,
        "Gross Profit": 62,
        "Operating Income": 2,
        "EBIT": 4,
        "Net Income": 1
    },
    "2012-06-30": {
        "Diluted EPS": 0.07,
        "Total Revenue": 62,
        "Gross Profit": 62,
        "Operating Income": 2,
        "EBIT": 4,
        "Net Income": 1
    },
    "2012-03-31": {
        "Diluted EPS": 0.02,
        "Total Revenue": 51,
        "Gross Profit": 51,
        "Operating Income": 1,
        "EBIT": 2,
        "Net Income": 0
    },
    "2011-12-31": {
        "Diluted EPS": -0.01,
        "Total Revenue": 55,
        "Gross Profit": 55,
        "Operating Income": 0,
        "EBIT": 2,
        "Net Income": 0
    },
    "2011-09-30": {
        "Diluted EPS": 0.04,
        "Total Revenue": 37,
        "Gross Profit": 37,
        "Operating Income": 1,
        "EBIT": 2,
        "Net Income": 1
    },
    "2011-06-30": {
        "Diluted EPS": 0.05,
        "Total Revenue": 32,
        "Gross Profit": 32,
        "Operating Income": 1,
        "EBIT": 2,
        "Net Income": 1
    },
    "2011-03-31": {
        "Diluted EPS": 0.02,
        "Total Revenue": 29,
        "Gross Profit": 29,
        "Operating Income": 1,
        "EBIT": 2,
        "Net Income": 0
    },
    "2010-12-31": {
        "Diluted EPS": 0.07,
        "Total Revenue": 36,
        "Gross Profit": 36,
        "Operating Income": 2,
        "EBIT": 3,
        "Net Income": 1
    },
    "2010-09-30": {
        "Diluted EPS": 0.05,
        "Total Revenue": 27,
        "Gross Profit": 27,
        "Operating Income": 1,
        "EBIT": 2,
        "Net Income": 1
    },
    "2010-06-30": {
        "Diluted EPS": 0.08,
        "Total Revenue": 25,
        "Gross Profit": 25,
        "Operating Income": 2,
        "EBIT": 3,
        "Net Income": 1
    },
    "2010-03-31": {
        "Diluted EPS": 0.06,
        "Total Revenue": 24,
        "Gross Profit": 24,
        "Operating Income": 1,
        "EBIT": 2,
        "Net Income": 1
    },
    "2009-12-31": {
        "Diluted EPS": 0.05,
        "Total Revenue": 30,
        "Gross Profit": 30,
        "Operating Income": 1,
        "EBIT": 2,
        "Net Income": 1
    },
    "2009-09-30": {
        "Diluted EPS": 0.05,
        "Total Revenue": 22,
        "Gross Profit": 17,
        "Operating Income": 1,
        "EBIT": 2,
        "Net Income": 1
    },
    "2009-06-30": {
        "Diluted EPS": 0.06,
        "Total Revenue": 22,
        "Gross Profit": 17,
        "Operating Income": 1,
        "EBIT": 2,
        "Net Income": 1
    },
    "2009-03-31": {
        "Diluted EPS": 0.01,
        "Total Revenue": 24,
        "Gross Profit": 16,
        "Operating Income": 0,
        "EBIT": 1,
        "Net Income": 0
    },
    "2023-06-30": {
        "Tax Effect Of Unusual Items": 0.0,
        "Tax Rate For Calcs": 0.276941,
        "Normalized EBITDA": 25683000.0,
        "Net Income From Continuing Operation Net Minority Interest": 8642000.0,
        "Reconciled Depreciation": 11801000.0,
        "Reconciled Cost Of Revenue": 146388000.0,
        "EBIT": 13881000.0,
        "Net Interest Income": -1929000.0,
        "Interest Expense": 1929000.0,
        "Normalized Income": 8642000.0,
        "Net Income From Continuing And Discontinued Operation": 8642000.0,
        "Total Expenses": 178285000.0,
        "Total Operating Income As Reported": 13881000.0,
        "Diluted Average Shares": 23931000.0,
        "Basic Average Shares": 23681000.0,
        "Diluted EPS": 0.36,
        "Basic EPS": 0.36,
        "Diluted NI Availto Com Stockholders": 8642000.0,
        "Net Income Common Stockholders": 8642000.0,
        "Net Income": 8642000.0,
        "Net Income Including Noncontrolling Interests": 8642000.0,
        "Net Income Continuous Operations": 8642000.0,
        "Tax Provision": 3310000.0,
        "Pretax Income": 11952000.0,
        "Net Non Operating Interest Income Expense": -1929000.0,
        "Interest Expense Non Operating": 1929000.0,
        "Operating Income": 13881000.0,
        "Operating Expense": 31898000.0,
        "Other Operating Expenses": -265000.0,
        "Depreciation Amortization Depletion Income Statement": 11802000.0,
        "Depreciation And Amortization In Income Statement": 11802000.0,
        "Selling General And Administration": 20361000.0,
        "Gross Profit": 45779000.0,
        "Cost Of Revenue": 146387000.0,
        "Total Revenue": 192166000.0,
        "Operating Revenue": 192166000.0
    }
}