{
    "2023-03-31": {
        "Tax Effect Of Unusual Items": -7532.699168,
        "Tax Rate For Calcs": 0.208086,
        "Normalized EBITDA": -4752900.0,
        "Total Unusual Items": -36200.0,
        "Total Unusual Items Excluding Goodwill": -36200.0,
        "Net Income From Continuing Operation Net Minority Interest": -4861800.0,
        "Reconciled Depreciation": 143100.0,
        "Reconciled Cost Of Revenue": 11225400.0,
        "EBIT": -4932200.0,
        "Net Interest Income": -1134200.0,
        "Interest Expense": 1207100.0,
        "Interest Income": 72900.0,
        "Normalized Income": -4833132.699168,
        "Net Income From Continuing And Discontinued Operation": -4861800.0,
        "Total Expenses": 14160800.0,
        "Total Operating Income As Reported": -4979800.0,
        "Diluted Average Shares": 720618.0,
        "Basic Average Shares": 720618.0,
        "Diluted EPS": -9.39,
        "Basic EPS": -9.39,
        "Diluted NI Availto Com Stockholders": -6765500.0,
        "Average Dilution Earnings": 0.0,
        "Net Income Common Stockholders": -6765500.0,
        "Preferred Stock Dividends": 1903700.0,
        "Net Income": -4861800.0,
        "Minority Interests": 0.0,
        "Net Income Including Noncontrolling Interests": -4861800.0,
        "Net Income Continuous Operations": -4861800.0,
        "Tax Provision": -1277500.0,
        "Pretax Income": -6139300.0,
        "Other Income Expense": -25300.0,
        "Other Non Operating Income Expenses": 10900.0,
        "Special Income Charges": -36200.0,
        "Gain On Sale Of Ppe": -36200.0,
        "Net Non Operating Interest Income Expense": -1134200.0,
        "Interest Expense Non Operating": 1207100.0,
        "Interest Income Non Operating": 72900.0,
        "Operating Income": -4979800.0,
        "Operating Expense": 2935400.0,
        "Gross Profit": -2044400.0,
        "Cost Of Revenue": 11225400.0,
        "Total Revenue": 9181000.0,
        "Operating Revenue": 9181000.0
    },
    "2022-12-31": {
        "Tax Effect Of Unusual Items": -634829.100577,
        "Tax Rate For Calcs": 0.191462,
        "Normalized EBITDA": -9135100.0,
        "Total Unusual Items": -3315700.0,
        "Total Unusual Items Excluding Goodwill": -3315700.0,
        "Net Income From Continuing Operation Net Minority Interest": -10643600.0,
        "Reconciled Depreciation": 487700.0,
        "Reconciled Cost Of Revenue": 9811400.0,
        "EBIT": -12450800.0,
        "Net Interest Income": -626500.0,
        "Interest Expense": 713200.0,
        "Interest Income": 86700.0,
        "Normalized Income": -7962729.100577,
        "Net Income From Continuing And Discontinued Operation": -10643600.0,
        "Total Expenses": 14031900.0,
        "Total Operating Income As Reported": -9233600.0,
        "Diluted Average Shares": 718531.0,
        "Basic Average Shares": 718531.0,
        "Diluted EPS": -17.47,
        "Basic EPS": -17.47,
        "Diluted NI Availto Com Stockholders": -12547300.0,
        "Average Dilution Earnings": 0.0,
        "Net Income Common Stockholders": -12547300.0,
        "Preferred Stock Dividends": 1903700.0,
        "Net Income": -10643600.0,
        "Minority Interests": 0.0,
        "Net Income Including Noncontrolling Interests": -10643600.0,
        "Net Income Continuous Operations": -10643600.0,
        "Tax Provision": -2520400.0,
        "Pretax Income": -13164000.0,
        "Other Income Expense": -3303900.0,
        "Other Non Operating Income Expenses": 11800.0,
        "Special Income Charges": -3315700.0,
        "Gain On Sale Of Ppe": -3315700.0,
        "Net Non Operating Interest Income Expense": -626500.0,
        "Interest Expense Non Operating": 713200.0,
        "Interest Income Non Operating": 86700.0,
        "Operating Income": -9233600.0,
        "Operating Expense": 4220500.0,
        "Gross Profit": -5013100.0,
        "Cost Of Revenue": 9811400.0,
        "Total Revenue": 4798300.0,
        "Operating Revenue": 4798300.0
    },
    "2022-09-30": {
        "Tax Effect Of Unusual Items": -3001.44559,
        "Tax Rate For Calcs": 0.23821,
        "Normalized EBITDA": -3452700.0,
        "Total Unusual Items": -12600.0,
        "Total Unusual Items Excluding Goodwill": -12600.0,
        "Net Income From Continuing Operation Net Minority Interest": -3414800.0,
        "Reconciled Depreciation": 451500.0,
        "Reconciled Cost Of Revenue": 11310800.0,
        "EBIT": -3916800.0,
        "Net Interest Income": -401900.0,
        "Interest Expense": 565800.0,
        "Interest Income": 163900.0,
        "Normalized Income": -3405201.44559,
        "Net Income From Continuing And Discontinued Operation": -3414800.0,
        "Total Expenses": 15834600.0,
        "Total Operating Income As Reported": -4086100.0,
        "Diluted Average Shares": 717544.0,
        "Basic Average Shares": 717544.0,
        "Diluted EPS": -7.4,
        "Basic EPS": -7.4,
        "Diluted NI Availto Com Stockholders": -5318500.0,
        "Average Dilution Earnings": 0.0,
        "Net Income Common Stockholders": -5318500.0,
        "Preferred Stock Dividends": 1903700.0,
        "Net Income": -3414800.0,
        "Minority Interests": 0.0,
        "Net Income Including Noncontrolling Interests": -3414800.0,
        "Net Income Continuous Operations": -3414800.0,
        "Tax Provision": -1067800.0,
        "Pretax Income": -4482600.0,
        "Other Income Expense": 5400.0,
        "Other Non Operating Income Expenses": 18000.0,
        "Special Income Charges": -12600.0,
        "Gain On Sale Of Ppe": -12600.0,
        "Net Non Operating Interest Income Expense": -401900.0,
        "Interest Expense Non Operating": 565800.0,
        "Interest Income Non Operating": 163900.0,
        "Operating Income": -4086100.0,
        "Operating Expense": 4523800.0,
        "Gross Profit": 437700.0,
        "Cost Of Revenue": 11310800.0,
        "Total Revenue": 11748500.0,
        "Operating Revenue": 11748500.0
    },
    "2022-06-30": {
        "Tax Effect Of Unusual Items": -24702.736213,
        "Tax Rate For Calcs": 0.234149,
        "Normalized EBITDA": -4914000.0,
        "Total Unusual Items": -105500.0,
        "Total Unusual Items Excluding Goodwill": -105500.0,
        "Net Income From Continuing Operation Net Minority Interest": -4509100.0,
        "Reconciled Depreciation": 511700.0,
        "Reconciled Cost Of Revenue": 12218300.0,
        "EBIT": -5531200.0,
        "Net Interest Income": -196600.0,
        "Interest Expense": 356500.0,
        "Interest Income": 159900.0,
        "Normalized Income": -4428302.736213,
        "Net Income From Continuing And Discontinued Operation": -4509100.0,
        "Total Expenses": 15872400.0,
        "Total Operating Income As Reported": -5586000.0,
        "Diluted Average Shares": 701215.0,
        "Basic Average Shares": 701215.0,
        "Diluted EPS": -9.2,
        "Basic EPS": -9.2,
        "Diluted NI Availto Com Stockholders": -6449100.0,
        "Average Dilution Earnings": 0.0,
        "Net Income Common Stockholders": -6449100.0,
        "Preferred Stock Dividends": 1940000.0,
        "Net Income": -4509100.0,
        "Minority Interests": 0.0,
        "Net Income Including Noncontrolling Interests": -4509100.0,
        "Net Income Continuous Operations": -4509100.0,
        "Tax Provision": -1378600.0,
        "Pretax Income": -5887700.0,
        "Other Income Expense": -105100.0,
        "Other Non Operating Income Expenses": 400.0,
        "Special Income Charges": -105500.0,
        "Gain On Sale Of Ppe": -105500.0,
        "Net Non Operating Interest Income Expense": -196600.0,
        "Interest Expense Non Operating": 356500.0,
        "Interest Income Non Operating": 159900.0,
        "Operating Income": -5586000.0,
        "Operating Expense": 3654100.0,
        "Gross Profit": -1931900.0,
        "Cost Of Revenue": 12218300.0,
        "Total Revenue": 10286400.0,
        "Operating Revenue": 10286400.0
    },
    "2022-03-31": {
        "Diluted EPS": -0.56,
        "Total Revenue": 29,
        "Gross Profit": 6,
        "Operating Income": 2,
        "EBIT": 3,
        "Net Income": 0
    },
    "2021-12-31": {
        "Diluted EPS": 5.93,
        "Total Revenue": 26,
        "Gross Profit": 11,
        "Operating Income": 7,
        "EBIT": 8,
        "Net Income": 4
    },
    "2021-09-30": {
        "Diluted EPS": 3.4,
        "Total Revenue": 18,
        "Gross Profit": 7,
        "Operating Income": 4,
        "EBIT": 4,
        "Net Income": 3
    },
    "2021-06-30": {
        "Diluted EPS": 1.2,
        "Total Revenue": 14,
        "Gross Profit": 3,
        "Operating Income": 1,
        "EBIT": 1,
        "Net Income": 1
    },
    "2021-03-31": {
        "Diluted EPS": -2.4,
        "Total Revenue": 14,
        "Gross Profit": 1,
        "Operating Income": -1,
        "EBIT": -1,
        "Net Income": -2
    },
    "2020-12-31": {
        "Diluted EPS": -8.2,
        "Total Revenue": 24,
        "Gross Profit": 0,
        "Operating Income": -1,
        "EBIT": -1,
        "Net Income": -2
    },
    "2020-09-30": {
        "Diluted EPS": -2.0,
        "Total Revenue": 8,
        "Gross Profit": 1,
        "Operating Income": -1,
        "EBIT": -1,
        "Net Income": 0
    },
    "2020-06-30": {
        "Diluted EPS": -2.4,
        "Total Revenue": 8,
        "Gross Profit": 1,
        "Operating Income": 0,
        "EBIT": 0,
        "Net Income": 0
    },
    "2020-03-31": {
        "Diluted EPS": -4.2,
        "Total Revenue": 10,
        "Gross Profit": 0,
        "Operating Income": -1,
        "EBIT": -1,
        "Net Income": -1
    },
    "2019-12-31": {
        "Diluted EPS": 0.0,
        "Total Revenue": NaN,
        "Gross Profit": NaN,
        "Operating Income": NaN,
        "EBIT": NaN,
        "Net Income": NaN
    },
    "2019-09-30": {
        "Diluted EPS": -2.8,
        "Total Revenue": 7,
        "Gross Profit": 0,
        "Operating Income": -1,
        "EBIT": -1,
        "Net Income": 0
    },
    "2023-06-30": {
        "Tax Effect Of Unusual Items": 6167.809696,
        "Tax Rate For Calcs": 0.239062,
        "Normalized EBITDA": -5109900.0,
        "Total Unusual Items": 25800.0,
        "Total Unusual Items Excluding Goodwill": 25800.0,
        "Net Income From Continuing Operation Net Minority Interest": -4376000.0,
        "Reconciled Depreciation": 136100.0,
        "Reconciled Cost Of Revenue": 22764200.0,
        "EBIT": -5220200.0,
        "Net Interest Income": -501300.0,
        "Interest Expense": 530600.0,
        "Interest Income": 29300.0,
        "Normalized Income": -4395632.190304,
        "Net Income From Continuing And Discontinued Operation": -4376000.0,
        "Total Expenses": 25142700.0,
        "Total Operating Income As Reported": -5298200.0,
        "Diluted Average Shares": 1657709.0,
        "Basic Average Shares": 1657709.0,
        "Diluted EPS": -3.79,
        "Basic EPS": -3.79,
        "Diluted NI Availto Com Stockholders": -6279700.0,
        "Average Dilution Earnings": 0.0,
        "Net Income Common Stockholders": -6279700.0,
        "Preferred Stock Dividends": 1903700.0,
        "Net Income": -4376000.0,
        "Minority Interests": 0.0,
        "Net Income Including Noncontrolling Interests": -4376000.0,
        "Net Income Continuous Operations": -4376000.0,
        "Tax Provision": -1374800.0,
        "Pretax Income": -5750800.0,
        "Other Income Expense": 48700.0,
        "Other Non Operating Income Expenses": 22900.0,
        "Special Income Charges": 25800.0,
        "Gain On Sale Of Ppe": 25800.0,
        "Net Non Operating Interest Income Expense": -501300.0,
        "Interest Expense Non Operating": 530600.0,
        "Interest Income Non Operating": 29300.0,
        "Operating Income": -5298200.0,
        "Operating Expense": 2378500.0,
        "Gross Profit": -2919700.0,
        "Cost Of Revenue": 22764200.0,
        "Total Revenue": 19844500.0,
        "Operating Revenue": 19844500.0
    }
}