{
    "2023-03-31": {
        "Tax Effect Of Unusual Items": 0.0,
        "Tax Rate For Calcs": 0.231,
        "Net Income From Continuing Operation Net Minority Interest": 15338000.0,
        "Reconciled Depreciation": 2230000.0,
        "EBIT": 25937000.0,
        "Net Interest Income": -2801000.0,
        "Interest Expense": 2801000.0,
        "Normalized Income": 15338000.0,
        "Net Income From Continuing And Discontinued Operation": 15338000.0,
        "Total Expenses": 105340000.0,
        "Diluted Average Shares": 10860000.0,
        "Basic Average Shares": 8278000.0,
        "Diluted EPS": 1.54,
        "Basic EPS": 1.78,
        "Diluted NI Availto Com Stockholders": 16695000.0,
        "Average Dilution Earnings": 1921000.0,
        "Net Income Common Stockholders": 14774000.0,
        "Otherunder Preferred Stock Dividend": 564000.0,
        "Net Income": 15338000.0,
        "Minority Interests": -2455000.0,
        "Net Income Including Noncontrolling Interests": 17793000.0,
        "Net Income Continuous Operations": 17793000.0,
        "Tax Provision": 5343000.0,
        "Pretax Income": 23136000.0,
        "Other Income Expense": 1285000.0,
        "Net Non Operating Interest Income Expense": -2801000.0,
        "Interest Expense Non Operating": 2801000.0,
        "Other Operating Expenses": 6305000.0,
        "Selling General And Administration": 13502000.0,
        "General And Administrative Expense": 13502000.0,
        "Salaries And Wages": 13502000.0,
        "Total Revenue": 128476000.0,
        "Operating Revenue": 128476000.0
    },
    "2022-12-31": {
        "Tax Effect Of Unusual Items": 0.0,
        "Tax Rate For Calcs": 0.03354,
        "Net Income From Continuing Operation Net Minority Interest": 1526000.0,
        "Reconciled Depreciation": 2351000.0,
        "EBIT": 5457000.0,
        "Net Interest Income": -2839000.0,
        "Interest Expense": 2714000.0,
        "Normalized Income": 1526000.0,
        "Net Income From Continuing And Discontinued Operation": 1526000.0,
        "Total Expenses": 113184000.0,
        "Diluted Average Shares": 8356000.0,
        "Basic Average Shares": 8356000.0,
        "Diluted EPS": 0.18,
        "Basic EPS": 0.18,
        "Diluted NI Availto Com Stockholders": 1134000.0,
        "Average Dilution Earnings": 0.0,
        "Net Income Common Stockholders": 1134000.0,
        "Otherunder Preferred Stock Dividend": 392000.0,
        "Net Income": 1526000.0,
        "Minority Interests": -1125000.0,
        "Net Income Including Noncontrolling Interests": 2651000.0,
        "Net Income Continuous Operations": 2651000.0,
        "Tax Provision": 92000.0,
        "Pretax Income": 2743000.0,
        "Other Income Expense": 1423000.0,
        "Net Non Operating Interest Income Expense": -2839000.0,
        "Interest Expense Non Operating": 2714000.0,
        "Other Operating Expenses": 1469000.0,
        "Selling General And Administration": 11328000.0,
        "General And Administrative Expense": 11328000.0,
        "Salaries And Wages": 11328000.0,
        "Total Revenue": 115927000.0,
        "Operating Revenue": 115927000.0
    },
    "2022-09-30": {
        "Tax Effect Of Unusual Items": 0.0,
        "Tax Rate For Calcs": 0.19023,
        "Total Unusual Items": NaN,
        "Total Unusual Items Excluding Goodwill": NaN,
        "Net Income From Continuing Operation Net Minority Interest": -50959000.0,
        "Reconciled Depreciation": 2164000.0,
        "EBIT": -60789000.0,
        "Net Interest Income": -2813000.0,
        "Interest Expense": 2813000.0,
        "Normalized Income": -50959000.0,
        "Net Income From Continuing And Discontinued Operation": -50959000.0,
        "Total Expenses": 190256000.0,
        "Diluted Average Shares": 8427000.0,
        "Basic Average Shares": 8427000.0,
        "Diluted EPS": -5.66,
        "Basic EPS": -5.66,
        "Diluted NI Availto Com Stockholders": -47670000.0,
        "Average Dilution Earnings": 0.0,
        "Net Income Common Stockholders": -47670000.0,
        "Otherunder Preferred Stock Dividend": -3289000.0,
        "Net Income": -50959000.0,
        "Minority Interests": 544000.0,
        "Net Income Including Noncontrolling Interests": -51503000.0,
        "Net Income Continuous Operations": -51503000.0,
        "Tax Provision": -12099000.0,
        "Pretax Income": -63602000.0,
        "Other Income Expense": 1312000.0,
        "Special Income Charges": NaN,
        "Write Off": NaN,
        "Impairment Of Capital Assets": NaN,
        "Net Non Operating Interest Income Expense": -2813000.0,
        "Interest Expense Non Operating": 2813000.0,
        "Other Operating Expenses": 7123000.0,
        "Selling General And Administration": 15848000.0,
        "General And Administrative Expense": 15848000.0,
        "Salaries And Wages": 15848000.0,
        "Total Revenue": 126654000.0,
        "Operating Revenue": 126654000.0
    },
    "2022-06-30": {
        "Tax Effect Of Unusual Items": 0.0,
        "Tax Rate For Calcs": 0.261073,
        "Total Unusual Items": NaN,
        "Total Unusual Items Excluding Goodwill": NaN,
        "Net Income From Continuing Operation Net Minority Interest": -9981000.0,
        "Reconciled Depreciation": 1979000.0,
        "EBIT": -10045000.0,
        "Net Interest Income": -1515000.0,
        "Interest Expense": 1515000.0,
        "Normalized Income": -9981000.0,
        "Net Income From Continuing And Discontinued Operation": -9981000.0,
        "Total Expenses": 137486000.0,
        "Diluted Average Shares": 9022000.0,
        "Basic Average Shares": 9022000.0,
        "Diluted EPS": -1.04,
        "Basic EPS": -1.04,
        "Diluted NI Availto Com Stockholders": -9346000.0,
        "Average Dilution Earnings": 0.0,
        "Net Income Common Stockholders": -9346000.0,
        "Otherunder Preferred Stock Dividend": -635000.0,
        "Net Income": -9981000.0,
        "Minority Interests": -1439000.0,
        "Net Income Including Noncontrolling Interests": -8542000.0,
        "Net Income Continuous Operations": -8542000.0,
        "Tax Provision": -3018000.0,
        "Pretax Income": -11560000.0,
        "Other Income Expense": 511000.0,
        "Special Income Charges": NaN,
        "Impairment Of Capital Assets": NaN,
        "Net Non Operating Interest Income Expense": -1515000.0,
        "Interest Expense Non Operating": 1515000.0,
        "Other Operating Expenses": 6977000.0,
        "Selling General And Administration": 15301000.0,
        "General And Administrative Expense": 15301000.0,
        "Salaries And Wages": 15301000.0,
        "Total Revenue": 125926000.0,
        "Operating Revenue": 125926000.0
    },
    "2022-03-31": {
        "Diluted EPS": 0.09,
        "Total Revenue": 127,
        "Gross Profit": 25,
        "Operating Income": 4,
        "EBIT": 6,
        "Net Income": 1
    },
    "2021-12-31": {
        "Diluted EPS": -0.06,
        "Total Revenue": 112,
        "Gross Profit": 25,
        "Operating Income": 3,
        "EBIT": 4,
        "Net Income": 0
    },
    "2021-09-30": {
        "Diluted EPS": -0.72,
        "Total Revenue": 99,
        "Gross Profit": 13,
        "Operating Income": -7,
        "EBIT": -3,
        "Net Income": -6
    },
    "2021-06-30": {
        "Diluted EPS": 0.24,
        "Total Revenue": 102,
        "Gross Profit": 22,
        "Operating Income": 5,
        "EBIT": 9,
        "Net Income": 2
    },
    "2021-03-31": {
        "Diluted EPS": 0.75,
        "Total Revenue": 95,
        "Gross Profit": 26,
        "Operating Income": 10,
        "EBIT": 14,
        "Net Income": 6
    },
    "2020-12-31": {
        "Diluted EPS": 0.64,
        "Total Revenue": 70,
        "Gross Profit": 15,
        "Operating Income": 3,
        "EBIT": 8,
        "Net Income": 3
    },
    "2020-09-30": {
        "Diluted EPS": 1.7,
        "Total Revenue": 104,
        "Gross Profit": 38,
        "Operating Income": 22,
        "EBIT": 27,
        "Net Income": 15
    },
    "2020-06-30": {
        "Diluted EPS": 1.08,
        "Total Revenue": 81,
        "Gross Profit": 28,
        "Operating Income": 12,
        "EBIT": 17,
        "Net Income": 8
    },
    "2020-03-31": {
        "Diluted EPS": 0.07,
        "Total Revenue": 55,
        "Gross Profit": 15,
        "Operating Income": 1,
        "EBIT": 6,
        "Net Income": 1
    },
    "2019-12-31": {
        "Diluted EPS": 0.86,
        "Total Revenue": 63,
        "Gross Profit": 23,
        "Operating Income": 9,
        "EBIT": 14,
        "Net Income": 6
    },
    "2019-09-30": {
        "Diluted EPS": 0.73,
        "Total Revenue": 60,
        "Gross Profit": 22,
        "Operating Income": 8,
        "EBIT": 13,
        "Net Income": 6
    },
    "2019-06-30": {
        "Diluted EPS": 0.9,
        "Total Revenue": 59,
        "Gross Profit": 24,
        "Operating Income": 10,
        "EBIT": 15,
        "Net Income": 7
    },
    "2019-03-31": {
        "Diluted EPS": 0.82,
        "Total Revenue": 61,
        "Gross Profit": 24,
        "Operating Income": 9,
        "EBIT": 16,
        "Net Income": 6
    },
    "2018-12-31": {
        "Diluted EPS": -0.69,
        "Total Revenue": 53,
        "Gross Profit": 1,
        "Operating Income": -11,
        "EBIT": -4,
        "Net Income": -8
    },
    "2018-09-30": {
        "Diluted EPS": 1.0,
        "Total Revenue": 62,
        "Gross Profit": 26,
        "Operating Income": 12,
        "EBIT": 19,
        "Net Income": 8
    },
    "2018-06-30": {
        "Diluted EPS": 0.92,
        "Total Revenue": 59,
        "Gross Profit": 27,
        "Operating Income": 12,
        "EBIT": 19,
        "Net Income": 8
    },
    "2018-03-31": {
        "Diluted EPS": 1.11,
        "Total Revenue": 58,
        "Gross Profit": 29,
        "Operating Income": 15,
        "EBIT": 22,
        "Net Income": 10
    },
    "2017-12-31": {
        "Diluted EPS": 1.61,
        "Total Revenue": 62,
        "Gross Profit": 28,
        "Operating Income": 17,
        "EBIT": 24,
        "Net Income": 11
    },
    "2017-09-30": {
        "Diluted EPS": -4.44,
        "Total Revenue": 47,
        "Gross Profit": -52,
        "Operating Income": -66,
        "EBIT": -59,
        "Net Income": -38
    },
    "2017-06-30": {
        "Diluted EPS": 0.93,
        "Total Revenue": 68,
        "Gross Profit": 30,
        "Operating Income": 14,
        "EBIT": 21,
        "Net Income": 9
    },
    "2017-03-31": {
        "Diluted EPS": 1.15,
        "Total Revenue": 68,
        "Gross Profit": 33,
        "Operating Income": 19,
        "EBIT": 25,
        "Net Income": 11
    },
    "2016-12-31": {
        "Diluted EPS": 0.51,
        "Total Revenue": 72,
        "Gross Profit": 17,
        "Operating Income": 6,
        "EBIT": 11,
        "Net Income": 4
    },
    "2016-09-30": {
        "Diluted EPS": 1.1,
        "Total Revenue": 70,
        "Gross Profit": 33,
        "Operating Income": 20,
        "EBIT": 24,
        "Net Income": 11
    },
    "2016-06-30": {
        "Diluted EPS": 0.71,
        "Total Revenue": 62,
        "Gross Profit": 24,
        "Operating Income": 11,
        "EBIT": 15,
        "Net Income": 7
    },
    "2016-03-31": {
        "Diluted EPS": 0.6,
        "Total Revenue": 61,
        "Gross Profit": 23,
        "Operating Income": 10,
        "EBIT": 14,
        "Net Income": 6
    },
    "2015-12-31": {
        "Diluted EPS": 1.05,
        "Total Revenue": 63,
        "Gross Profit": 31,
        "Operating Income": 18,
        "EBIT": 22,
        "Net Income": 11
    },
    "2015-09-30": {
        "Diluted EPS": 0.71,
        "Total Revenue": 61,
        "Gross Profit": 24,
        "Operating Income": 12,
        "EBIT": 16,
        "Net Income": 7
    },
    "2015-06-30": {
        "Diluted EPS": 1.93,
        "Total Revenue": 79,
        "Gross Profit": 48,
        "Operating Income": 36,
        "EBIT": 40,
        "Net Income": 21
    },
    "2015-03-31": {
        "Diluted EPS": 2.21,
        "Total Revenue": 82,
        "Gross Profit": 53,
        "Operating Income": 41,
        "EBIT": 45,
        "Net Income": 24
    },
    "2014-12-31": {
        "Diluted EPS": 1.3,
        "Total Revenue": 65,
        "Gross Profit": 35,
        "Operating Income": 23,
        "EBIT": 28,
        "Net Income": 14
    },
    "2014-09-30": {
        "Diluted EPS": 1.23,
        "Total Revenue": 67,
        "Gross Profit": 35,
        "Operating Income": 23,
        "EBIT": 27,
        "Net Income": 13
    },
    "2014-06-30": {
        "Diluted EPS": 1.39,
        "Total Revenue": 66,
        "Gross Profit": 38,
        "Operating Income": 26,
        "EBIT": 30,
        "Net Income": 15
    },
    "2014-03-31": {
        "Diluted EPS": 1.44,
        "Total Revenue": 68,
        "Gross Profit": 40,
        "Operating Income": 28,
        "EBIT": 32,
        "Net Income": 16
    },
    "2013-12-31": {
        "Diluted EPS": 1.29,
        "Total Revenue": 65,
        "Gross Profit": 38,
        "Operating Income": 25,
        "EBIT": 27,
        "Net Income": 13
    },
    "2013-09-30": {
        "Diluted EPS": 1.13,
        "Total Revenue": 55,
        "Gross Profit": 31,
        "Operating Income": 22,
        "EBIT": 23,
        "Net Income": 13
    },
    "2013-06-30": {
        "Diluted EPS": 1.4,
        "Total Revenue": 59,
        "Gross Profit": 35,
        "Operating Income": 26,
        "EBIT": 28,
        "Net Income": 16
    },
    "2013-03-31": {
        "Diluted EPS": 1.81,
        "Total Revenue": 62,
        "Gross Profit": 40,
        "Operating Income": 33,
        "EBIT": 35,
        "Net Income": 20
    },
    "2012-12-31": {
        "Diluted EPS": 1.13,
        "Total Revenue": 51,
        "Gross Profit": 29,
        "Operating Income": 21,
        "EBIT": 22,
        "Net Income": 13
    },
    "2012-09-30": {
        "Diluted EPS": 0.27,
        "Total Revenue": 31,
        "Gross Profit": 10,
        "Operating Income": 5,
        "EBIT": 6,
        "Net Income": 3
    },
    "2012-06-30": {
        "Diluted EPS": 0.74,
        "Total Revenue": 39,
        "Gross Profit": 16,
        "Operating Income": 12,
        "EBIT": 12,
        "Net Income": 7
    },
    "2012-03-31": {
        "Diluted EPS": 0.88,
        "Total Revenue": 42,
        "Gross Profit": 16,
        "Operating Income": 11,
        "EBIT": 12,
        "Net Income": 7
    },
    "2011-12-31": {
        "Diluted EPS": 0.65,
        "Total Revenue": 37,
        "Gross Profit": 12,
        "Operating Income": 8,
        "EBIT": 8,
        "Net Income": 5
    },
    "2011-09-30": {
        "Diluted EPS": 0.27,
        "Total Revenue": 20,
        "Gross Profit": 6,
        "Operating Income": 3,
        "EBIT": 4,
        "Net Income": 2
    },
    "2011-06-30": {
        "Diluted EPS": 0.3,
        "Total Revenue": 19,
        "Gross Profit": 6,
        "Operating Income": 4,
        "EBIT": 4,
        "Net Income": 2
    },
    "2011-03-31": {
        "Diluted EPS": 0.12,
        "Total Revenue": 18,
        "Gross Profit": 3,
        "Operating Income": 1,
        "EBIT": 1,
        "Net Income": 1
    },
    "2010-12-31": {
        "Diluted EPS": 0.27,
        "Total Revenue": 17,
        "Gross Profit": 5,
        "Operating Income": 3,
        "EBIT": 3,
        "Net Income": 2
    },
    "2010-09-30": {
        "Diluted EPS": 0.25,
        "Total Revenue": 17,
        "Gross Profit": 5,
        "Operating Income": 3,
        "EBIT": 3,
        "Net Income": 2
    },
    "2010-06-30": {
        "Diluted EPS": 0.19,
        "Total Revenue": 17,
        "Gross Profit": 4,
        "Operating Income": 2,
        "EBIT": 2,
        "Net Income": 1
    },
    "2010-03-31": {
        "Diluted EPS": 0.1,
        "Total Revenue": 17,
        "Gross Profit": 3,
        "Operating Income": 1,
        "EBIT": 1,
        "Net Income": 1
    },
    "2009-12-31": {
        "Diluted EPS": 0.11,
        "Total Revenue": 13,
        "Gross Profit": 2,
        "Operating Income": 1,
        "EBIT": 1,
        "Net Income": 1
    },
    "2009-09-30": {
        "Diluted EPS": 0.11,
        "Total Revenue": 13,
        "Gross Profit": 3,
        "Operating Income": 1,
        "EBIT": 1,
        "Net Income": 1
    },
    "2009-06-30": {
        "Diluted EPS": 0.42,
        "Total Revenue": 20,
        "Gross Profit": 6,
        "Operating Income": 5,
        "EBIT": 5,
        "Net Income": 3
    },
    "2009-03-31": {
        "Diluted EPS": 0.87,
        "Total Revenue": 22,
        "Gross Profit": 12,
        "Operating Income": 10,
        "EBIT": 10,
        "Net Income": 6
    },
    "2023-06-30": {
        "Tax Effect Of Unusual Items": 0.0,
        "Tax Rate For Calcs": 0.266,
        "Net Income From Continuing Operation Net Minority Interest": 12443000.0,
        "Reconciled Depreciation": 1999000.0,
        "EBIT": 22933000.0,
        "Net Interest Income": -2667000.0,
        "Interest Expense": 2667000.0,
        "Normalized Income": 12443000.0,
        "Net Income From Continuing And Discontinued Operation": 12443000.0,
        "Total Expenses": 107072000.0,
        "Diluted Average Shares": 8302000.0,
        "Basic Average Shares": 8302000.0,
        "Diluted EPS": 1.28,
        "Basic EPS": 1.45,
        "Diluted NI Availto Com Stockholders": 13940000.0,
        "Average Dilution Earnings": 1924000.0,
        "Net Income Common Stockholders": 12016000.0,
        "Otherunder Preferred Stock Dividend": 427000.0,
        "Net Income": 12443000.0,
        "Minority Interests": -2439000.0,
        "Net Income Including Noncontrolling Interests": 14882000.0,
        "Net Income Continuous Operations": 14882000.0,
        "Tax Provision": 5384000.0,
        "Pretax Income": 20266000.0,
        "Other Income Expense": 841000.0,
        "Net Non Operating Interest Income Expense": -2667000.0,
        "Interest Expense Non Operating": 2667000.0,
        "Other Operating Expenses": 5614000.0,
        "Selling General And Administration": 14272000.0,
        "General And Administrative Expense": 14272000.0,
        "Salaries And Wages": 14272000.0,
        "Total Revenue": 127338000.0,
        "Operating Revenue": 127338000.0
    },
    "2023-09-30": {
        "Tax Effect Of Unusual Items": 0.0,
        "Tax Rate For Calcs": 0.22,
        "Net Income From Continuing Operation Net Minority Interest": 13157000.0,
        "Reconciled Depreciation": 1972000.0,
        "EBIT": 22915000.0,
        "Net Interest Income": -2827000.0,
        "Interest Expense": 2827000.0,
        "Normalized Income": 13157000.0,
        "Net Income From Continuing And Discontinued Operation": 13157000.0,
        "Total Expenses": 111450000.0,
        "Diluted Average Shares": 10975000.0,
        "Basic Average Shares": 8317000.0,
        "Diluted EPS": 1.34,
        "Basic EPS": 1.53,
        "Diluted NI Availto Com Stockholders": 14673000.0,
        "Average Dilution Earnings": 1927000.0,
        "Net Income Common Stockholders": 12746000.0,
        "Otherunder Preferred Stock Dividend": 411000.0,
        "Net Income": 13157000.0,
        "Minority Interests": -2512000.0,
        "Net Income Including Noncontrolling Interests": 15669000.0,
        "Net Income Continuous Operations": 15669000.0,
        "Tax Provision": 4419000.0,
        "Pretax Income": 20088000.0,
        "Other Income Expense": 260000.0,
        "Net Non Operating Interest Income Expense": -2827000.0,
        "Interest Expense Non Operating": 2827000.0,
        "Other Operating Expenses": 5371000.0,
        "Selling General And Administration": 13864000.0,
        "General And Administrative Expense": 13864000.0,
        "Salaries And Wages": 13864000.0,
        "Total Revenue": 131538000.0,
        "Operating Revenue": 131538000.0
    },
    "2023-12-31": {
        "Tax Effect Of Unusual Items": 0.0,
        "Tax Rate For Calcs": 0.24459,
        "Net Income From Continuing Operation Net Minority Interest": 38096000.0,
        "Reconciled Depreciation": 1983000.0,
        "EBIT": 56900000.0,
        "Net Interest Income": -2822000.0,
        "Interest Expense": 2740000.0,
        "Normalized Income": 38096000.0,
        "Net Income From Continuing And Discontinued Operation": 38096000.0,
        "Total Expenses": 108497000.0,
        "Diluted Average Shares": 11204706.0,
        "Basic Average Shares": 8838979.0,
        "Diluted EPS": 3.4,
        "Basic EPS": 4.31,
        "Diluted NI Availto Com Stockholders": 38827000.0,
        "Average Dilution Earnings": 1961000.0,
        "Net Income Common Stockholders": 36866000.0,
        "Otherunder Preferred Stock Dividend": 1230000.0,
        "Net Income": 38096000.0,
        "Minority Interests": -2817000.0,
        "Net Income Including Noncontrolling Interests": 40913000.0,
        "Net Income Continuous Operations": 40913000.0,
        "Tax Provision": 13247000.0,
        "Pretax Income": 54160000.0,
        "Other Income Expense": 242000.0,
        "Net Non Operating Interest Income Expense": -2822000.0,
        "Interest Expense Non Operating": 2740000.0,
        "Other Operating Expenses": 5344000.0,
        "Selling General And Administration": 12230000.0,
        "General And Administrative Expense": 12230000.0,
        "Salaries And Wages": 12230000.0,
        "Total Revenue": 162657000.0,
        "Operating Revenue": 162657000.0
    }
}