{
    "2023-04-30": {
        "Tax Effect Of Unusual Items": NaN,
        "Tax Rate For Calcs": NaN,
        "Normalized EBITDA": NaN,
        "Net Income From Continuing Operation Net Minority Interest": NaN,
        "Reconciled Depreciation": NaN,
        "Reconciled Cost Of Revenue": NaN,
        "EBITDA": NaN,
        "EBIT": NaN,
        "Net Interest Income": NaN,
        "Interest Income": NaN,
        "Normalized Income": NaN,
        "Net Income From Continuing And Discontinued Operation": NaN,
        "Total Expenses": NaN,
        "Total Operating Income As Reported": NaN,
        "Diluted Average Shares": 190806000.0,
        "Basic Average Shares": 190806000.0,
        "Diluted EPS": -0.28,
        "Basic EPS": -0.28,
        "Diluted NI Availto Com Stockholders": NaN,
        "Net Income Common Stockholders": NaN,
        "Net Income": NaN,
        "Net Income Including Noncontrolling Interests": NaN,
        "Net Income Continuous Operations": NaN,
        "Tax Provision": NaN,
        "Pretax Income": NaN,
        "Other Income Expense": NaN,
        "Other Non Operating Income Expenses": NaN,
        "Net Non Operating Interest Income Expense": NaN,
        "Interest Income Non Operating": NaN,
        "Operating Income": NaN,
        "Operating Expense": NaN,
        "Research And Development": NaN,
        "Selling General And Administration": NaN,
        "Selling And Marketing Expense": NaN,
        "General And Administrative Expense": NaN,
        "Other Gand A": NaN,
        "Gross Profit": NaN,
        "Cost Of Revenue": NaN,
        "Total Revenue": NaN,
        "Operating Revenue": NaN
    },
    "2023-01-31": {
        "Tax Effect Of Unusual Items": NaN,
        "Tax Rate For Calcs": NaN,
        "Normalized EBITDA": NaN,
        "Net Income From Continuing Operation Net Minority Interest": NaN,
        "Reconciled Depreciation": NaN,
        "Reconciled Cost Of Revenue": NaN,
        "EBITDA": NaN,
        "EBIT": NaN,
        "Net Interest Income": NaN,
        "Interest Income": NaN,
        "Normalized Income": NaN,
        "Net Income From Continuing And Discontinued Operation": NaN,
        "Total Expenses": NaN,
        "Total Operating Income As Reported": NaN,
        "Diluted Average Shares": 188803000.0,
        "Basic Average Shares": 188803000.0,
        "Diluted EPS": -0.26,
        "Basic EPS": -0.26,
        "Diluted NI Availto Com Stockholders": NaN,
        "Net Income Common Stockholders": NaN,
        "Net Income": NaN,
        "Net Income Including Noncontrolling Interests": NaN,
        "Net Income Continuous Operations": NaN,
        "Tax Provision": NaN,
        "Pretax Income": NaN,
        "Other Income Expense": NaN,
        "Other Non Operating Income Expenses": NaN,
        "Net Non Operating Interest Income Expense": NaN,
        "Interest Income Non Operating": NaN,
        "Operating Income": NaN,
        "Operating Expense": NaN,
        "Research And Development": NaN,
        "Selling General And Administration": NaN,
        "Selling And Marketing Expense": NaN,
        "General And Administrative Expense": NaN,
        "Other Gand A": NaN,
        "Gross Profit": NaN,
        "Cost Of Revenue": NaN,
        "Total Revenue": NaN,
        "Operating Revenue": NaN
    },
    "2022-10-31": {
        "Tax Effect Of Unusual Items": NaN,
        "Tax Rate For Calcs": NaN,
        "Normalized EBITDA": NaN,
        "Net Income From Continuing Operation Net Minority Interest": NaN,
        "Reconciled Depreciation": NaN,
        "Reconciled Cost Of Revenue": NaN,
        "EBITDA": NaN,
        "EBIT": NaN,
        "Net Interest Income": NaN,
        "Interest Income": NaN,
        "Normalized Income": NaN,
        "Net Income From Continuing And Discontinued Operation": NaN,
        "Total Expenses": NaN,
        "Total Operating Income As Reported": NaN,
        "Diluted Average Shares": 187080000.0,
        "Basic Average Shares": 187080000.0,
        "Diluted EPS": -0.38,
        "Basic EPS": -0.38,
        "Diluted NI Availto Com Stockholders": NaN,
        "Net Income Common Stockholders": NaN,
        "Net Income": NaN,
        "Net Income Including Noncontrolling Interests": NaN,
        "Net Income Continuous Operations": NaN,
        "Tax Provision": NaN,
        "Pretax Income": NaN,
        "Other Income Expense": NaN,
        "Other Non Operating Income Expenses": NaN,
        "Net Non Operating Interest Income Expense": NaN,
        "Interest Income Non Operating": NaN,
        "Operating Income": NaN,
        "Operating Expense": NaN,
        "Research And Development": NaN,
        "Selling General And Administration": NaN,
        "Selling And Marketing Expense": NaN,
        "General And Administrative Expense": NaN,
        "Other Gand A": NaN,
        "Gross Profit": NaN,
        "Cost Of Revenue": NaN,
        "Total Revenue": NaN,
        "Operating Revenue": NaN
    },
    "2022-07-31": {
        "Tax Effect Of Unusual Items": 0.0,
        "Tax Rate For Calcs": 0.4,
        "Normalized EBITDA": -77578000.0,
        "Net Income From Continuing Operation Net Minority Interest": -74764000.0,
        "Reconciled Depreciation": 1041000.0,
        "Reconciled Cost Of Revenue": 21540000.0,
        "EBITDA": -77578000.0,
        "EBIT": -78619000.0,
        "Net Interest Income": 3926000.0,
        "Interest Income": 3926000.0,
        "Normalized Income": -74764000.0,
        "Net Income From Continuing And Discontinued Operation": -74764000.0,
        "Total Expenses": 192482000.0,
        "Total Operating Income As Reported": -78619000.0,
        "Diluted Average Shares": 185212000.0,
        "Basic Average Shares": 185212000.0,
        "Diluted EPS": -0.4,
        "Basic EPS": -0.4,
        "Diluted NI Availto Com Stockholders": -74764000.0,
        "Net Income Common Stockholders": -74764000.0,
        "Net Income": -74764000.0,
        "Net Income Including Noncontrolling Interests": -74764000.0,
        "Net Income Continuous Operations": -74764000.0,
        "Tax Provision": 137000.0,
        "Pretax Income": -74627000.0,
        "Other Income Expense": 66000.0,
        "Other Non Operating Income Expenses": 66000.0,
        "Net Non Operating Interest Income Expense": 3926000.0,
        "Interest Income Non Operating": 3926000.0,
        "Operating Income": -78619000.0,
        "Operating Expense": 170942000.0,
        "Research And Development": 47885000.0,
        "Selling General And Administration": 123057000.0,
        "Selling And Marketing Expense": 87674000.0,
        "General And Administrative Expense": 35383000.0,
        "Other Gand A": 35383000.0,
        "Gross Profit": 92323000.0,
        "Cost Of Revenue": 21540000.0,
        "Total Revenue": 113863000.0,
        "Operating Revenue": 113863000.0
    },
    "2022-04-30": {
        "Diluted EPS": -0.43,
        "Total Revenue": 101,
        "Gross Profit": 82,
        "Operating Income": -78,
        "EBIT": -78,
        "Net Income": -78
    },
    "2022-01-31": {
        "Diluted EPS": -1.7,
        "Total Revenue": 97,
        "Gross Profit": 70,
        "Operating Income": -227,
        "EBIT": -226,
        "Net Income": -228
    },
    "2021-10-31": {
        "Diluted EPS": -0.33,
        "Total Revenue": 82,
        "Gross Profit": 71,
        "Operating Income": -22,
        "EBIT": -21,
        "Net Income": -22
    },
    "2021-07-31": {
        "Diluted EPS": -0.37,
        "Total Revenue": 75,
        "Gross Profit": 62,
        "Operating Income": -25,
        "EBIT": -25,
        "Net Income": -25
    },
    "2021-04-30": {
        "Diluted EPS": -0.24,
        "Total Revenue": 67,
        "Gross Profit": 54,
        "Operating Income": -15,
        "EBIT": -15,
        "Net Income": -16
    },
    "2021-01-31": {
        "Diluted EPS": 0.0,
        "Total Revenue": NaN,
        "Gross Profit": NaN,
        "Operating Income": NaN,
        "EBIT": NaN,
        "Net Income": NaN
    },
    "2020-01-31": {
        "Diluted EPS": 0.0,
        "Total Revenue": NaN,
        "Gross Profit": NaN,
        "Operating Income": NaN,
        "EBIT": NaN,
        "Net Income": NaN
    },
    "2023-07-31": {
        "Tax Effect Of Unusual Items": NaN,
        "Tax Rate For Calcs": NaN,
        "Normalized EBITDA": NaN,
        "Net Income From Continuing Operation Net Minority Interest": NaN,
        "Reconciled Depreciation": NaN,
        "Reconciled Cost Of Revenue": NaN,
        "EBITDA": NaN,
        "EBIT": NaN,
        "Net Interest Income": NaN,
        "Interest Income": NaN,
        "Normalized Income": NaN,
        "Net Income From Continuing And Discontinued Operation": NaN,
        "Total Expenses": NaN,
        "Total Operating Income As Reported": NaN,
        "Diluted Average Shares": 192610000.0,
        "Basic Average Shares": 192610000.0,
        "Diluted EPS": -0.34,
        "Basic EPS": -0.34,
        "Diluted NI Availto Com Stockholders": NaN,
        "Net Income Common Stockholders": NaN,
        "Net Income": NaN,
        "Net Income Including Noncontrolling Interests": NaN,
        "Net Income Continuous Operations": NaN,
        "Tax Provision": NaN,
        "Pretax Income": NaN,
        "Other Income Expense": NaN,
        "Other Non Operating Income Expenses": NaN,
        "Net Non Operating Interest Income Expense": NaN,
        "Interest Income Non Operating": NaN,
        "Operating Income": NaN,
        "Operating Expense": NaN,
        "Research And Development": NaN,
        "Selling General And Administration": NaN,
        "Selling And Marketing Expense": NaN,
        "General And Administrative Expense": NaN,
        "Other Gand A": NaN,
        "Gross Profit": NaN,
        "Cost Of Revenue": NaN,
        "Total Revenue": NaN,
        "Operating Revenue": NaN
    },
    "2023-10-31": {
        "Tax Effect Of Unusual Items": 0.0,
        "Tax Rate For Calcs": 0.21,
        "Normalized EBITDA": -52863000.0,
        "Net Income From Continuing Operation Net Minority Interest": -39473000.0,
        "Reconciled Depreciation": 2710000.0,
        "Reconciled Cost Of Revenue": 25605000.0,
        "EBITDA": -52863000.0,
        "EBIT": -55573000.0,
        "Net Interest Income": 16765000.0,
        "Interest Income": 16765000.0,
        "Normalized Income": -39473000.0,
        "Net Income From Continuing And Discontinued Operation": -39473000.0,
        "Total Expenses": 201698000.0,
        "Total Operating Income As Reported": -55573000.0,
        "Diluted Average Shares": 194600000.0,
        "Basic Average Shares": 194600000.0,
        "Diluted EPS": -0.2,
        "Basic EPS": -0.2,
        "Diluted NI Availto Com Stockholders": -39473000.0,
        "Net Income Common Stockholders": -39473000.0,
        "Net Income": -39473000.0,
        "Net Income Including Noncontrolling Interests": -39473000.0,
        "Net Income Continuous Operations": -39473000.0,
        "Tax Provision": 258000.0,
        "Pretax Income": -39215000.0,
        "Other Income Expense": -407000.0,
        "Other Non Operating Income Expenses": -407000.0,
        "Net Non Operating Interest Income Expense": 16765000.0,
        "Interest Income Non Operating": 16765000.0,
        "Operating Income": -55573000.0,
        "Operating Expense": 176093000.0,
        "Research And Development": 54349000.0,
        "Selling General And Administration": 121744000.0,
        "Selling And Marketing Expense": 87320000.0,
        "General And Administrative Expense": 34424000.0,
        "Other Gand A": 34424000.0,
        "Gross Profit": 120520000.0,
        "Cost Of Revenue": 25605000.0,
        "Total Revenue": 146125000.0,
        "Operating Revenue": 146125000.0
    },
    "2024-01-31": {
        "Tax Effect Of Unusual Items": 0.0,
        "Tax Rate For Calcs": 0.21,
        "Normalized EBITDA": -45379000.0,
        "Net Income From Continuing Operation Net Minority Interest": -31622000.0,
        "Reconciled Depreciation": 2920000.0,
        "Reconciled Cost Of Revenue": 26972000.0,
        "EBITDA": -45379000.0,
        "EBIT": -48299000.0,
        "Net Interest Income": 17114000.0,
        "Interest Income": 17114000.0,
        "Normalized Income": -31622000.0,
        "Net Income From Continuing And Discontinued Operation": -31622000.0,
        "Total Expenses": 204082000.0,
        "Total Operating Income As Reported": -48299000.0,
        "Diluted Average Shares": NaN,
        "Basic Average Shares": NaN,
        "Diluted EPS": NaN,
        "Basic EPS": NaN,
        "Diluted NI Availto Com Stockholders": -31622000.0,
        "Net Income Common Stockholders": -31622000.0,
        "Net Income": -31622000.0,
        "Net Income Including Noncontrolling Interests": -31622000.0,
        "Net Income Continuous Operations": -31622000.0,
        "Tax Provision": 559000.0,
        "Pretax Income": -31063000.0,
        "Other Income Expense": 122000.0,
        "Other Non Operating Income Expenses": 122000.0,
        "Net Non Operating Interest Income Expense": 17114000.0,
        "Interest Income Non Operating": 17114000.0,
        "Operating Income": -48299000.0,
        "Operating Expense": 177110000.0,
        "Research And Development": 54049000.0,
        "Selling General And Administration": 123061000.0,
        "Selling And Marketing Expense": 90145000.0,
        "General And Administrative Expense": 32916000.0,
        "Other Gand A": 32916000.0,
        "Gross Profit": 128811000.0,
        "Cost Of Revenue": 26972000.0,
        "Total Revenue": 155783000.0,
        "Operating Revenue": 155783000.0
    },
    "2024-04-30": {
        "Tax Effect Of Unusual Items": 0.0,
        "Tax Rate For Calcs": 0.21,
        "Normalized EBITDA": -64595000.0,
        "Net Income From Continuing Operation Net Minority Interest": -51128000.0,
        "Reconciled Depreciation": 3117000.0,
        "Reconciled Cost Of Revenue": 30312000.0,
        "EBITDA": -64595000.0,
        "EBIT": -67712000.0,
        "Net Interest Income": 17207000.0,
        "Interest Income": 17207000.0,
        "Normalized Income": -51128000.0,
        "Net Income From Continuing And Discontinued Operation": -51128000.0,
        "Total Expenses": 228291000.0,
        "Total Operating Income As Reported": -67712000.0,
        "Diluted Average Shares": 200073000.0,
        "Basic Average Shares": 200073000.0,
        "Diluted EPS": -0.26,
        "Basic EPS": -0.26,
        "Diluted NI Availto Com Stockholders": -51128000.0,
        "Net Income Common Stockholders": -51128000.0,
        "Net Income": -51128000.0,
        "Net Income Including Noncontrolling Interests": -51128000.0,
        "Net Income Continuous Operations": -51128000.0,
        "Tax Provision": 661000.0,
        "Pretax Income": -50467000.0,
        "Other Income Expense": 38000.0,
        "Other Non Operating Income Expenses": 38000.0,
        "Net Non Operating Interest Income Expense": 17207000.0,
        "Interest Income Non Operating": 17207000.0,
        "Operating Income": -67712000.0,
        "Operating Expense": 197979000.0,
        "Research And Development": 58835000.0,
        "Selling General And Administration": 139144000.0,
        "Selling And Marketing Expense": 93142000.0,
        "General And Administrative Expense": 46002000.0,
        "Other Gand A": 46002000.0,
        "Gross Profit": 130267000.0,
        "Cost Of Revenue": 30312000.0,
        "Total Revenue": 160579000.0,
        "Operating Revenue": 160579000.0
    },
    "2024-07-31": {
        "Tax Effect Of Unusual Items": 0.0,
        "Tax Rate For Calcs": 0.21,
        "Normalized EBITDA": -39979000.0,
        "Net Income From Continuing Operation Net Minority Interest": -26462000.0,
        "Reconciled Depreciation": 3319000.0,
        "Reconciled Cost Of Revenue": 30209000.0,
        "EBITDA": -39979000.0,
        "EBIT": -43298000.0,
        "Net Interest Income": 17745000.0,
        "Interest Income": 17745000.0,
        "Normalized Income": -26462000.0,
        "Net Income From Continuing And Discontinued Operation": -26462000.0,
        "Total Expenses": 208436000.0,
        "Total Operating Income As Reported": -43298000.0,
        "Diluted Average Shares": 201872000.0,
        "Basic Average Shares": 201872000.0,
        "Diluted EPS": -0.13,
        "Basic EPS": -0.13,
        "Diluted NI Availto Com Stockholders": -26462000.0,
        "Net Income Common Stockholders": -26462000.0,
        "Net Income": -26462000.0,
        "Net Income Including Noncontrolling Interests": -26462000.0,
        "Net Income Continuous Operations": -26462000.0,
        "Tax Provision": 651000.0,
        "Pretax Income": -25811000.0,
        "Other Income Expense": -258000.0,
        "Other Non Operating Income Expenses": -258000.0,
        "Net Non Operating Interest Income Expense": 17745000.0,
        "Interest Income Non Operating": 17745000.0,
        "Operating Income": -43298000.0,
        "Operating Expense": 178227000.0,
        "Research And Development": 54981000.0,
        "Selling General And Administration": 123246000.0,
        "Selling And Marketing Expense": 87623000.0,
        "General And Administrative Expense": 35623000.0,
        "Other Gand A": 35623000.0,
        "Gross Profit": 134929000.0,
        "Cost Of Revenue": 30209000.0,
        "Total Revenue": 165138000.0,
        "Operating Revenue": 165138000.0
    },
    "2024-10-31": {
        "Tax Effect Of Unusual Items": 0.0,
        "Tax Rate For Calcs": 0.21,
        "Normalized EBITDA": -26411000.0,
        "Net Income From Continuing Operation Net Minority Interest": -13006000.0,
        "Reconciled Depreciation": 3471000.0,
        "Reconciled Cost Of Revenue": 29788000.0,
        "EBITDA": -26411000.0,
        "EBIT": -29882000.0,
        "Net Interest Income": 17387000.0,
        "Interest Income": 17387000.0,
        "Normalized Income": -13006000.0,
        "Net Income From Continuing And Discontinued Operation": -13006000.0,
        "Total Expenses": 203271000.0,
        "Total Operating Income As Reported": -29882000.0,
        "Diluted Average Shares": 203526000.0,
        "Basic Average Shares": 203526000.0,
        "Diluted EPS": -0.06,
        "Basic EPS": -0.06,
        "Diluted NI Availto Com Stockholders": -13006000.0,
        "Net Income Common Stockholders": -13006000.0,
        "Net Income": -13006000.0,
        "Net Income Including Noncontrolling Interests": -13006000.0,
        "Net Income Continuous Operations": -13006000.0,
        "Tax Provision": 611000.0,
        "Pretax Income": -12395000.0,
        "Other Income Expense": 100000.0,
        "Other Non Operating Income Expenses": 100000.0,
        "Net Non Operating Interest Income Expense": 17387000.0,
        "Interest Income Non Operating": 17387000.0,
        "Operating Income": -29882000.0,
        "Operating Expense": 173483000.0,
        "Research And Development": 53365000.0,
        "Selling General And Administration": 120118000.0,
        "Selling And Marketing Expense": 86422000.0,
        "General And Administrative Expense": 33696000.0,
        "Other Gand A": 33696000.0,
        "Gross Profit": 143601000.0,
        "Cost Of Revenue": 29788000.0,
        "Total Revenue": 173389000.0,
        "Operating Revenue": 173389000.0
    }
}