{
    "2023-06-30": {
        "Tax Effect Of Unusual Items": 0.0,
        "Tax Rate For Calcs": 0.252669,
        "Total Unusual Items": 0.0,
        "Total Unusual Items Excluding Goodwill": 0.0,
        "Net Income From Continuing Operation Net Minority Interest": 123703800000.0,
        "Net Interest Income": 252133800000.0,
        "Interest Expense": 259547600000.0,
        "Interest Income": 511681400000.0,
        "Normalized Income": 123703800000.0,
        "Net Income From Continuing And Discontinued Operation": 123703800000.0,
        "Diluted Average Shares": 1871747617.0,
        "Basic Average Shares": 1861607223.0,
        "Diluted EPS": 66.09,
        "Basic EPS": 66.45,
        "Diluted NI Availto Com Stockholders": 123703800000.0,
        "Net Income Common Stockholders": 123703800000.0,
        "Net Income": 123703800000.0,
        "Minority Interests": -328700000.0,
        "Net Income Including Noncontrolling Interests": 124032500000.0,
        "Net Income Extraordinary": 0.0,
        "Net Income Continuous Operations": 124032500000.0,
        "Tax Provision": 41934700000.0,
        "Pretax Income": 165967200000.0,
        "Special Income Charges": 0.0,
        "Gain On Sale Of Business": NaN,
        "Selling General And Administration": 59511600000.0,
        "General And Administrative Expense": 59511600000.0,
        "Insurance And Claims": 0.0,
        "Salaries And Wages": 59511600000.0,
        "Total Revenue": 350665300000.0,
        "Operating Revenue": 350665300000.0,
        "Other Non Interest Expense": 92265500000.0
    },
    "2022-09-30": {
        "Tax Effect Of Unusual Items": 0.0,
        "Tax Rate For Calcs": 0.259151,
        "Total Unusual Items": NaN,
        "Total Unusual Items Excluding Goodwill": NaN,
        "Net Income From Continuing Operation Net Minority Interest": 127013000000.0,
        "Net Interest Income": 219446600000.0,
        "Interest Expense": 181900100000.0,
        "Interest Income": 401346700000.0,
        "Normalized Income": 127013000000.0,
        "Net Income From Continuing And Discontinued Operation": 127013000000.0,
        "Diluted Average Shares": NaN,
        "Basic Average Shares": NaN,
        "Diluted EPS": NaN,
        "Basic EPS": NaN,
        "Diluted NI Availto Com Stockholders": 127013000000.0,
        "Net Income Common Stockholders": 127013000000.0,
        "Net Income": 127013000000.0,
        "Minority Interests": -22500000.0,
        "Net Income Including Noncontrolling Interests": 127035500000.0,
        "Net Income Extraordinary": NaN,
        "Net Income Continuous Operations": 127035500000.0,
        "Tax Provision": 44437400000.0,
        "Pretax Income": 171472900000.0,
        "Special Income Charges": NaN,
        "Selling General And Administration": 135158800000.0,
        "General And Administrative Expense": 135158800000.0,
        "Insurance And Claims": NaN,
        "Salaries And Wages": 46938600000.0,
        "Total Revenue": 281658600000.0,
        "Operating Revenue": 281658600000.0
    },
    "2022-06-30": {
        "Tax Effect Of Unusual Items": 0.0,
        "Tax Rate For Calcs": 0.250063,
        "Net Income From Continuing Operation Net Minority Interest": 95791100000.0,
        "Net Interest Income": 209155500000.0,
        "Interest Expense": 163582600000.0,
        "Interest Income": 372738100000.0,
        "Normalized Income": 95791100000.0,
        "Net Income From Continuing And Discontinued Operation": 95791100000.0,
        "Diluted Average Shares": 1857496607.0,
        "Basic Average Shares": 1849963306.0,
        "Diluted EPS": 51.57,
        "Basic EPS": 51.78,
        "Diluted NI Availto Com Stockholders": 95791100000.0,
        "Net Income Common Stockholders": 95791100000.0,
        "Net Income": 95791100000.0,
        "Minority Interests": -375600000.0,
        "Net Income Including Noncontrolling Interests": 96166700000.0,
        "Net Income Extraordinary": 0.0,
        "Net Income Continuous Operations": 96166700000.0,
        "Tax Provision": 32066300000.0,
        "Pretax Income": 128233000000.0,
        "Selling General And Administration": 46068600000.0,
        "General And Administrative Expense": 46068600000.0,
        "Salaries And Wages": 46068600000.0,
        "Total Revenue": 278440600000.0,
        "Operating Revenue": 278440600000.0
    },
    "2023-03-31": {
        "Tax Effect Of Unusual Items": 0.0,
        "Tax Rate For Calcs": 0.251399,
        "Total Unusual Items": NaN,
        "Total Unusual Items Excluding Goodwill": NaN,
        "Net Income From Continuing Operation Net Minority Interest": 161420500000.0,
        "Net Interest Income": 233670500000.0,
        "Interest Expense": 223799100000.0,
        "Interest Income": 457469600000.0,
        "Normalized Income": 161420500000.0,
        "Net Income From Continuing And Discontinued Operation": 161420500000.0,
        "Diluted Average Shares": NaN,
        "Basic Average Shares": NaN,
        "Diluted EPS": NaN,
        "Basic EPS": NaN,
        "Diluted NI Availto Com Stockholders": 161420500000.0,
        "Net Income Common Stockholders": 161420500000.0,
        "Net Income": 161420500000.0,
        "Minority Interests": 303000000.0,
        "Net Income Including Noncontrolling Interests": 161117500000.0,
        "Net Income Extraordinary": NaN,
        "Net Income Continuous Operations": 161117500000.0,
        "Tax Provision": 54107300000.0,
        "Pretax Income": 215224800000.0,
        "Special Income Charges": NaN,
        "Selling General And Administration": 255058400000.0,
        "General And Administrative Expense": 255058400000.0,
        "Insurance And Claims": NaN,
        "Salaries And Wages": 54565400000.0,
        "Total Revenue": 282041500000.0,
        "Operating Revenue": 282041500000.0,
        "Other Non Interest Expense": NaN
    },
    "2022-12-31": {
        "Tax Effect Of Unusual Items": 0.0,
        "Tax Rate For Calcs": 0.248026,
        "Total Unusual Items": 0.0,
        "Total Unusual Items Excluding Goodwill": 0.0,
        "Net Income From Continuing Operation Net Minority Interest": 126983200000.0,
        "Net Interest Income": 244972500000.0,
        "Interest Expense": 205048600000.0,
        "Interest Income": 450021100000.0,
        "Normalized Income": 126983200000.0,
        "Net Income From Continuing And Discontinued Operation": 126983200000.0,
        "Diluted Average Shares": 1866302175.0,
        "Basic Average Shares": 1858109453.0,
        "Diluted EPS": 68.04,
        "Basic EPS": 68.34,
        "Diluted NI Availto Com Stockholders": 126983200000.0,
        "Net Income Common Stockholders": 126983200000.0,
        "Net Income": 126983200000.0,
        "Minority Interests": -371100000.0,
        "Net Income Including Noncontrolling Interests": 127354300000.0,
        "Net Income Extraordinary": 0.0,
        "Net Income Continuous Operations": 127354300000.0,
        "Tax Provision": 42005700000.0,
        "Pretax Income": 169360000000.0,
        "Special Income Charges": 0.0,
        "Selling General And Administration": 52775300000.0,
        "General And Administrative Expense": 52775300000.0,
        "Insurance And Claims": 0.0,
        "Salaries And Wages": 52775300000.0,
        "Total Revenue": 336179800000.0,
        "Operating Revenue": 336179800000.0,
        "Other Non Interest Expense": 81602600000.0
    },
    "2022-03-31": {
        "Diluted EPS": 0.73,
        "Total Revenue": NaN,
        "Gross Profit": NaN,
        "Operating Income": 322,
        "EBIT": NaN,
        "Net Income": -264
    },
    "2021-12-31": {
        "Diluted EPS": 0.76,
        "Total Revenue": NaN,
        "Gross Profit": NaN,
        "Operating Income": NaN,
        "EBIT": NaN,
        "Net Income": NaN
    },
    "2021-09-30": {
        "Diluted EPS": 0.66,
        "Total Revenue": NaN,
        "Gross Profit": NaN,
        "Operating Income": NaN,
        "EBIT": NaN,
        "Net Income": NaN
    },
    "2021-06-30": {
        "Diluted EPS": 0.58,
        "Total Revenue": NaN,
        "Gross Profit": NaN,
        "Operating Income": NaN,
        "EBIT": NaN,
        "Net Income": NaN
    },
    "2020-12-31": {
        "Diluted EPS": 0.65,
        "Total Revenue": NaN,
        "Gross Profit": NaN,
        "Operating Income": NaN,
        "EBIT": NaN,
        "Net Income": NaN
    },
    "2020-09-30": {
        "Diluted EPS": 0.57,
        "Total Revenue": NaN,
        "Gross Profit": NaN,
        "Operating Income": NaN,
        "EBIT": NaN,
        "Net Income": NaN
    },
    "2019-09-30": {
        "Diluted EPS": 0.0,
        "Total Revenue": NaN,
        "Gross Profit": NaN,
        "Operating Income": NaN,
        "Net Income": NaN
    },
    "2014-09-30": {
        "Diluted EPS": 0.0,
        "Total Revenue": NaN,
        "Gross Profit": NaN,
        "Operating Income": NaN,
        "EBIT": NaN,
        "Net Income": NaN
    },
    "2014-06-30": {
        "Diluted EPS": 0.23,
        "Total Revenue": NaN,
        "Gross Profit": NaN,
        "Operating Income": 565,
        "EBIT": NaN,
        "Net Income": 375
    },
    "2014-03-31": {
        "Diluted EPS": 0.24,
        "Total Revenue": NaN,
        "Gross Profit": 337,
        "Operating Income": -480,
        "EBIT": NaN,
        "Net Income": 384
    },
    "2013-12-31": {
        "Diluted EPS": 0.24,
        "Total Revenue": NaN,
        "Gross Profit": NaN,
        "Operating Income": 572,
        "EBIT": NaN,
        "Net Income": 378
    },
    "2013-09-30": {
        "Diluted EPS": 0.2,
        "Total Revenue": NaN,
        "Gross Profit": NaN,
        "Operating Income": NaN,
        "EBIT": NaN,
        "Net Income": 320
    },
    "2013-06-30": {
        "Diluted EPS": 0.2,
        "Total Revenue": NaN,
        "Gross Profit": 916,
        "Operating Income": 375,
        "EBIT": NaN,
        "Net Income": 309
    },
    "2013-03-31": {
        "Diluted EPS": 0.22,
        "Total Revenue": NaN,
        "Gross Profit": NaN,
        "Operating Income": 257,
        "EBIT": NaN,
        "Net Income": 349
    },
    "2012-12-31": {
        "Diluted EPS": 0.22,
        "Total Revenue": NaN,
        "Gross Profit": NaN,
        "Operating Income": 503,
        "EBIT": NaN,
        "Net Income": 344
    },
    "2012-09-30": {
        "Diluted EPS": 0.18,
        "Total Revenue": NaN,
        "Gross Profit": 871,
        "Operating Income": 415,
        "EBIT": NaN,
        "Net Income": 284
    },
    "2012-06-30": {
        "Diluted EPS": 0.17,
        "Total Revenue": NaN,
        "Gross Profit": 806,
        "Operating Income": 356,
        "EBIT": NaN,
        "Net Income": 257
    },
    "2012-03-31": {
        "Diluted EPS": 0.19,
        "Total Revenue": NaN,
        "Gross Profit": NaN,
        "Operating Income": 585,
        "EBIT": NaN,
        "Net Income": 287
    },
    "2011-12-31": {
        "Diluted EPS": 0.18,
        "Total Revenue": NaN,
        "Gross Profit": 825,
        "Operating Income": 402,
        "EBIT": NaN,
        "Net Income": 280
    },
    "2011-09-30": {
        "Diluted EPS": 0.17,
        "Total Revenue": NaN,
        "Gross Profit": 827,
        "Operating Income": 382,
        "EBIT": NaN,
        "Net Income": 262
    },
    "2011-06-30": {
        "Diluted EPS": 0.16,
        "Total Revenue": NaN,
        "Gross Profit": 786,
        "Operating Income": 355,
        "EBIT": NaN,
        "Net Income": 242
    },
    "2011-03-31": {
        "Diluted EPS": 0.16,
        "Total Revenue": NaN,
        "Gross Profit": NaN,
        "Operating Income": 219,
        "EBIT": NaN,
        "Net Income": 245
    },
    "2010-12-31": {
        "Diluted EPS": 0.15,
        "Total Revenue": NaN,
        "Gross Profit": 757,
        "Operating Income": 354,
        "EBIT": NaN,
        "Net Income": 239
    },
    "2010-09-30": {
        "Diluted EPS": 0.13,
        "Total Revenue": NaN,
        "Gross Profit": 681,
        "Operating Income": 320,
        "EBIT": NaN,
        "Net Income": 201
    },
    "2010-06-30": {
        "Diluted EPS": 0.08,
        "Total Revenue": NaN,
        "Gross Profit": 613,
        "Operating Income": 263,
        "EBIT": NaN,
        "Net Income": 179
    },
    "2010-03-31": {
        "Diluted EPS": 0.12,
        "Total Revenue": NaN,
        "Gross Profit": 746,
        "Operating Income": -48,
        "EBIT": NaN,
        "Net Income": 188
    },
    "2009-12-31": {
        "Diluted EPS": 0.08,
        "Total Revenue": 955,
        "Gross Profit": 565,
        "Operating Income": 253,
        "EBIT": NaN,
        "Net Income": 176
    },
    "2009-09-30": {
        "Diluted EPS": 0.1,
        "Total Revenue": NaN,
        "Gross Profit": 622,
        "Operating Income": 210,
        "EBIT": NaN,
        "Net Income": 144
    },
    "2009-06-30": {
        "Diluted EPS": 0.09,
        "Total Revenue": NaN,
        "Gross Profit": 601,
        "Operating Income": 194,
        "EBIT": NaN,
        "Net Income": 124
    },
    "2009-03-31": {
        "Diluted EPS": 0.09,
        "Total Revenue": NaN,
        "Gross Profit": NaN,
        "Operating Income": 373,
        "EBIT": NaN,
        "Net Income": 126
    },
    "2023-12-31": {
        "Tax Effect Of Unusual Items": 0.0,
        "Tax Rate For Calcs": 0.165941,
        "Total Unusual Items": 0.0,
        "Total Unusual Items Excluding Goodwill": 0.0,
        "Net Income From Continuing Operation Net Minority Interest": 172578700000.0,
        "Net Interest Income": 347658000000.0,
        "Interest Expense": 432423700000.0,
        "Interest Income": 780081700000.0,
        "Normalized Income": 172578700000.0,
        "Net Income From Continuing And Discontinued Operation": 172578700000.0,
        "Diluted Average Shares": 2539789551.0,
        "Basic Average Shares": 2529737614.0,
        "Diluted EPS": 67.95,
        "Basic EPS": 68.22,
        "Diluted NI Availto Com Stockholders": 172578700000.0,
        "Net Income Common Stockholders": 172578700000.0,
        "Net Income": 172578700000.0,
        "Minority Interests": -4601300000.0,
        "Net Income Including Noncontrolling Interests": 177180000000.0,
        "Net Income Extraordinary": 0.0,
        "Net Income Continuous Operations": 177180000000.0,
        "Tax Provision": 35251100000.0,
        "Pretax Income": 212431100000.0,
        "Special Income Charges": 0.0,
        "Gain On Sale Of Business": NaN,
        "Selling General And Administration": 346118800000.0,
        "General And Administrative Expense": 346118800000.0,
        "Insurance And Claims": 267516800000.0,
        "Salaries And Wages": 78602000000.0,
        "Total Revenue": 717731400000.0,
        "Operating Revenue": 717731400000.0,
        "Other Non Interest Expense": 113142500000.0
    },
    "2024-03-31": {
        "Tax Effect Of Unusual Items": 0.0,
        "Tax Rate For Calcs": 0.3,
        "Total Unusual Items": 73414200000.0,
        "Total Unusual Items Excluding Goodwill": 73414200000.0,
        "Net Income From Continuing Operation Net Minority Interest": 158260000000.0,
        "Net Interest Income": 310319700000.0,
        "Interest Expense": 429452400000.0,
        "Interest Income": 739772100000.0,
        "Normalized Income": 158260000000.0,
        "Net Income From Continuing And Discontinued Operation": 158260000000.0,
        "Diluted Average Shares": 2540712226.0,
        "Basic Average Shares": 2531951149.0,
        "Diluted EPS": 69.36,
        "Basic EPS": 69.6,
        "Diluted NI Availto Com Stockholders": 158260000000.0,
        "Net Income Common Stockholders": 158260000000.0,
        "Net Income": 158260000000.0,
        "Minority Interests": 4964400000.0,
        "Net Income Including Noncontrolling Interests": 153295600000.0,
        "Net Income Extraordinary": 0.0,
        "Net Income Continuous Operations": 153295600000.0,
        "Tax Provision": -35908700000.0,
        "Pretax Income": 117386900000.0,
        "Special Income Charges": 73414200000.0,
        "Gain On Sale Of Business": 73414200000.0,
        "Selling General And Administration": 231102400000.0,
        "General And Administrative Expense": 231102400000.0,
        "Insurance And Claims": -122690300000.0,
        "Salaries And Wages": 72771900000.0,
        "Total Revenue": 255370500000.0,
        "Operating Revenue": 255370500000.0,
        "Other Non Interest Expense": -231584300000.0
    },
    "2023-09-30": {
        "Tax Effect Of Unusual Items": 0.0,
        "Tax Rate For Calcs": 0.174318,
        "Total Unusual Items": 0.0,
        "Total Unusual Items Excluding Goodwill": 0.0,
        "Net Income From Continuing Operation Net Minority Interest": 168114100000.0,
        "Net Interest Income": 337891900000.0,
        "Interest Expense": 412499100000.0,
        "Interest Income": 750391000000.0,
        "Normalized Income": 168114100000.0,
        "Net Income From Continuing And Discontinued Operation": 168114100000.0,
        "Diluted Average Shares": 2533364979.0,
        "Basic Average Shares": 2519695743.0,
        "Diluted EPS": 66.36,
        "Basic EPS": 66.72,
        "Diluted NI Availto Com Stockholders": 168114100000.0,
        "Net Income Common Stockholders": 168114100000.0,
        "Net Income": 168114100000.0,
        "Minority Interests": -5009700000.0,
        "Net Income Including Noncontrolling Interests": 173123800000.0,
        "Net Income Extraordinary": 0.0,
        "Net Income Continuous Operations": 173123800000.0,
        "Tax Provision": 36550000000.0,
        "Pretax Income": 209673800000.0,
        "Special Income Charges": 0.0,
        "Gain On Sale Of Business": NaN,
        "Selling General And Administration": 315029800000.0,
        "General And Administrative Expense": 315029800000.0,
        "Insurance And Claims": 237139300000.0,
        "Salaries And Wages": 77890500000.0,
        "Total Revenue": 663167100000.0,
        "Operating Revenue": 663167100000.0,
        "Other Non Interest Expense": 105346100000.0
    },
    "2024-06-30": {
        "Tax Effect Of Unusual Items": 0.0,
        "Tax Rate For Calcs": 0.243729,
        "Total Unusual Items": 0.0,
        "Total Unusual Items Excluding Goodwill": 0.0,
        "Net Income From Continuing Operation Net Minority Interest": 164748500000.0,
        "Net Interest Income": 369667000000.0,
        "Interest Expense": 445795000000.0,
        "Interest Income": 815462000000.0,
        "Normalized Income": 164748500000.0,
        "Net Income From Continuing And Discontinued Operation": 164748500000.0,
        "Diluted Average Shares": 2543592713.0,
        "Basic Average Shares": 2534202430.0,
        "Diluted EPS": 64.77,
        "Basic EPS": 65.01,
        "Diluted NI Availto Com Stockholders": 164748500000.0,
        "Net Income Common Stockholders": 164748500000.0,
        "Net Income": 164748500000.0,
        "Minority Interests": -7132000000.0,
        "Net Income Including Noncontrolling Interests": 171880500000.0,
        "Net Income Extraordinary": 0.0,
        "Net Income Continuous Operations": 171880500000.0,
        "Tax Provision": 55393200000.0,
        "Pretax Income": 227273700000.0,
        "Special Income Charges": 0.0,
        "Gain On Sale Of Business": NaN,
        "Selling General And Administration": 350416200000.0,
        "General And Administrative Expense": 350416200000.0,
        "Insurance And Claims": 267525500000.0,
        "Salaries And Wages": 82890700000.0,
        "Total Revenue": 724169900000.0,
        "Operating Revenue": 724169900000.0,
        "Other Non Interest Expense": 115049100000.0
    },
    "2024-12-31": {
        "Tax Effect Of Unusual Items": 0.0,
        "Tax Rate For Calcs": 0.234964,
        "Total Unusual Items": 0.0,
        "Total Unusual Items Excluding Goodwill": 0.0,
        "Net Income From Continuing Operation Net Minority Interest": 176566100000.0,
        "Net Interest Income": 381258900000.0,
        "Interest Expense": 469142800000.0,
        "Interest Income": 850401700000.0,
        "Normalized Income": 176566100000.0,
        "Net Income From Continuing And Discontinued Operation": 176566100000.0,
        "Diluted Average Shares": 2558928986.0,
        "Basic Average Shares": 2546748882.0,
        "Diluted EPS": 69.0,
        "Basic EPS": 69.33,
        "Diluted NI Availto Com Stockholders": 176566100000.0,
        "Net Income Common Stockholders": 176566100000.0,
        "Net Income": 176566100000.0,
        "Minority Interests": -6835000000.0,
        "Net Income Including Noncontrolling Interests": 183401100000.0,
        "Net Income Extraordinary": 0.0,
        "Net Income Continuous Operations": 183401100000.0,
        "Tax Provision": 56327600000.0,
        "Pretax Income": 239728700000.0,
        "Special Income Charges": 0.0,
        "Gain On Sale Of Business": NaN,
        "Selling General And Administration": 252626700000.0,
        "General And Administrative Expense": 252626700000.0,
        "Insurance And Claims": 167450100000.0,
        "Salaries And Wages": 85176600000.0,
        "Total Revenue": 652796600000.0,
        "Operating Revenue": 652796600000.0,
        "Other Non Interest Expense": 120868300000.0
    }
}