{
    "2023-03-31": {
        "Tax Effect Of Unusual Items": 0.0,
        "Tax Rate For Calcs": 0.253,
        "Normalized EBITDA": 24104000.0,
        "Net Income From Continuing Operation Net Minority Interest": 15531000.0,
        "Reconciled Depreciation": 1449000.0,
        "Reconciled Cost Of Revenue": 46118000.0,
        "EBITDA": 24104000.0,
        "EBIT": 22655000.0,
        "Net Interest Income": -1849000.0,
        "Interest Expense": 1849000.0,
        "Normalized Income": 15531000.0,
        "Net Income From Continuing And Discontinued Operation": 15531000.0,
        "Total Expenses": 54544000.0,
        "Total Operating Income As Reported": 22655000.0,
        "Diluted Average Shares": 47311027.0,
        "Basic Average Shares": 45298514.0,
        "Diluted EPS": 0.33,
        "Basic EPS": 0.34,
        "Diluted NI Availto Com Stockholders": 15531000.0,
        "Net Income Common Stockholders": 15531000.0,
        "Net Income": 15531000.0,
        "Net Income Including Noncontrolling Interests": 15531000.0,
        "Net Income Continuous Operations": 15531000.0,
        "Tax Provision": 5275000.0,
        "Pretax Income": 20806000.0,
        "Net Non Operating Interest Income Expense": -1849000.0,
        "Interest Expense Non Operating": 1849000.0,
        "Operating Income": 22655000.0,
        "Operating Expense": 7675000.0,
        "Depreciation Amortization Depletion Income Statement": 698000.0,
        "Depreciation And Amortization In Income Statement": 698000.0,
        "Amortization": 698000.0,
        "Amortization Of Intangibles Income Statement": 698000.0,
        "Selling General And Administration": 6977000.0,
        "Gross Profit": 30330000.0,
        "Cost Of Revenue": 46869000.0,
        "Total Revenue": 77199000.0,
        "Operating Revenue": 77199000.0
    },
    "2022-12-31": {
        "Tax Effect Of Unusual Items": NaN,
        "Tax Rate For Calcs": NaN,
        "Normalized EBITDA": NaN,
        "Net Income From Continuing Operation Net Minority Interest": NaN,
        "Reconciled Depreciation": NaN,
        "Reconciled Cost Of Revenue": NaN,
        "EBITDA": NaN,
        "EBIT": NaN,
        "Net Interest Income": NaN,
        "Interest Expense": NaN,
        "Normalized Income": NaN,
        "Net Income From Continuing And Discontinued Operation": NaN,
        "Total Expenses": NaN,
        "Total Operating Income As Reported": NaN,
        "Diluted Average Shares": 47238439.0,
        "Basic Average Shares": 45151426.0,
        "Diluted EPS": 0.11,
        "Basic EPS": 0.11,
        "Diluted NI Availto Com Stockholders": NaN,
        "Net Income Common Stockholders": NaN,
        "Net Income": NaN,
        "Net Income Including Noncontrolling Interests": NaN,
        "Net Income Continuous Operations": NaN,
        "Tax Provision": NaN,
        "Pretax Income": NaN,
        "Net Non Operating Interest Income Expense": NaN,
        "Interest Expense Non Operating": NaN,
        "Operating Income": NaN,
        "Operating Expense": NaN,
        "Depreciation Amortization Depletion Income Statement": NaN,
        "Depreciation And Amortization In Income Statement": NaN,
        "Amortization": NaN,
        "Amortization Of Intangibles Income Statement": NaN,
        "Selling General And Administration": NaN,
        "Gross Profit": NaN,
        "Cost Of Revenue": NaN,
        "Total Revenue": NaN,
        "Operating Revenue": NaN
    },
    "2022-09-30": {
        "Tax Effect Of Unusual Items": 0.0,
        "Tax Rate For Calcs": 0.135495,
        "Normalized EBITDA": 37020000.0,
        "Net Income From Continuing Operation Net Minority Interest": 29356000.0,
        "Reconciled Depreciation": 698000.0,
        "Reconciled Cost Of Revenue": 45263000.0,
        "EBITDA": 37020000.0,
        "EBIT": 36322000.0,
        "Net Interest Income": -2365000.0,
        "Interest Expense": 2365000.0,
        "Normalized Income": 29356000.0,
        "Net Income From Continuing And Discontinued Operation": 29356000.0,
        "Total Expenses": 53180000.0,
        "Total Operating Income As Reported": 36322000.0,
        "Diluted Average Shares": 47181424.0,
        "Basic Average Shares": 45063810.0,
        "Diluted EPS": 0.62,
        "Basic EPS": 0.65,
        "Diluted NI Availto Com Stockholders": 29356000.0,
        "Net Income Common Stockholders": 29356000.0,
        "Net Income": 29356000.0,
        "Net Income Including Noncontrolling Interests": 29356000.0,
        "Net Income Continuous Operations": 29356000.0,
        "Tax Provision": 4601000.0,
        "Pretax Income": 33957000.0,
        "Net Non Operating Interest Income Expense": -2365000.0,
        "Interest Expense Non Operating": 2365000.0,
        "Operating Income": 36322000.0,
        "Operating Expense": 7917000.0,
        "Depreciation Amortization Depletion Income Statement": 698000.0,
        "Depreciation And Amortization In Income Statement": 698000.0,
        "Amortization": 698000.0,
        "Amortization Of Intangibles Income Statement": 698000.0,
        "Selling General And Administration": 7219000.0,
        "General And Administrative Expense": NaN,
        "Other Gand A": NaN,
        "Gross Profit": 44239000.0,
        "Cost Of Revenue": 45263000.0,
        "Total Revenue": 89502000.0,
        "Operating Revenue": 89502000.0
    },
    "2022-06-30": {
        "Tax Effect Of Unusual Items": 0.0,
        "Tax Rate For Calcs": 0.15587,
        "Normalized EBITDA": 50483000.0,
        "Net Income From Continuing Operation Net Minority Interest": 39810000.0,
        "Reconciled Depreciation": 699000.0,
        "Reconciled Cost Of Revenue": 46444000.0,
        "EBITDA": 50483000.0,
        "EBIT": 49784000.0,
        "Net Interest Income": -2623000.0,
        "Interest Expense": 2623000.0,
        "Normalized Income": 39810000.0,
        "Net Income From Continuing And Discontinued Operation": 39810000.0,
        "Total Expenses": 54157000.0,
        "Total Operating Income As Reported": 49784000.0,
        "Diluted Average Shares": 47152257.0,
        "Basic Average Shares": 44960464.0,
        "Diluted EPS": 0.84,
        "Basic EPS": 0.89,
        "Diluted NI Availto Com Stockholders": 39810000.0,
        "Net Income Common Stockholders": 39810000.0,
        "Net Income": 39810000.0,
        "Net Income Including Noncontrolling Interests": 39810000.0,
        "Net Income Continuous Operations": 39810000.0,
        "Tax Provision": 7351000.0,
        "Pretax Income": 47161000.0,
        "Net Non Operating Interest Income Expense": -2623000.0,
        "Interest Expense Non Operating": 2623000.0,
        "Operating Income": 49784000.0,
        "Operating Expense": 7713000.0,
        "Depreciation Amortization Depletion Income Statement": 699000.0,
        "Depreciation And Amortization In Income Statement": 699000.0,
        "Amortization": 699000.0,
        "Amortization Of Intangibles Income Statement": 699000.0,
        "Selling General And Administration": 7014000.0,
        "General And Administrative Expense": NaN,
        "Other Gand A": NaN,
        "Gross Profit": 57497000.0,
        "Cost Of Revenue": 46444000.0,
        "Total Revenue": 103941000.0,
        "Operating Revenue": 103941000.0
    },
    "2023-06-30": {
        "Tax Effect Of Unusual Items": 0.0,
        "Tax Rate For Calcs": 0.25497,
        "Normalized EBITDA": 29098000.0,
        "Net Income From Continuing Operation Net Minority Interest": 19189000.0,
        "Reconciled Depreciation": 1443000.0,
        "Reconciled Cost Of Revenue": 53103000.0,
        "EBITDA": 29098000.0,
        "EBIT": 27655000.0,
        "Net Interest Income": -1899000.0,
        "Interest Expense": 1899000.0,
        "Normalized Income": 19189000.0,
        "Net Income From Continuing And Discontinued Operation": 19189000.0,
        "Total Expenses": 62819000.0,
        "Total Operating Income As Reported": 27655000.0,
        "Diluted Average Shares": 47297419.0,
        "Basic Average Shares": 45339570.0,
        "Diluted EPS": 0.41,
        "Basic EPS": 0.42,
        "Diluted NI Availto Com Stockholders": 19189000.0,
        "Net Income Common Stockholders": 19189000.0,
        "Net Income": 19189000.0,
        "Net Income Including Noncontrolling Interests": 19189000.0,
        "Net Income Continuous Operations": 19189000.0,
        "Tax Provision": 6567000.0,
        "Pretax Income": 25756000.0,
        "Net Non Operating Interest Income Expense": -1899000.0,
        "Interest Expense Non Operating": 1899000.0,
        "Operating Income": 27655000.0,
        "Operating Expense": 8972000.0,
        "Depreciation Amortization Depletion Income Statement": 699000.0,
        "Depreciation And Amortization In Income Statement": 699000.0,
        "Amortization": 699000.0,
        "Amortization Of Intangibles Income Statement": 699000.0,
        "Selling General And Administration": 8273000.0,
        "Gross Profit": 36627000.0,
        "Cost Of Revenue": 53847000.0,
        "Total Revenue": 90474000.0,
        "Operating Revenue": 90474000.0
    },
    "2022-03-31": {
        "Diluted EPS": 0.63,
        "Total Revenue": 84,
        "Gross Profit": 46,
        "Operating Income": 38,
        "EBIT": 40,
        "Net Income": 30
    },
    "2021-12-31": {
        "Diluted EPS": 0.13,
        "Total Revenue": 38,
        "Gross Profit": 17,
        "Operating Income": 9,
        "EBIT": 11,
        "Net Income": 6
    },
    "2021-09-30": {
        "Diluted EPS": 0.34,
        "Total Revenue": 61,
        "Gross Profit": 24,
        "Operating Income": 17,
        "EBIT": 19,
        "Net Income": 16
    },
    "2021-06-30": {
        "Diluted EPS": 0.24,
        "Total Revenue": 61,
        "Gross Profit": 22,
        "Operating Income": 14,
        "EBIT": 16,
        "Net Income": 11
    },
    "2021-03-31": {
        "Diluted EPS": -0.02,
        "Total Revenue": 34,
        "Gross Profit": 9,
        "Operating Income": 2,
        "EBIT": 4,
        "Net Income": -1
    },
    "2020-12-31": {
        "Diluted EPS": -0.11,
        "Total Revenue": 22,
        "Gross Profit": 5,
        "Operating Income": -2,
        "EBIT": -1,
        "Net Income": -5
    },
    "2020-09-30": {
        "Diluted EPS": 0.0,
        "Total Revenue": 41,
        "Gross Profit": 9,
        "Operating Income": 2,
        "EBIT": 4,
        "Net Income": 0
    },
    "2020-06-30": {
        "Diluted EPS": 0.06,
        "Total Revenue": 48,
        "Gross Profit": 13,
        "Operating Income": 5,
        "EBIT": 7,
        "Net Income": 2
    },
    "2020-03-31": {
        "Diluted EPS": -0.07,
        "Total Revenue": 36,
        "Gross Profit": 8,
        "Operating Income": 0,
        "EBIT": 2,
        "Net Income": -3
    },
    "2019-12-31": {
        "Diluted EPS": -0.26,
        "Total Revenue": 26,
        "Gross Profit": 5,
        "Operating Income": -5,
        "EBIT": -1,
        "Net Income": -11
    },
    "2019-09-30": {
        "Diluted EPS": 0.06,
        "Total Revenue": 46,
        "Gross Profit": 8,
        "Operating Income": -1,
        "EBIT": 1,
        "Net Income": 3
    },
    "2019-06-30": {
        "Diluted EPS": -0.32,
        "Total Revenue": 56,
        "Gross Profit": -2,
        "Operating Income": -10,
        "EBIT": -8,
        "Net Income": -14
    },
    "2019-03-31": {
        "Diluted EPS": -0.09,
        "Total Revenue": 35,
        "Gross Profit": 7,
        "Operating Income": 0,
        "EBIT": 2,
        "Net Income": -4
    },
    "2018-12-31": {
        "Diluted EPS": -0.19,
        "Total Revenue": 26,
        "Gross Profit": 3,
        "Operating Income": -4,
        "EBIT": -2,
        "Net Income": -8
    },
    "2018-09-30": {
        "Diluted EPS": -0.33,
        "Total Revenue": 41,
        "Gross Profit": 8,
        "Operating Income": 0,
        "EBIT": 2,
        "Net Income": -14
    },
    "2018-06-30": {
        "Diluted EPS": -0.72,
        "Total Revenue": 58,
        "Gross Profit": -26,
        "Operating Income": -37,
        "EBIT": -34,
        "Net Income": -31
    },
    "2018-03-31": {
        "Diluted EPS": -0.07,
        "Total Revenue": 42,
        "Gross Profit": 8,
        "Operating Income": -1,
        "EBIT": 2,
        "Net Income": -3
    },
    "2017-12-31": {
        "Diluted EPS": -0.12,
        "Total Revenue": 25,
        "Gross Profit": 3,
        "Operating Income": -10,
        "EBIT": -7,
        "Net Income": -5
    },
    "2017-09-30": {
        "Diluted EPS": 0.05,
        "Total Revenue": 25,
        "Gross Profit": 5,
        "Operating Income": 1,
        "EBIT": 2,
        "Net Income": 2
    },
    "2017-06-30": {
        "Diluted EPS": 0.2,
        "Total Revenue": 52,
        "Gross Profit": 17,
        "Operating Income": 14,
        "EBIT": 15,
        "Net Income": 9
    },
    "2017-03-31": {
        "Diluted EPS": 0.13,
        "Total Revenue": 39,
        "Gross Profit": 12,
        "Operating Income": 9,
        "EBIT": 10,
        "Net Income": 6
    },
    "2016-12-31": {
        "Diluted EPS": -0.07,
        "Total Revenue": 8,
        "Gross Profit": 1,
        "Operating Income": -2,
        "EBIT": -2,
        "Net Income": -2
    },
    "2016-09-30": {
        "Diluted EPS": 0.14,
        "Total Revenue": 35,
        "Gross Profit": 12,
        "Operating Income": 8,
        "EBIT": 9,
        "Net Income": 5
    },
    "2016-06-30": {
        "Diluted EPS": 0.14,
        "Total Revenue": 35,
        "Gross Profit": 10,
        "Operating Income": 8,
        "EBIT": 9,
        "Net Income": 5
    },
    "2016-03-31": {
        "Diluted EPS": 0.09,
        "Total Revenue": 28,
        "Gross Profit": 8,
        "Operating Income": 5,
        "EBIT": 6,
        "Net Income": 3
    },
    "2015-12-31": {
        "Diluted EPS": -0.03,
        "Total Revenue": 7,
        "Gross Profit": 1,
        "Operating Income": -2,
        "EBIT": -1,
        "Net Income": -1
    },
    "2015-09-30": {
        "Diluted EPS": 0.03,
        "Total Revenue": 22,
        "Gross Profit": 4,
        "Operating Income": 2,
        "EBIT": 2,
        "Net Income": 1
    },
    "2015-06-30": {
        "Diluted EPS": 0.08,
        "Total Revenue": 29,
        "Gross Profit": 7,
        "Operating Income": 5,
        "EBIT": 5,
        "Net Income": 3
    },
    "2015-03-31": {
        "Diluted EPS": 0.06,
        "Total Revenue": 22,
        "Gross Profit": 6,
        "Operating Income": 3,
        "EBIT": 4,
        "Net Income": 2
    },
    "2014-12-31": {
        "Diluted EPS": -0.04,
        "Total Revenue": 8,
        "Gross Profit": 1,
        "Operating Income": -2,
        "EBIT": -2,
        "Net Income": -1
    },
    "2014-09-30": {
        "Diluted EPS": 0.0,
        "Total Revenue": 15,
        "Gross Profit": 1,
        "Operating Income": 0,
        "EBIT": 0,
        "Net Income": 0
    },
    "2014-06-30": {
        "Diluted EPS": 0.01,
        "Total Revenue": 17,
        "Gross Profit": 2,
        "Operating Income": 1,
        "EBIT": 1,
        "Net Income": 0
    },
    "2014-03-31": {
        "Diluted EPS": 0.01,
        "Total Revenue": 16,
        "Gross Profit": 2,
        "Operating Income": 0,
        "EBIT": 1,
        "Net Income": 0
    },
    "2013-12-31": {
        "Diluted EPS": -0.06,
        "Total Revenue": 5,
        "Gross Profit": 0,
        "Operating Income": -2,
        "EBIT": -2,
        "Net Income": -2
    },
    "2013-09-30": {
        "Diluted EPS": -0.36,
        "Total Revenue": 15,
        "Gross Profit": -13,
        "Operating Income": -14,
        "EBIT": -14,
        "Net Income": -9
    },
    "2013-06-30": {
        "Diluted EPS": 0.01,
        "Total Revenue": 16,
        "Gross Profit": 3,
        "Operating Income": 1,
        "EBIT": 1,
        "Net Income": 0
    },
    "2013-03-31": {
        "Diluted EPS": 0.17,
        "Total Revenue": 23,
        "Gross Profit": 9,
        "Operating Income": 7,
        "EBIT": 8,
        "Net Income": 4
    },
    "2012-12-31": {
        "Diluted EPS": 0.11,
        "Total Revenue": 5,
        "Gross Profit": 1,
        "Operating Income": -2,
        "EBIT": -1,
        "Net Income": 3
    },
    "2012-09-30": {
        "Diluted EPS": 0.08,
        "Total Revenue": 14,
        "Gross Profit": 5,
        "Operating Income": 4,
        "EBIT": 4,
        "Net Income": 2
    },
    "2012-06-30": {
        "Diluted EPS": 0.2,
        "Total Revenue": 22,
        "Gross Profit": 10,
        "Operating Income": 8,
        "EBIT": 9,
        "Net Income": 5
    },
    "2012-03-31": {
        "Diluted EPS": 0.1,
        "Total Revenue": 15,
        "Gross Profit": 6,
        "Operating Income": 4,
        "EBIT": 4,
        "Net Income": 3
    },
    "2011-12-31": {
        "Diluted EPS": -0.03,
        "Total Revenue": 4,
        "Gross Profit": 1,
        "Operating Income": -1,
        "EBIT": -1,
        "Net Income": -1
    },
    "2011-09-30": {
        "Diluted EPS": 0.0,
        "Total Revenue": 12,
        "Gross Profit": 1,
        "Operating Income": 0,
        "EBIT": 0,
        "Net Income": 0
    },
    "2011-06-30": {
        "Diluted EPS": 0.03,
        "Total Revenue": 15,
        "Gross Profit": 3,
        "Operating Income": 2,
        "EBIT": 2,
        "Net Income": 1
    },
    "2011-03-31": {
        "Diluted EPS": 0.04,
        "Total Revenue": 14,
        "Gross Profit": 4,
        "Operating Income": 2,
        "EBIT": 2,
        "Net Income": 1
    },
    "2010-12-31": {
        "Diluted EPS": -0.03,
        "Total Revenue": 4,
        "Gross Profit": 1,
        "Operating Income": -1,
        "EBIT": 0,
        "Net Income": -1
    },
    "2010-09-30": {
        "Diluted EPS": 0.01,
        "Total Revenue": 8,
        "Gross Profit": 2,
        "Operating Income": 0,
        "EBIT": 1,
        "Net Income": 0
    },
    "2010-06-30": {
        "Diluted EPS": 0.06,
        "Total Revenue": 16,
        "Gross Profit": 4,
        "Operating Income": 2,
        "EBIT": 3,
        "Net Income": 1
    },
    "2010-03-31": {
        "Diluted EPS": -0.01,
        "Total Revenue": 9,
        "Gross Profit": 1,
        "Operating Income": 0,
        "EBIT": 0,
        "Net Income": 0
    },
    "2009-12-31": {
        "Diluted EPS": -0.09,
        "Total Revenue": 3,
        "Gross Profit": 0,
        "Operating Income": -2,
        "EBIT": -2,
        "Net Income": -2
    },
    "2009-09-30": {
        "Diluted EPS": -0.03,
        "Total Revenue": 6,
        "Gross Profit": 1,
        "Operating Income": 0,
        "EBIT": 0,
        "Net Income": -1
    },
    "2009-06-30": {
        "Diluted EPS": 0.01,
        "Total Revenue": 8,
        "Gross Profit": 2,
        "Operating Income": 1,
        "EBIT": 1,
        "Net Income": 0
    },
    "2009-03-31": {
        "Diluted EPS": -0.01,
        "Total Revenue": 7,
        "Gross Profit": 1,
        "Operating Income": 0,
        "EBIT": 0,
        "Net Income": 0
    },
    "2023-09-30": {
        "Tax Effect Of Unusual Items": 0.0,
        "Tax Rate For Calcs": 0.276167,
        "Normalized EBITDA": 24538000.0,
        "Net Income From Continuing Operation Net Minority Interest": 13582000.0,
        "Reconciled Depreciation": 1416000.0,
        "Reconciled Cost Of Revenue": 45198000.0,
        "EBITDA": 24538000.0,
        "EBIT": 23122000.0,
        "Net Interest Income": -4358000.0,
        "Interest Expense": 4358000.0,
        "Normalized Income": 13582000.0,
        "Net Income From Continuing And Discontinued Operation": 13582000.0,
        "Total Expenses": 53374000.0,
        "Total Operating Income As Reported": 23122000.0,
        "Diluted Average Shares": 47345380.0,
        "Basic Average Shares": 45404963.0,
        "Diluted EPS": 0.29,
        "Basic EPS": 0.3,
        "Diluted NI Availto Com Stockholders": 13582000.0,
        "Net Income Common Stockholders": 13582000.0,
        "Net Income": 13582000.0,
        "Net Income Including Noncontrolling Interests": 13582000.0,
        "Net Income Continuous Operations": 13582000.0,
        "Tax Provision": 5182000.0,
        "Pretax Income": 18764000.0,
        "Net Non Operating Interest Income Expense": -4358000.0,
        "Interest Expense Non Operating": 4358000.0,
        "Operating Income": 23122000.0,
        "Operating Expense": 7458000.0,
        "Depreciation Amortization Depletion Income Statement": 698000.0,
        "Depreciation And Amortization In Income Statement": 698000.0,
        "Amortization": 698000.0,
        "Amortization Of Intangibles Income Statement": 698000.0,
        "Selling General And Administration": 6760000.0,
        "Gross Profit": 30580000.0,
        "Cost Of Revenue": 45916000.0,
        "Total Revenue": 76496000.0,
        "Operating Revenue": 76496000.0
    },
    "2023-12-31": {
        "Tax Effect Of Unusual Items": 0.0,
        "Tax Rate For Calcs": 0.122163,
        "Normalized EBITDA": 6214000.0,
        "Net Income From Continuing Operation Net Minority Interest": 3945000.0,
        "Reconciled Depreciation": 1474000.0,
        "Reconciled Cost Of Revenue": 30110000.0,
        "EBITDA": 6214000.0,
        "EBIT": 4740000.0,
        "Net Interest Income": -246000.0,
        "Interest Expense": 246000.0,
        "Normalized Income": 3945000.0,
        "Net Income From Continuing And Discontinued Operation": 3945000.0,
        "Total Expenses": 40116000.0,
        "Total Operating Income As Reported": 4740000.0,
        "Diluted Average Shares": 47446365.0,
        "Basic Average Shares": 45496296.0,
        "Diluted EPS": 0.08,
        "Basic EPS": 0.09,
        "Diluted NI Availto Com Stockholders": 3945000.0,
        "Net Income Common Stockholders": 3945000.0,
        "Net Income": 3945000.0,
        "Net Income Including Noncontrolling Interests": 3945000.0,
        "Net Income Continuous Operations": 3945000.0,
        "Tax Provision": 549000.0,
        "Pretax Income": 4494000.0,
        "Net Non Operating Interest Income Expense": -246000.0,
        "Interest Expense Non Operating": 246000.0,
        "Operating Income": 4740000.0,
        "Operating Expense": 9230000.0,
        "Depreciation Amortization Depletion Income Statement": 698000.0,
        "Depreciation And Amortization In Income Statement": 698000.0,
        "Amortization": 698000.0,
        "Amortization Of Intangibles Income Statement": 698000.0,
        "Selling General And Administration": 8532000.0,
        "Gross Profit": 13970000.0,
        "Cost Of Revenue": 30886000.0,
        "Total Revenue": 44856000.0,
        "Operating Revenue": 44856000.0
    },
    "2024-03-31": {
        "Tax Effect Of Unusual Items": 0.0,
        "Tax Rate For Calcs": 0.239,
        "Normalized EBITDA": 14218000.0,
        "Net Income From Continuing Operation Net Minority Interest": 9562000.0,
        "Reconciled Depreciation": 1442000.0,
        "Reconciled Cost Of Revenue": 43085000.0,
        "EBITDA": 14218000.0,
        "EBIT": 12776000.0,
        "Net Interest Income": -214000.0,
        "Interest Expense": 214000.0,
        "Normalized Income": 9562000.0,
        "Net Income From Continuing And Discontinued Operation": 9562000.0,
        "Total Expenses": 52474000.0,
        "Total Operating Income As Reported": 12776000.0,
        "Diluted Average Shares": 47468520.0,
        "Basic Average Shares": 45509423.0,
        "Diluted EPS": 0.2,
        "Basic EPS": 0.21,
        "Diluted NI Availto Com Stockholders": 9562000.0,
        "Net Income Common Stockholders": 9562000.0,
        "Net Income": 9562000.0,
        "Net Income Including Noncontrolling Interests": 9562000.0,
        "Net Income Continuous Operations": 9562000.0,
        "Tax Provision": 3000000.0,
        "Pretax Income": 12562000.0,
        "Net Non Operating Interest Income Expense": -214000.0,
        "Interest Expense Non Operating": 214000.0,
        "Operating Income": 12776000.0,
        "Operating Expense": 8645000.0,
        "Depreciation Amortization Depletion Income Statement": 698000.0,
        "Depreciation And Amortization In Income Statement": 698000.0,
        "Amortization": 698000.0,
        "Amortization Of Intangibles Income Statement": 698000.0,
        "Selling General And Administration": 7947000.0,
        "Gross Profit": 21421000.0,
        "Cost Of Revenue": 43829000.0,
        "Total Revenue": 65250000.0,
        "Operating Revenue": 65250000.0
    },
    "2024-06-30": {
        "Tax Effect Of Unusual Items": 0.0,
        "Tax Rate For Calcs": 0.242053,
        "Normalized EBITDA": 14378000.0,
        "Net Income From Continuing Operation Net Minority Interest": 9585000.0,
        "Reconciled Depreciation": 1580000.0,
        "Reconciled Cost Of Revenue": 51891000.0,
        "EBITDA": 14378000.0,
        "EBIT": 12798000.0,
        "Net Interest Income": -152000.0,
        "Interest Expense": 152000.0,
        "Normalized Income": 9585000.0,
        "Net Income From Continuing And Discontinued Operation": 9585000.0,
        "Total Expenses": 62484000.0,
        "Total Operating Income As Reported": 12798000.0,
        "Diluted Average Shares": 47275901.0,
        "Basic Average Shares": 45513445.0,
        "Diluted EPS": 0.2,
        "Basic EPS": 0.21,
        "Diluted NI Availto Com Stockholders": 9585000.0,
        "Net Income Common Stockholders": 9585000.0,
        "Net Income": 9585000.0,
        "Net Income Including Noncontrolling Interests": 9585000.0,
        "Net Income Continuous Operations": 9585000.0,
        "Tax Provision": 3061000.0,
        "Pretax Income": 12646000.0,
        "Net Non Operating Interest Income Expense": -152000.0,
        "Interest Expense Non Operating": 152000.0,
        "Operating Income": 12798000.0,
        "Operating Expense": 9773000.0,
        "Depreciation Amortization Depletion Income Statement": 760000.0,
        "Depreciation And Amortization In Income Statement": 760000.0,
        "Amortization": 760000.0,
        "Amortization Of Intangibles Income Statement": 760000.0,
        "Selling General And Administration": 9013000.0,
        "Gross Profit": 22571000.0,
        "Cost Of Revenue": 52711000.0,
        "Total Revenue": 75282000.0,
        "Operating Revenue": 75282000.0
    }
}