{
    "2023-06-30": {
        "Tax Effect Of Unusual Items": 114668.0,
        "Tax Rate For Calcs": 0.263,
        "Normalized EBITDA": 166095000.0,
        "Total Unusual Items": 436000.0,
        "Total Unusual Items Excluding Goodwill": 436000.0,
        "Net Income From Continuing Operation Net Minority Interest": 41216000.0,
        "Reconciled Depreciation": 95929000.0,
        "Reconciled Cost Of Revenue": 191871000.0,
        "EBITDA": 166531000.0,
        "EBIT": 70602000.0,
        "Net Interest Income": -14700000.0,
        "Interest Expense": 14700000.0,
        "Normalized Income": 40894668.0,
        "Net Income From Continuing And Discontinued Operation": 41216000.0,
        "Total Expenses": 291130000.0,
        "Rent Expense Supplemental": 69107000.0,
        "Total Operating Income As Reported": 69538000.0,
        "Diluted Average Shares": 36302000.0,
        "Basic Average Shares": 36075000.0,
        "Diluted EPS": 1.14,
        "Basic EPS": 1.14,
        "Diluted NI Availto Com Stockholders": 41216000.0,
        "Net Income Common Stockholders": 41216000.0,
        "Net Income": 41216000.0,
        "Net Income Including Noncontrolling Interests": 41216000.0,
        "Net Income Discontinuous Operations": 0.0,
        "Net Income Continuous Operations": 41216000.0,
        "Tax Provision": 14686000.0,
        "Pretax Income": 55902000.0,
        "Other Income Expense": 1500000.0,
        "Other Non Operating Income Expenses": 1064000.0,
        "Special Income Charges": 436000.0,
        "Gain On Sale Of Ppe": 436000.0,
        "Impairment Of Capital Assets": NaN,
        "Gain On Sale Of Security": 436000.0,
        "Net Non Operating Interest Income Expense": -14700000.0,
        "Interest Expense Non Operating": 14700000.0,
        "Operating Income": 69102000.0,
        "Operating Expense": 99259000.0,
        "Selling General And Administration": 99259000.0,
        "Gross Profit": 168361000.0,
        "Cost Of Revenue": 191871000.0,
        "Total Revenue": 360232000.0,
        "Operating Revenue": 359130000.0
    },
    "2023-03-31": {
        "Tax Effect Of Unusual Items": 174087.0,
        "Tax Rate For Calcs": 0.261,
        "Normalized EBITDA": 139387000.0,
        "Total Unusual Items": 667000.0,
        "Total Unusual Items Excluding Goodwill": 667000.0,
        "Net Income From Continuing Operation Net Minority Interest": 25674000.0,
        "Reconciled Depreciation": 91628000.0,
        "Reconciled Cost Of Revenue": 181104000.0,
        "EBITDA": 140054000.0,
        "EBIT": 48426000.0,
        "Net Interest Income": -13697000.0,
        "Interest Expense": 13697000.0,
        "Normalized Income": 25181087.0,
        "Net Income From Continuing And Discontinued Operation": 25674000.0,
        "Total Expenses": 276439000.0,
        "Rent Expense Supplemental": 65842000.0,
        "Total Operating Income As Reported": 46710000.0,
        "Diluted Average Shares": 36352000.0,
        "Basic Average Shares": 36025000.0,
        "Diluted EPS": 0.71,
        "Basic EPS": 0.71,
        "Diluted NI Availto Com Stockholders": 25674000.0,
        "Net Income Common Stockholders": 25674000.0,
        "Net Income": 25674000.0,
        "Net Income Including Noncontrolling Interests": 25674000.0,
        "Net Income Discontinuous Operations": NaN,
        "Net Income Continuous Operations": 25674000.0,
        "Tax Provision": 9055000.0,
        "Pretax Income": 34729000.0,
        "Other Income Expense": 2383000.0,
        "Other Non Operating Income Expenses": 1716000.0,
        "Special Income Charges": 667000.0,
        "Gain On Sale Of Ppe": 667000.0,
        "Impairment Of Capital Assets": NaN,
        "Gain On Sale Of Security": 667000.0,
        "Net Non Operating Interest Income Expense": -13697000.0,
        "Interest Expense Non Operating": 13697000.0,
        "Operating Income": 46043000.0,
        "Operating Expense": 95335000.0,
        "Selling General And Administration": 95335000.0,
        "Gross Profit": 141378000.0,
        "Cost Of Revenue": 181104000.0,
        "Total Revenue": 322482000.0,
        "Operating Revenue": 322482000.0
    },
    "2022-12-31": {
        "Tax Effect Of Unusual Items": NaN,
        "Tax Rate For Calcs": NaN,
        "Normalized EBITDA": NaN,
        "Total Unusual Items": NaN,
        "Total Unusual Items Excluding Goodwill": NaN,
        "Net Income From Continuing Operation Net Minority Interest": NaN,
        "Reconciled Depreciation": NaN,
        "Reconciled Cost Of Revenue": NaN,
        "EBITDA": NaN,
        "EBIT": NaN,
        "Net Interest Income": NaN,
        "Interest Expense": NaN,
        "Normalized Income": NaN,
        "Net Income From Continuing And Discontinued Operation": NaN,
        "Total Expenses": NaN,
        "Rent Expense Supplemental": NaN,
        "Total Operating Income As Reported": NaN,
        "Diluted Average Shares": NaN,
        "Basic Average Shares": NaN,
        "Diluted EPS": NaN,
        "Basic EPS": NaN,
        "Diluted NI Availto Com Stockholders": NaN,
        "Net Income Common Stockholders": NaN,
        "Net Income": NaN,
        "Net Income Including Noncontrolling Interests": NaN,
        "Net Income Discontinuous Operations": 0.0,
        "Net Income Continuous Operations": NaN,
        "Tax Provision": NaN,
        "Pretax Income": NaN,
        "Other Income Expense": NaN,
        "Other Non Operating Income Expenses": NaN,
        "Special Income Charges": NaN,
        "Gain On Sale Of Ppe": NaN,
        "Impairment Of Capital Assets": NaN,
        "Gain On Sale Of Security": 13925000.0,
        "Net Non Operating Interest Income Expense": NaN,
        "Interest Expense Non Operating": NaN,
        "Operating Income": NaN,
        "Operating Expense": NaN,
        "Selling General And Administration": NaN,
        "Gross Profit": NaN,
        "Cost Of Revenue": NaN,
        "Total Revenue": NaN,
        "Operating Revenue": NaN
    },
    "2022-09-30": {
        "Tax Effect Of Unusual Items": NaN,
        "Tax Rate For Calcs": NaN,
        "Normalized EBITDA": NaN,
        "Total Unusual Items": NaN,
        "Total Unusual Items Excluding Goodwill": NaN,
        "Net Income From Continuing Operation Net Minority Interest": NaN,
        "Reconciled Depreciation": NaN,
        "Reconciled Cost Of Revenue": NaN,
        "EBITDA": NaN,
        "EBIT": NaN,
        "Net Interest Income": NaN,
        "Interest Expense": NaN,
        "Normalized Income": NaN,
        "Net Income From Continuing And Discontinued Operation": NaN,
        "Total Expenses": NaN,
        "Rent Expense Supplemental": NaN,
        "Total Operating Income As Reported": NaN,
        "Diluted Average Shares": NaN,
        "Basic Average Shares": NaN,
        "Diluted EPS": NaN,
        "Basic EPS": NaN,
        "Diluted NI Availto Com Stockholders": NaN,
        "Net Income Common Stockholders": NaN,
        "Net Income": NaN,
        "Net Income Including Noncontrolling Interests": NaN,
        "Net Income Discontinuous Operations": 0.0,
        "Net Income Continuous Operations": NaN,
        "Tax Provision": NaN,
        "Pretax Income": NaN,
        "Other Income Expense": NaN,
        "Other Non Operating Income Expenses": NaN,
        "Special Income Charges": NaN,
        "Gain On Sale Of Ppe": NaN,
        "Impairment Of Capital Assets": 0.0,
        "Restructuring And Mergern Acquisition": 547000.0,
        "Gain On Sale Of Security": NaN,
        "Net Non Operating Interest Income Expense": NaN,
        "Interest Expense Non Operating": NaN,
        "Operating Income": NaN,
        "Operating Expense": NaN,
        "Selling General And Administration": NaN,
        "Gross Profit": NaN,
        "Cost Of Revenue": NaN,
        "Total Revenue": NaN,
        "Operating Revenue": NaN
    },
    "2022-06-30": {
        "Tax Effect Of Unusual Items": 266928.0,
        "Tax Rate For Calcs": 0.268,
        "Normalized EBITDA": 120891000.0,
        "Total Unusual Items": 996000.0,
        "Total Unusual Items Excluding Goodwill": 996000.0,
        "Net Income From Continuing Operation Net Minority Interest": 27870000.0,
        "Reconciled Depreciation": 70328000.0,
        "Reconciled Cost Of Revenue": 162337000.0,
        "EBITDA": 121887000.0,
        "EBIT": 51559000.0,
        "Net Interest Income": -13500000.0,
        "Interest Expense": 13500000.0,
        "Normalized Income": 27140928.0,
        "Net Income From Continuing And Discontinued Operation": 26346000.0,
        "Total Expenses": 245001000.0,
        "Rent Expense Supplemental": 54688000.0,
        "Total Operating Income As Reported": 50666000.0,
        "Diluted Average Shares": 36541000.0,
        "Basic Average Shares": 36382000.0,
        "Diluted EPS": 0.72,
        "Basic EPS": 0.72,
        "Diluted NI Availto Com Stockholders": 26346000.0,
        "Net Income Common Stockholders": 26346000.0,
        "Net Income": 26346000.0,
        "Net Income Including Noncontrolling Interests": 26346000.0,
        "Net Income Discontinuous Operations": -1524000.0,
        "Net Income Continuous Operations": 27870000.0,
        "Tax Provision": 10189000.0,
        "Pretax Income": 38059000.0,
        "Other Income Expense": 1889000.0,
        "Other Non Operating Income Expenses": 893000.0,
        "Special Income Charges": 996000.0,
        "Gain On Sale Of Ppe": 996000.0,
        "Restructuring And Mergern Acquisition": 0.0,
        "Net Non Operating Interest Income Expense": -13500000.0,
        "Interest Expense Non Operating": 13500000.0,
        "Operating Income": 49670000.0,
        "Operating Expense": 82664000.0,
        "Selling General And Administration": 82664000.0,
        "Gross Profit": 132334000.0,
        "Cost Of Revenue": 162337000.0,
        "Total Revenue": 294671000.0,
        "Operating Revenue": 292957000.0
    },
    "2022-03-31": {
        "Diluted EPS": 0.45,
        "Total Revenue": 272,
        "Gross Profit": 112,
        "Operating Income": 35,
        "EBIT": 103,
        "Net Income": 16
    },
    "2021-12-31": {
        "Diluted EPS": 1.46,
        "Total Revenue": 281,
        "Gross Profit": 118,
        "Operating Income": 42,
        "EBIT": 109,
        "Net Income": 53
    },
    "2021-09-30": {
        "Diluted EPS": 0.81,
        "Total Revenue": 275,
        "Gross Profit": 114,
        "Operating Income": 46,
        "EBIT": 112,
        "Net Income": 30
    },
    "2021-06-30": {
        "Diluted EPS": 0.43,
        "Total Revenue": 266,
        "Gross Profit": 100,
        "Operating Income": 30,
        "EBIT": 97,
        "Net Income": 16
    },
    "2021-03-31": {
        "Diluted EPS": 0.11,
        "Total Revenue": 240,
        "Gross Profit": 83,
        "Operating Income": 15,
        "EBIT": 79,
        "Net Income": 4
    },
    "2020-12-31": {
        "Diluted EPS": -0.4,
        "Total Revenue": 191,
        "Gross Profit": 72,
        "Operating Income": 23,
        "EBIT": 150,
        "Net Income": -15
    },
    "2020-09-30": {
        "Diluted EPS": 0.28,
        "Total Revenue": 252,
        "Gross Profit": 88,
        "Operating Income": 25,
        "EBIT": 30,
        "Net Income": 10
    },
    "2020-06-30": {
        "Diluted EPS": 0.24,
        "Total Revenue": 278,
        "Gross Profit": 92,
        "Operating Income": 27,
        "EBIT": 157,
        "Net Income": 9
    },
    "2020-03-31": {
        "Diluted EPS": -1.03,
        "Total Revenue": 286,
        "Gross Profit": 105,
        "Operating Income": -32,
        "EBIT": 37,
        "Net Income": -37
    },
    "2019-12-31": {
        "Diluted EPS": 0.6,
        "Total Revenue": 124,
        "Gross Profit": 72,
        "Operating Income": 17,
        "EBIT": 101,
        "Net Income": 22
    },
    "2019-09-30": {
        "Diluted EPS": 0.79,
        "Total Revenue": 353,
        "Gross Profit": 132,
        "Operating Income": 56,
        "EBIT": 127,
        "Net Income": 28
    },
    "2019-06-30": {
        "Diluted EPS": 0.63,
        "Total Revenue": 334,
        "Gross Profit": 125,
        "Operating Income": 48,
        "EBIT": 118,
        "Net Income": 23
    },
    "2019-03-31": {
        "Diluted EPS": 0.4,
        "Total Revenue": 314,
        "Gross Profit": 114,
        "Operating Income": 36,
        "EBIT": 101,
        "Net Income": 14
    },
    "2018-12-31": {
        "Diluted EPS": 0.7,
        "Total Revenue": 346,
        "Gross Profit": 123,
        "Operating Income": 51,
        "EBIT": 114,
        "Net Income": 25
    },
    "2018-09-30": {
        "Diluted EPS": 0.59,
        "Total Revenue": 322,
        "Gross Profit": 115,
        "Operating Income": 45,
        "EBIT": 108,
        "Net Income": 21
    },
    "2018-06-30": {
        "Diluted EPS": 0.58,
        "Total Revenue": 310,
        "Gross Profit": 108,
        "Operating Income": 43,
        "EBIT": 102,
        "Net Income": 21
    },
    "2018-03-31": {
        "Diluted EPS": 0.26,
        "Total Revenue": 260,
        "Gross Profit": 93,
        "Operating Income": 27,
        "EBIT": 81,
        "Net Income": 9
    },
    "2017-12-31": {
        "Diluted EPS": 2.4,
        "Total Revenue": 295,
        "Gross Profit": 101,
        "Operating Income": 40,
        "EBIT": 90,
        "Net Income": 86
    },
    "2017-09-30": {
        "Diluted EPS": 0.24,
        "Total Revenue": 259,
        "Gross Profit": 94,
        "Operating Income": 48,
        "EBIT": 97,
        "Net Income": 8
    },
    "2017-06-30": {
        "Diluted EPS": 0.28,
        "Total Revenue": 249,
        "Gross Profit": 87,
        "Operating Income": 29,
        "EBIT": 77,
        "Net Income": 10
    },
    "2017-03-31": {
        "Diluted EPS": 0.15,
        "Total Revenue": 227,
        "Gross Profit": 78,
        "Operating Income": 21,
        "EBIT": 69,
        "Net Income": 5
    },
    "2016-12-31": {
        "Diluted EPS": 0.35,
        "Total Revenue": 244,
        "Gross Profit": 85,
        "Operating Income": 30,
        "EBIT": 79,
        "Net Income": 12
    },
    "2016-09-30": {
        "Diluted EPS": 0.33,
        "Total Revenue": 245,
        "Gross Profit": 88,
        "Operating Income": 33,
        "EBIT": 82,
        "Net Income": 12
    },
    "2016-06-30": {
        "Diluted EPS": 0.21,
        "Total Revenue": 242,
        "Gross Profit": 82,
        "Operating Income": 25,
        "EBIT": 72,
        "Net Income": 8
    },
    "2016-03-31": {
        "Diluted EPS": 0.16,
        "Total Revenue": 247,
        "Gross Profit": 81,
        "Operating Income": 22,
        "EBIT": 69,
        "Net Income": 6
    },
    "2015-12-31": {
        "Diluted EPS": 0.33,
        "Total Revenue": 273,
        "Gross Profit": 90,
        "Operating Income": 33,
        "EBIT": 81,
        "Net Income": 12
    },
    "2015-09-30": {
        "Diluted EPS": 0.42,
        "Total Revenue": 277,
        "Gross Profit": 93,
        "Operating Income": 38,
        "EBIT": 86,
        "Net Income": 15
    },
    "2015-06-30": {
        "Diluted EPS": 0.33,
        "Total Revenue": 262,
        "Gross Profit": 86,
        "Operating Income": 33,
        "EBIT": 80,
        "Net Income": 11
    },
    "2015-03-31": {
        "Diluted EPS": 0.17,
        "Total Revenue": 227,
        "Gross Profit": 76,
        "Operating Income": 23,
        "EBIT": 69,
        "Net Income": 6
    },
    "2014-12-31": {
        "Diluted EPS": 0.47,
        "Total Revenue": 298,
        "Gross Profit": 95,
        "Operating Income": 41,
        "EBIT": 87,
        "Net Income": 17
    },
    "2014-09-30": {
        "Diluted EPS": 0.43,
        "Total Revenue": 275,
        "Gross Profit": 91,
        "Operating Income": 40,
        "EBIT": 83,
        "Net Income": 15
    },
    "2014-06-30": {
        "Diluted EPS": 0.45,
        "Total Revenue": 280,
        "Gross Profit": 89,
        "Operating Income": 38,
        "EBIT": 79,
        "Net Income": 16
    },
    "2014-03-31": {
        "Diluted EPS": 0.21,
        "Total Revenue": 237,
        "Gross Profit": 73,
        "Operating Income": 25,
        "EBIT": 63,
        "Net Income": 7
    },
    "2013-12-31": {
        "Diluted EPS": 0.41,
        "Total Revenue": 260,
        "Gross Profit": 82,
        "Operating Income": 34,
        "EBIT": 71,
        "Net Income": 15
    },
    "2013-09-30": {
        "Diluted EPS": 0.4,
        "Total Revenue": 270,
        "Gross Profit": 80,
        "Operating Income": 34,
        "EBIT": 70,
        "Net Income": 14
    },
    "2013-06-30": {
        "Diluted EPS": 0.31,
        "Total Revenue": 245,
        "Gross Profit": 75,
        "Operating Income": 29,
        "EBIT": 63,
        "Net Income": 11
    },
    "2013-03-31": {
        "Diluted EPS": 0.14,
        "Total Revenue": 212,
        "Gross Profit": 64,
        "Operating Income": 19,
        "EBIT": 51,
        "Net Income": 5
    },
    "2012-12-31": {
        "Diluted EPS": 0.3,
        "Total Revenue": 250,
        "Gross Profit": 73,
        "Operating Income": 28,
        "EBIT": 61,
        "Net Income": 11
    },
    "2012-09-30": {
        "Diluted EPS": 0.11,
        "Total Revenue": 205,
        "Gross Profit": 67,
        "Operating Income": 25,
        "EBIT": 56,
        "Net Income": 4
    },
    "2012-06-30": {
        "Diluted EPS": 0.3,
        "Total Revenue": 209,
        "Gross Profit": 64,
        "Operating Income": 23,
        "EBIT": 52,
        "Net Income": 10
    },
    "2012-03-31": {
        "Diluted EPS": 0.11,
        "Total Revenue": 174,
        "Gross Profit": 53,
        "Operating Income": 12,
        "EBIT": 39,
        "Net Income": 4
    },
    "2011-12-31": {
        "Diluted EPS": 0.23,
        "Total Revenue": 217,
        "Gross Profit": 56,
        "Operating Income": 18,
        "EBIT": 44,
        "Net Income": 8
    },
    "2011-09-30": {
        "Diluted EPS": 0.14,
        "Total Revenue": 184,
        "Gross Profit": 54,
        "Operating Income": 15,
        "EBIT": 41,
        "Net Income": 5
    },
    "2011-06-30": {
        "Diluted EPS": 0.08,
        "Total Revenue": 184,
        "Gross Profit": 48,
        "Operating Income": 10,
        "EBIT": 35,
        "Net Income": 3
    },
    "2011-03-31": {
        "Diluted EPS": -0.19,
        "Total Revenue": 135,
        "Gross Profit": 35,
        "Operating Income": -3,
        "EBIT": 21,
        "Net Income": -6
    },
    "2010-12-31": {
        "Diluted EPS": -0.07,
        "Total Revenue": 175,
        "Gross Profit": 42,
        "Operating Income": 3,
        "EBIT": 27,
        "Net Income": -3
    },
    "2010-09-30": {
        "Diluted EPS": -0.11,
        "Total Revenue": 154,
        "Gross Profit": 38,
        "Operating Income": 1,
        "EBIT": 25,
        "Net Income": -4
    },
    "2010-06-30": {
        "Diluted EPS": -0.2,
        "Total Revenue": 131,
        "Gross Profit": 32,
        "Operating Income": -4,
        "EBIT": 19,
        "Net Income": -7
    },
    "2010-03-31": {
        "Diluted EPS": -0.35,
        "Total Revenue": 115,
        "Gross Profit": 24,
        "Operating Income": -12,
        "EBIT": 11,
        "Net Income": -12
    },
    "2009-12-31": {
        "Diluted EPS": -0.35,
        "Total Revenue": 138,
        "Gross Profit": 31,
        "Operating Income": -12,
        "EBIT": 20,
        "Net Income": -12
    },
    "2009-09-30": {
        "Diluted EPS": -0.07,
        "Total Revenue": 176,
        "Gross Profit": 40,
        "Operating Income": 5,
        "EBIT": 29,
        "Net Income": -2
    },
    "2009-06-30": {
        "Diluted EPS": 0.01,
        "Total Revenue": 180,
        "Gross Profit": 45,
        "Operating Income": 9,
        "EBIT": 35,
        "Net Income": 0
    },
    "2009-03-31": {
        "Diluted EPS": 0.06,
        "Total Revenue": 186,
        "Gross Profit": 50,
        "Operating Income": 11,
        "EBIT": 38,
        "Net Income": 2
    },
    "2023-09-30": {
        "Tax Effect Of Unusual Items": -1292211.0,
        "Tax Rate For Calcs": 0.261,
        "Normalized EBITDA": 188356000.0,
        "Total Unusual Items": -4951000.0,
        "Total Unusual Items Excluding Goodwill": -4951000.0,
        "Net Income From Continuing Operation Net Minority Interest": 48879000.0,
        "Reconciled Depreciation": 101120000.0,
        "Reconciled Cost Of Revenue": 212313000.0,
        "EBITDA": 183405000.0,
        "EBIT": 82285000.0,
        "Net Interest Income": -16145000.0,
        "Interest Expense": 16145000.0,
        "Normalized Income": 52537789.0,
        "Net Income From Continuing And Discontinued Operation": 48879000.0,
        "Total Expenses": 316531000.0,
        "Rent Expense Supplemental": 75601000.0,
        "Total Operating Income As Reported": 79214000.0,
        "Diluted Average Shares": 36322000.0,
        "Basic Average Shares": 36134000.0,
        "Diluted EPS": 1.35,
        "Basic EPS": 1.35,
        "Diluted NI Availto Com Stockholders": 48879000.0,
        "Net Income Common Stockholders": 48879000.0,
        "Net Income": 48879000.0,
        "Net Income Including Noncontrolling Interests": 48879000.0,
        "Net Income Discontinuous Operations": 0.0,
        "Net Income Continuous Operations": 48879000.0,
        "Tax Provision": 17261000.0,
        "Pretax Income": 66140000.0,
        "Other Income Expense": -1880000.0,
        "Other Non Operating Income Expenses": 3071000.0,
        "Special Income Charges": -4951000.0,
        "Gain On Sale Of Ppe": 763000.0,
        "Impairment Of Capital Assets": 5714000.0,
        "Gain On Sale Of Security": 763000.0,
        "Net Non Operating Interest Income Expense": -16145000.0,
        "Interest Expense Non Operating": 16145000.0,
        "Operating Income": 84165000.0,
        "Operating Expense": 104218000.0,
        "Selling General And Administration": 104218000.0,
        "Gross Profit": 188383000.0,
        "Cost Of Revenue": 212313000.0,
        "Total Revenue": 400696000.0,
        "Operating Revenue": 399788000.0
    },
    "2023-12-31": {
        "Tax Effect Of Unusual Items": 295814.078825,
        "Tax Rate For Calcs": 0.194231,
        "Normalized EBITDA": 180989000.0,
        "Total Unusual Items": 1523000.0,
        "Total Unusual Items Excluding Goodwill": 1523000.0,
        "Net Income From Continuing Operation Net Minority Interest": 53524000.0,
        "Reconciled Depreciation": 99737000.0,
        "Reconciled Cost Of Revenue": 199467000.0,
        "EBITDA": 182512000.0,
        "EBIT": 82775000.0,
        "Net Interest Income": -16349000.0,
        "Interest Expense": 16349000.0,
        "Normalized Income": 52296814.078825,
        "Net Income From Continuing And Discontinued Operation": 53524000.0,
        "Total Expenses": 306087000.0,
        "Rent Expense Supplemental": 75141000.0,
        "Total Operating Income As Reported": 81242000.0,
        "Diluted Average Shares": 36340000.0,
        "Basic Average Shares": 36167000.0,
        "Diluted EPS": 1.47,
        "Basic EPS": 1.48,
        "Diluted NI Availto Com Stockholders": 53524000.0,
        "Net Income Common Stockholders": 53524000.0,
        "Net Income": 53524000.0,
        "Net Income Including Noncontrolling Interests": 53524000.0,
        "Net Income Discontinuous Operations": 0.0,
        "Net Income Continuous Operations": 53524000.0,
        "Tax Provision": 12902000.0,
        "Pretax Income": 66426000.0,
        "Other Income Expense": 3056000.0,
        "Other Non Operating Income Expenses": 1533000.0,
        "Special Income Charges": 1523000.0,
        "Gain On Sale Of Ppe": 1523000.0,
        "Impairment Of Capital Assets": 0.0,
        "Gain On Sale Of Security": 1523000.0,
        "Net Non Operating Interest Income Expense": -16349000.0,
        "Interest Expense Non Operating": 16349000.0,
        "Operating Income": 79719000.0,
        "Operating Expense": 106620000.0,
        "Selling General And Administration": 106620000.0,
        "Gross Profit": 186339000.0,
        "Cost Of Revenue": 199467000.0,
        "Total Revenue": 385806000.0,
        "Operating Revenue": 389014000.0
    },
    "2024-03-31": {
        "Tax Effect Of Unusual Items": 379745.0,
        "Tax Rate For Calcs": 0.265,
        "Normalized EBITDA": 156524000.0,
        "Total Unusual Items": 1433000.0,
        "Total Unusual Items Excluding Goodwill": 1433000.0,
        "Net Income From Continuing Operation Net Minority Interest": 25889000.0,
        "Reconciled Depreciation": 104385000.0,
        "Reconciled Cost Of Revenue": 206492000.0,
        "EBITDA": 157957000.0,
        "EBIT": 53572000.0,
        "Net Interest Income": -18366000.0,
        "Interest Expense": 18366000.0,
        "Normalized Income": 24835745.0,
        "Net Income From Continuing And Discontinued Operation": 25889000.0,
        "Total Expenses": 320770000.0,
        "Rent Expense Supplemental": 76030000.0,
        "Total Operating Income As Reported": 52020000.0,
        "Diluted Average Shares": 36562000.0,
        "Basic Average Shares": 36196000.0,
        "Diluted EPS": 0.71,
        "Basic EPS": 0.72,
        "Diluted NI Availto Com Stockholders": 25889000.0,
        "Net Income Common Stockholders": 25889000.0,
        "Net Income": 25889000.0,
        "Net Income Including Noncontrolling Interests": 25889000.0,
        "Net Income Discontinuous Operations": NaN,
        "Net Income Continuous Operations": 25889000.0,
        "Tax Provision": 9317000.0,
        "Pretax Income": 35206000.0,
        "Other Income Expense": 2985000.0,
        "Other Non Operating Income Expenses": 1552000.0,
        "Special Income Charges": 1433000.0,
        "Gain On Sale Of Ppe": 1433000.0,
        "Impairment Of Capital Assets": NaN,
        "Gain On Sale Of Security": NaN,
        "Net Non Operating Interest Income Expense": -18366000.0,
        "Interest Expense Non Operating": 18366000.0,
        "Operating Income": 50587000.0,
        "Operating Expense": 114278000.0,
        "Selling General And Administration": 114278000.0,
        "Gross Profit": 164865000.0,
        "Cost Of Revenue": 206492000.0,
        "Total Revenue": 371357000.0,
        "Operating Revenue": 371357000.0
    }
}