{
    "2023-04-30": {
        "Tax Effect Of Unusual Items": 0.0,
        "Tax Rate For Calcs": 0.212,
        "Normalized EBITDA": 187157000.0,
        "Net Income From Continuing Operation Net Minority Interest": 105120000.0,
        "Reconciled Depreciation": 29724000.0,
        "Reconciled Cost Of Revenue": 421329000.0,
        "EBITDA": 187157000.0,
        "EBIT": 157433000.0,
        "Net Interest Income": -11373000.0,
        "Interest Expense": 11373000.0,
        "Normalized Income": 105120000.0,
        "Net Income From Continuing And Discontinued Operation": 105120000.0,
        "Total Expenses": 530751000.0,
        "Total Operating Income As Reported": 157090000.0,
        "Diluted Average Shares": 138600000.0,
        "Basic Average Shares": 136916000.0,
        "Diluted EPS": 0.76,
        "Basic EPS": 0.77,
        "Diluted NI Availto Com Stockholders": 105120000.0,
        "Net Income Common Stockholders": 105120000.0,
        "Net Income": 105120000.0,
        "Minority Interests": -9940000.0,
        "Net Income Including Noncontrolling Interests": 115060000.0,
        "Net Income Continuous Operations": 115060000.0,
        "Tax Provision": 31000000.0,
        "Pretax Income": 146060000.0,
        "Other Income Expense": 343000.0,
        "Other Non Operating Income Expenses": 343000.0,
        "Net Non Operating Interest Income Expense": -11373000.0,
        "Interest Expense Non Operating": 11373000.0,
        "Operating Income": 157090000.0,
        "Operating Expense": 109422000.0,
        "Selling General And Administration": 109422000.0,
        "Gross Profit": 266512000.0,
        "Cost Of Revenue": 421329000.0,
        "Total Revenue": 687841000.0,
        "Operating Revenue": 687841000.0
    },
    "2023-01-31": {
        "Tax Effect Of Unusual Items": 0.0,
        "Tax Rate For Calcs": 0.169,
        "Normalized EBITDA": 157133000.0,
        "Net Income From Continuing Operation Net Minority Interest": 93027000.0,
        "Reconciled Depreciation": 27060000.0,
        "Reconciled Cost Of Revenue": 377116000.0,
        "EBITDA": 157133000.0,
        "EBIT": 130073000.0,
        "Net Interest Income": -6068000.0,
        "Interest Expense": 6068000.0,
        "Normalized Income": 93027000.0,
        "Net Income From Continuing And Discontinued Operation": 93027000.0,
        "Total Expenses": 491481000.0,
        "Total Operating Income As Reported": 129434000.0,
        "Diluted Average Shares": 138579000.0,
        "Basic Average Shares": 136655000.0,
        "Diluted EPS": 0.67,
        "Basic EPS": 0.68,
        "Diluted NI Availto Com Stockholders": 93027000.0,
        "Net Income Common Stockholders": 93027000.0,
        "Net Income": 93027000.0,
        "Minority Interests": -9978000.0,
        "Net Income Including Noncontrolling Interests": 103005000.0,
        "Net Income Continuous Operations": 103005000.0,
        "Tax Provision": 21000000.0,
        "Pretax Income": 124005000.0,
        "Other Income Expense": 639000.0,
        "Other Non Operating Income Expenses": 639000.0,
        "Net Non Operating Interest Income Expense": -6068000.0,
        "Interest Expense Non Operating": 6068000.0,
        "Operating Income": 129434000.0,
        "Operating Expense": 114365000.0,
        "Selling General And Administration": 114365000.0,
        "Gross Profit": 243799000.0,
        "Cost Of Revenue": 377116000.0,
        "Total Revenue": 620915000.0,
        "Operating Revenue": 620915000.0
    },
    "2022-10-31": {
        "Tax Effect Of Unusual Items": 0.0,
        "Tax Rate For Calcs": 0.23049,
        "Normalized EBITDA": 172185000.0,
        "Net Income From Continuing Operation Net Minority Interest": 97204000.0,
        "Reconciled Depreciation": 25807000.0,
        "Reconciled Cost Of Revenue": 369255000.0,
        "EBITDA": 172185000.0,
        "EBIT": 146378000.0,
        "Net Interest Income": -3205000.0,
        "Interest Expense": 3205000.0,
        "Normalized Income": 97204000.0,
        "Net Income From Continuing And Discontinued Operation": 97204000.0,
        "Total Expenses": 463140000.0,
        "Total Operating Income As Reported": 146498000.0,
        "Diluted Average Shares": 138478000.0,
        "Basic Average Shares": 136536000.0,
        "Diluted EPS": 0.7,
        "Basic EPS": 0.71,
        "Diluted NI Availto Com Stockholders": 97204000.0,
        "Net Income Common Stockholders": 97204000.0,
        "Net Income": 97204000.0,
        "Minority Interests": -12969000.0,
        "Net Income Including Noncontrolling Interests": 110173000.0,
        "Net Income Continuous Operations": 110173000.0,
        "Tax Provision": 33000000.0,
        "Pretax Income": 143173000.0,
        "Other Income Expense": -120000.0,
        "Other Non Operating Income Expenses": -120000.0,
        "Net Non Operating Interest Income Expense": -3205000.0,
        "Interest Expense Non Operating": 3205000.0,
        "Operating Income": 146498000.0,
        "Operating Expense": 93885000.0,
        "Selling General And Administration": 93885000.0,
        "Gross Profit": 240383000.0,
        "Cost Of Revenue": 369255000.0,
        "Total Revenue": 609638000.0,
        "Operating Revenue": 609638000.0
    },
    "2022-07-31": {
        "Tax Effect Of Unusual Items": 0.0,
        "Tax Rate For Calcs": 0.269834,
        "Normalized EBITDA": 152711000.0,
        "Net Income From Continuing Operation Net Minority Interest": 82540000.0,
        "Reconciled Depreciation": 23819000.0,
        "Reconciled Cost Of Revenue": 348591000.0,
        "EBITDA": 152711000.0,
        "EBIT": 128892000.0,
        "Net Interest Income": -1406000.0,
        "Interest Expense": 1406000.0,
        "Normalized Income": 82540000.0,
        "Net Income From Continuing And Discontinued Operation": 82540000.0,
        "Total Expenses": 440781000.0,
        "Total Operating Income As Reported": 128747000.0,
        "Diluted Average Shares": 137837000.0,
        "Basic Average Shares": 135978000.0,
        "Diluted EPS": 0.6,
        "Basic EPS": 0.61,
        "Diluted NI Availto Com Stockholders": 82540000.0,
        "Net Income Common Stockholders": 82540000.0,
        "Net Income": 82540000.0,
        "Minority Interests": -10546000.0,
        "Net Income Including Noncontrolling Interests": 93086000.0,
        "Net Income Continuous Operations": 93086000.0,
        "Tax Provision": 34400000.0,
        "Pretax Income": 127486000.0,
        "Other Income Expense": 145000.0,
        "Other Non Operating Income Expenses": 145000.0,
        "Net Non Operating Interest Income Expense": -1406000.0,
        "Interest Expense Non Operating": 1406000.0,
        "Operating Income": 128747000.0,
        "Operating Expense": 92190000.0,
        "Selling General And Administration": 92190000.0,
        "Gross Profit": 220937000.0,
        "Cost Of Revenue": 348591000.0,
        "Total Revenue": 569528000.0,
        "Operating Revenue": 569528000.0
    },
    "2022-04-30": {
        "Diluted EPS": 0.62,
        "Total Revenue": 539,
        "Gross Profit": 211,
        "Operating Income": 123,
        "EBIT": 146,
        "Net Income": 85
    },
    "2022-01-31": {
        "Diluted EPS": 0.63,
        "Total Revenue": 490,
        "Gross Profit": 190,
        "Operating Income": 99,
        "EBIT": 122,
        "Net Income": 87
    },
    "2021-10-31": {
        "Diluted EPS": 0.63,
        "Total Revenue": 509,
        "Gross Profit": 204,
        "Operating Income": 115,
        "EBIT": 139,
        "Net Income": 86
    },
    "2021-07-31": {
        "Diluted EPS": 0.56,
        "Total Revenue": 472,
        "Gross Profit": 185,
        "Operating Income": 101,
        "EBIT": 124,
        "Net Income": 77
    },
    "2021-04-30": {
        "Diluted EPS": 0.51,
        "Total Revenue": 467,
        "Gross Profit": 180,
        "Operating Income": 97,
        "EBIT": 120,
        "Net Income": 71
    },
    "2021-01-31": {
        "Diluted EPS": 0.51,
        "Total Revenue": 418,
        "Gross Profit": 158,
        "Operating Income": 80,
        "EBIT": 103,
        "Net Income": 71
    },
    "2020-10-31": {
        "Diluted EPS": 0.45,
        "Total Revenue": 426,
        "Gross Profit": 162,
        "Operating Income": 89,
        "EBIT": 112,
        "Net Income": 62
    },
    "2020-07-31": {
        "Diluted EPS": 0.4,
        "Total Revenue": 386,
        "Gross Profit": 143,
        "Operating Income": 68,
        "EBIT": 90,
        "Net Income": 54
    },
    "2020-04-30": {
        "Diluted EPS": 0.55,
        "Total Revenue": 468,
        "Gross Profit": 179,
        "Operating Income": 108,
        "EBIT": 130,
        "Net Income": 75
    },
    "2020-01-31": {
        "Diluted EPS": 0.89,
        "Total Revenue": 506,
        "Gross Profit": 198,
        "Operating Income": 111,
        "EBIT": 133,
        "Net Income": 122
    },
    "2019-10-31": {
        "Diluted EPS": 0.62,
        "Total Revenue": 542,
        "Gross Profit": 209,
        "Operating Income": 121,
        "EBIT": 142,
        "Net Income": 86
    },
    "2019-07-31": {
        "Diluted EPS": 0.59,
        "Total Revenue": 532,
        "Gross Profit": 213,
        "Operating Income": 119,
        "EBIT": 141,
        "Net Income": 81
    },
    "2019-04-30": {
        "Diluted EPS": 0.6,
        "Total Revenue": 516,
        "Gross Profit": 209,
        "Operating Income": 119,
        "EBIT": 140,
        "Net Income": 82
    },
    "2019-01-31": {
        "Diluted EPS": 0.58,
        "Total Revenue": 466,
        "Gross Profit": 182,
        "Operating Income": 98,
        "EBIT": 118,
        "Net Income": 79
    },
    "2018-10-31": {
        "Diluted EPS": 0.49,
        "Total Revenue": 477,
        "Gross Profit": 186,
        "Operating Income": 104,
        "EBIT": 123,
        "Net Income": 67
    },
    "2018-07-31": {
        "Diluted EPS": 0.49,
        "Total Revenue": 466,
        "Gross Profit": 182,
        "Operating Income": 101,
        "EBIT": 121,
        "Net Income": 67
    },
    "2018-04-30": {
        "Diluted EPS": 0.44,
        "Total Revenue": 431,
        "Gross Profit": 168,
        "Operating Income": 92,
        "EBIT": 111,
        "Net Income": 60
    },
    "2018-01-31": {
        "Diluted EPS": 0.48,
        "Total Revenue": 404,
        "Gross Profit": 155,
        "Operating Income": 80,
        "EBIT": 99,
        "Net Income": 65
    },
    "2017-10-31": {
        "Diluted EPS": 0.39,
        "Total Revenue": 421,
        "Gross Profit": 160,
        "Operating Income": 89,
        "EBIT": 107,
        "Net Income": 54
    },
    "2017-07-31": {
        "Diluted EPS": 0.34,
        "Total Revenue": 392,
        "Gross Profit": 149,
        "Operating Income": 76,
        "EBIT": 93,
        "Net Income": 46
    },
    "2017-04-30": {
        "Diluted EPS": 0.34,
        "Total Revenue": 369,
        "Gross Profit": 140,
        "Operating Income": 77,
        "EBIT": 92,
        "Net Income": 46
    },
    "2017-01-31": {
        "Diluted EPS": 0.3,
        "Total Revenue": 343,
        "Gross Profit": 125,
        "Operating Income": 65,
        "EBIT": 80,
        "Net Income": 41
    },
    "2016-10-31": {
        "Diluted EPS": 0.33,
        "Total Revenue": 363,
        "Gross Profit": 136,
        "Operating Income": 76,
        "EBIT": 92,
        "Net Income": 44
    },
    "2016-07-31": {
        "Diluted EPS": 0.31,
        "Total Revenue": 356,
        "Gross Profit": 134,
        "Operating Income": 70,
        "EBIT": 85,
        "Net Income": 42
    },
    "2016-04-30": {
        "Diluted EPS": 0.29,
        "Total Revenue": 351,
        "Gross Profit": 134,
        "Operating Income": 67,
        "EBIT": 82,
        "Net Income": 39
    },
    "2016-01-31": {
        "Diluted EPS": 0.24,
        "Total Revenue": 306,
        "Gross Profit": 112,
        "Operating Income": 53,
        "EBIT": 67,
        "Net Income": 31
    },
    "2015-10-31": {
        "Diluted EPS": 0.28,
        "Total Revenue": 329,
        "Gross Profit": 127,
        "Operating Income": 69,
        "EBIT": 82,
        "Net Income": 38
    },
    "2015-07-31": {
        "Diluted EPS": 0.26,
        "Total Revenue": 300,
        "Gross Profit": 108,
        "Operating Income": 59,
        "EBIT": 70,
        "Net Income": 34
    },
    "2015-04-30": {
        "Diluted EPS": 0.25,
        "Total Revenue": 291,
        "Gross Profit": 105,
        "Operating Income": 56,
        "EBIT": 68,
        "Net Income": 33
    },
    "2015-01-31": {
        "Diluted EPS": 0.21,
        "Total Revenue": 268,
        "Gross Profit": 94,
        "Operating Income": 46,
        "EBIT": 57,
        "Net Income": 28
    },
    "2014-10-31": {
        "Diluted EPS": 0.25,
        "Total Revenue": 292,
        "Gross Profit": 103,
        "Operating Income": 54,
        "EBIT": 65,
        "Net Income": 32
    },
    "2014-07-31": {
        "Diluted EPS": 0.25,
        "Total Revenue": 291,
        "Gross Profit": 103,
        "Operating Income": 50,
        "EBIT": 62,
        "Net Income": 33
    },
    "2014-04-30": {
        "Diluted EPS": 0.22,
        "Total Revenue": 282,
        "Gross Profit": 100,
        "Operating Income": 49,
        "EBIT": 61,
        "Net Income": 28
    },
    "2014-01-31": {
        "Diluted EPS": 0.21,
        "Total Revenue": 267,
        "Gross Profit": 92,
        "Operating Income": 50,
        "EBIT": 62,
        "Net Income": 27
    },
    "2013-10-31": {
        "Diluted EPS": 0.23,
        "Total Revenue": 287,
        "Gross Profit": 107,
        "Operating Income": 56,
        "EBIT": 66,
        "Net Income": 30
    },
    "2013-07-31": {
        "Diluted EPS": 0.22,
        "Total Revenue": 267,
        "Gross Profit": 98,
        "Operating Income": 48,
        "EBIT": 58,
        "Net Income": 29
    },
    "2013-04-30": {
        "Diluted EPS": 0.18,
        "Total Revenue": 238,
        "Gross Profit": 89,
        "Operating Income": 45,
        "EBIT": 53,
        "Net Income": 24
    },
    "2013-01-31": {
        "Diluted EPS": 0.15,
        "Total Revenue": 216,
        "Gross Profit": 78,
        "Operating Income": 35,
        "EBIT": 43,
        "Net Income": 20
    },
    "2012-10-31": {
        "Diluted EPS": 0.18,
        "Total Revenue": 242,
        "Gross Profit": 90,
        "Operating Income": 46,
        "EBIT": 54,
        "Net Income": 24
    },
    "2012-07-31": {
        "Diluted EPS": 0.18,
        "Total Revenue": 226,
        "Gross Profit": 84,
        "Operating Income": 42,
        "EBIT": 50,
        "Net Income": 23
    },
    "2012-04-30": {
        "Diluted EPS": 0.15,
        "Total Revenue": 216,
        "Gross Profit": 75,
        "Operating Income": 38,
        "EBIT": 45,
        "Net Income": 19
    },
    "2012-01-31": {
        "Diluted EPS": 0.15,
        "Total Revenue": 213,
        "Gross Profit": 78,
        "Operating Income": 38,
        "EBIT": 45,
        "Net Income": 19
    },
    "2011-10-31": {
        "Diluted EPS": 0.15,
        "Total Revenue": 209,
        "Gross Profit": 74,
        "Operating Income": 37,
        "EBIT": 43,
        "Net Income": 19
    },
    "2011-07-31": {
        "Diluted EPS": 0.16,
        "Total Revenue": 197,
        "Gross Profit": 70,
        "Operating Income": 36,
        "EBIT": 40,
        "Net Income": 20
    },
    "2011-04-30": {
        "Diluted EPS": 0.13,
        "Total Revenue": 184,
        "Gross Profit": 66,
        "Operating Income": 33,
        "EBIT": 37,
        "Net Income": 17
    },
    "2011-01-31": {
        "Diluted EPS": 0.13,
        "Total Revenue": 174,
        "Gross Profit": 64,
        "Operating Income": 32,
        "EBIT": 37,
        "Net Income": 17
    },
    "2010-10-31": {
        "Diluted EPS": 0.12,
        "Total Revenue": 169,
        "Gross Profit": 61,
        "Operating Income": 30,
        "EBIT": 34,
        "Net Income": 16
    },
    "2010-07-31": {
        "Diluted EPS": 0.12,
        "Total Revenue": 158,
        "Gross Profit": 58,
        "Operating Income": 29,
        "EBIT": 34,
        "Net Income": 15
    },
    "2010-04-30": {
        "Diluted EPS": 0.1,
        "Total Revenue": 154,
        "Gross Profit": 54,
        "Operating Income": 26,
        "EBIT": 31,
        "Net Income": 13
    },
    "2010-01-31": {
        "Diluted EPS": 0.09,
        "Total Revenue": 136,
        "Gross Profit": 50,
        "Operating Income": 25,
        "EBIT": 29,
        "Net Income": 12
    },
    "2009-10-31": {
        "Diluted EPS": 0.09,
        "Total Revenue": 144,
        "Gross Profit": 49,
        "Operating Income": 24,
        "EBIT": 28,
        "Net Income": 12
    },
    "2009-07-31": {
        "Diluted EPS": 0.09,
        "Total Revenue": 134,
        "Gross Profit": 46,
        "Operating Income": 21,
        "EBIT": 25,
        "Net Income": 11
    },
    "2009-04-30": {
        "Diluted EPS": 0.08,
        "Total Revenue": 130,
        "Gross Profit": 43,
        "Operating Income": 21,
        "EBIT": 25,
        "Net Income": 11
    },
    "2009-01-31": {
        "Diluted EPS": 0.09,
        "Total Revenue": 130,
        "Gross Profit": 44,
        "Operating Income": 21,
        "EBIT": 25,
        "Net Income": 11
    },
    "2023-07-31": {
        "Tax Effect Of Unusual Items": 0.0,
        "Tax Rate For Calcs": 0.184,
        "Normalized EBITDA": 179804000.0,
        "Net Income From Continuing Operation Net Minority Interest": 102023000.0,
        "Reconciled Depreciation": 29531000.0,
        "Reconciled Cost Of Revenue": 444168000.0,
        "EBITDA": 179804000.0,
        "EBIT": 150273000.0,
        "Net Interest Income": -12120000.0,
        "Interest Expense": 12120000.0,
        "Normalized Income": 102023000.0,
        "Net Income From Continuing And Discontinued Operation": 102023000.0,
        "Total Expenses": 573535000.0,
        "Total Operating Income As Reported": 149367000.0,
        "Diluted Average Shares": 138668000.0,
        "Basic Average Shares": 137006000.0,
        "Diluted EPS": 0.74,
        "Basic EPS": 0.74,
        "Diluted NI Availto Com Stockholders": 102023000.0,
        "Net Income Common Stockholders": 102023000.0,
        "Net Income": 102023000.0,
        "Minority Interests": -10730000.0,
        "Net Income Including Noncontrolling Interests": 112753000.0,
        "Net Income Continuous Operations": 112753000.0,
        "Tax Provision": 25400000.0,
        "Pretax Income": 138153000.0,
        "Other Income Expense": 906000.0,
        "Other Non Operating Income Expenses": 906000.0,
        "Net Non Operating Interest Income Expense": -12120000.0,
        "Interest Expense Non Operating": 12120000.0,
        "Operating Income": 149367000.0,
        "Operating Expense": 129367000.0,
        "Selling General And Administration": 129367000.0,
        "Gross Profit": 278734000.0,
        "Cost Of Revenue": 444168000.0,
        "Total Revenue": 722902000.0,
        "Operating Revenue": 722902000.0
    },
    "2023-10-31": {
        "Tax Effect Of Unusual Items": 0.0,
        "Tax Rate For Calcs": 0.22779,
        "Normalized EBITDA": 234216000.0,
        "Net Income From Continuing Operation Net Minority Interest": 103426000.0,
        "Reconciled Depreciation": 43728000.0,
        "Reconciled Cost Of Revenue": 572004000.0,
        "EBITDA": 234216000.0,
        "EBIT": 190488000.0,
        "Net Interest Income": -43423000.0,
        "Interest Expense": 43423000.0,
        "Normalized Income": 103426000.0,
        "Net Income From Continuing And Discontinued Operation": 103426000.0,
        "Total Expenses": 746999000.0,
        "Total Operating Income As Reported": 189448000.0,
        "Diluted Average Shares": 139774000.0,
        "Basic Average Shares": 138162000.0,
        "Diluted EPS": 0.74,
        "Basic EPS": 0.75,
        "Diluted NI Availto Com Stockholders": 103426000.0,
        "Net Income Common Stockholders": 103426000.0,
        "Net Income": 103426000.0,
        "Minority Interests": -10139000.0,
        "Net Income Including Noncontrolling Interests": 113565000.0,
        "Net Income Continuous Operations": 113565000.0,
        "Tax Provision": 33500000.0,
        "Pretax Income": 147065000.0,
        "Other Income Expense": 1040000.0,
        "Other Non Operating Income Expenses": 1040000.0,
        "Net Non Operating Interest Income Expense": -43423000.0,
        "Interest Expense Non Operating": 43423000.0,
        "Operating Income": 189448000.0,
        "Operating Expense": 174995000.0,
        "Selling General And Administration": 174995000.0,
        "Gross Profit": 364443000.0,
        "Cost Of Revenue": 572004000.0,
        "Total Revenue": 936447000.0,
        "Operating Revenue": 936447000.0
    },
    "2024-01-31": {
        "Tax Effect Of Unusual Items": 0.0,
        "Tax Rate For Calcs": 0.118,
        "Normalized EBITDA": 224394000.0,
        "Net Income From Continuing Operation Net Minority Interest": 114698000.0,
        "Reconciled Depreciation": 43505000.0,
        "Reconciled Cost Of Revenue": 549594000.0,
        "EBITDA": 224394000.0,
        "EBIT": 180889000.0,
        "Net Interest Income": -38607000.0,
        "Interest Expense": 38607000.0,
        "Normalized Income": 114698000.0,
        "Net Income From Continuing And Discontinued Operation": 114698000.0,
        "Total Expenses": 716153000.0,
        "Total Operating Income As Reported": 180210000.0,
        "Diluted Average Shares": 139893000.0,
        "Basic Average Shares": 138265000.0,
        "Diluted EPS": 0.82,
        "Basic EPS": 0.83,
        "Diluted NI Availto Com Stockholders": 114698000.0,
        "Net Income Common Stockholders": 114698000.0,
        "Net Income": 114698000.0,
        "Minority Interests": -10784000.0,
        "Net Income Including Noncontrolling Interests": 125482000.0,
        "Net Income Continuous Operations": 125482000.0,
        "Tax Provision": 16800000.0,
        "Pretax Income": 142282000.0,
        "Other Income Expense": 679000.0,
        "Other Non Operating Income Expenses": 679000.0,
        "Net Non Operating Interest Income Expense": -38607000.0,
        "Interest Expense Non Operating": 38607000.0,
        "Operating Income": 180210000.0,
        "Operating Expense": 166559000.0,
        "Selling General And Administration": 166559000.0,
        "Gross Profit": 346769000.0,
        "Cost Of Revenue": 549594000.0,
        "Total Revenue": 896363000.0,
        "Operating Revenue": 896363000.0
    }
}