{
    "2023-05-31": {
        "Tax Effect Of Unusual Items": -1140025.0,
        "Tax Rate For Calcs": 0.155,
        "Normalized EBITDA": 58848000.0,
        "Total Unusual Items": -7355000.0,
        "Total Unusual Items Excluding Goodwill": -7355000.0,
        "Net Income From Continuing Operation Net Minority Interest": 22581000.0,
        "Reconciled Depreciation": 10715000.0,
        "Reconciled Cost Of Revenue": 259041000.0,
        "EBITDA": 51493000.0,
        "EBIT": 40778000.0,
        "Net Interest Income": -14052000.0,
        "Interest Expense": 14052000.0,
        "Normalized Income": 28795975.0,
        "Net Income From Continuing And Discontinued Operation": 22581000.0,
        "Total Expenses": 426676000.0,
        "Total Operating Income As Reported": 40641000.0,
        "Diluted Average Shares": 24134000.0,
        "Basic Average Shares": 24096946.0,
        "Diluted EPS": 0.93709,
        "Basic EPS": 0.93709,
        "Diluted NI Availto Com Stockholders": 22581000.0,
        "Net Income Common Stockholders": 22581000.0,
        "Net Income": 22581000.0,
        "Net Income Including Noncontrolling Interests": 22581000.0,
        "Net Income Continuous Operations": 22581000.0,
        "Tax Provision": 4145000.0,
        "Pretax Income": 26726000.0,
        "Other Income Expense": -7218000.0,
        "Other Non Operating Income Expenses": 137000.0,
        "Special Income Charges": -7355000.0,
        "Restructuring And Mergern Acquisition": 7355000.0,
        "Net Non Operating Interest Income Expense": -14052000.0,
        "Interest Expense Non Operating": 14052000.0,
        "Operating Income": 47996000.0,
        "Operating Expense": 167635000.0,
        "Selling General And Administration": 167635000.0,
        "Gross Profit": 215631000.0,
        "Cost Of Revenue": 259041000.0,
        "Total Revenue": 474672000.0,
        "Operating Revenue": 474672000.0
    },
    "2023-02-28": {
        "Tax Effect Of Unusual Items": -1078769.0,
        "Tax Rate For Calcs": 0.089,
        "Normalized EBITDA": 65898000.0,
        "Total Unusual Items": -12121000.0,
        "Total Unusual Items Excluding Goodwill": -12121000.0,
        "Net Income From Continuing Operation Net Minority Interest": 36180000.0,
        "Reconciled Depreciation": 11353000.0,
        "Reconciled Cost Of Revenue": 274525000.0,
        "EBITDA": 53777000.0,
        "EBIT": 53777000.0,
        "Net Interest Income": -14063000.0,
        "Interest Expense": 14063000.0,
        "Normalized Income": 47222231.0,
        "Net Income From Continuing And Discontinued Operation": 36180000.0,
        "Total Expenses": 418749000.0,
        "Total Operating Income As Reported": 53713000.0,
        "Diluted Average Shares": 24103000.0,
        "Basic Average Shares": 23994405.0,
        "Diluted EPS": 1.5,
        "Basic EPS": 1.507852,
        "Diluted NI Availto Com Stockholders": 36180000.0,
        "Net Income Common Stockholders": 36180000.0,
        "Net Income": 36180000.0,
        "Net Income Including Noncontrolling Interests": 36180000.0,
        "Net Income Continuous Operations": 36180000.0,
        "Tax Provision": 3534000.0,
        "Pretax Income": 39714000.0,
        "Other Income Expense": -12057000.0,
        "Other Non Operating Income Expenses": 64000.0,
        "Special Income Charges": -12121000.0,
        "Restructuring And Mergern Acquisition": 12121000.0,
        "Net Non Operating Interest Income Expense": -14063000.0,
        "Interest Expense Non Operating": 14063000.0,
        "Operating Income": 65834000.0,
        "Operating Expense": 144224000.0,
        "Selling General And Administration": 144224000.0,
        "Gross Profit": 210058000.0,
        "Cost Of Revenue": 274525000.0,
        "Total Revenue": 484583000.0,
        "Operating Revenue": 484583000.0
    },
    "2022-11-30": {
        "Tax Effect Of Unusual Items": -1998433.0,
        "Tax Rate For Calcs": 0.191,
        "Normalized EBITDA": 99374000.0,
        "Total Unusual Items": -10463000.0,
        "Total Unusual Items Excluding Goodwill": -10463000.0,
        "Net Income From Continuing Operation Net Minority Interest": 51826000.0,
        "Reconciled Depreciation": 11713000.0,
        "Reconciled Cost Of Revenue": 301930000.0,
        "EBITDA": 88911000.0,
        "EBIT": 77198000.0,
        "Net Interest Income": -13149000.0,
        "Interest Expense": 13149000.0,
        "Normalized Income": 60290567.0,
        "Net Income From Continuing And Discontinued Operation": 51826000.0,
        "Total Expenses": 470950000.0,
        "Total Operating Income As Reported": 77193000.0,
        "Diluted Average Shares": 24078000.0,
        "Basic Average Shares": 23991000.0,
        "Diluted EPS": 2.15,
        "Basic EPS": 2.16,
        "Diluted NI Availto Com Stockholders": 51826000.0,
        "Net Income Common Stockholders": 51826000.0,
        "Net Income": 51826000.0,
        "Net Income Including Noncontrolling Interests": 51826000.0,
        "Net Income Continuous Operations": 51826000.0,
        "Tax Provision": 12223000.0,
        "Pretax Income": 64049000.0,
        "Other Income Expense": -10458000.0,
        "Other Non Operating Income Expenses": 5000.0,
        "Special Income Charges": -10463000.0,
        "Restructuring And Mergern Acquisition": 10463000.0,
        "Net Non Operating Interest Income Expense": -13149000.0,
        "Interest Expense Non Operating": 13149000.0,
        "Operating Income": 87656000.0,
        "Operating Expense": 169020000.0,
        "Selling General And Administration": 169020000.0,
        "Gross Profit": 256676000.0,
        "Cost Of Revenue": 301930000.0,
        "Total Revenue": 558606000.0,
        "Operating Revenue": 558606000.0
    },
    "2022-08-31": {
        "Tax Effect Of Unusual Items": -912216.0,
        "Tax Rate For Calcs": 0.191,
        "Normalized EBITDA": 62954000.0,
        "Total Unusual Items": -4776000.0,
        "Total Unusual Items Excluding Goodwill": -4776000.0,
        "Net Income From Continuing Operation Net Minority Interest": 30672000.0,
        "Reconciled Depreciation": 11119000.0,
        "Reconciled Cost Of Revenue": 299954000.0,
        "EBITDA": 58178000.0,
        "EBIT": 47059000.0,
        "Net Interest Income": -9166000.0,
        "Interest Expense": 9166000.0,
        "Normalized Income": 34535784.0,
        "Net Income From Continuing And Discontinued Operation": 30672000.0,
        "Total Expenses": 469678000.0,
        "Total Operating Income As Reported": 46946000.0,
        "Diluted Average Shares": 24056000.0,
        "Basic Average Shares": 23969000.0,
        "Diluted EPS": 1.28,
        "Basic EPS": 1.28,
        "Diluted NI Availto Com Stockholders": 30672000.0,
        "Net Income Common Stockholders": 30672000.0,
        "Net Income": 30672000.0,
        "Net Income Including Noncontrolling Interests": 30672000.0,
        "Net Income Continuous Operations": 30672000.0,
        "Tax Provision": 7221000.0,
        "Pretax Income": 37893000.0,
        "Other Income Expense": -4663000.0,
        "Other Non Operating Income Expenses": 113000.0,
        "Special Income Charges": -4776000.0,
        "Restructuring And Mergern Acquisition": 4776000.0,
        "Net Non Operating Interest Income Expense": -9166000.0,
        "Interest Expense Non Operating": 9166000.0,
        "Operating Income": 51722000.0,
        "Operating Expense": 169724000.0,
        "Selling General And Administration": 169724000.0,
        "Gross Profit": 221446000.0,
        "Cost Of Revenue": 299954000.0,
        "Total Revenue": 521400000.0,
        "Operating Revenue": 521400000.0
    },
    "2022-05-31": {
        "Tax Effect Of Unusual Items": -340.0,
        "Tax Rate For Calcs": 0.17,
        "Normalized EBITDA": 44506000.0,
        "Total Unusual Items": -2000.0,
        "Total Unusual Items Excluding Goodwill": -2000.0,
        "Net Income From Continuing Operation Net Minority Interest": 24595000.0,
        "Reconciled Depreciation": 10498000.0,
        "Reconciled Cost Of Revenue": 296907000.0,
        "EBIT": 34006000.0,
        "Net Interest Income": -4373000.0,
        "Interest Expense": 4373000.0,
        "Normalized Income": 24596660.0,
        "Net Income From Continuing And Discontinued Operation": 24595000.0,
        "Total Expenses": 474137000.0,
        "Total Operating Income As Reported": 33939000.0,
        "Diluted Average Shares": 24122000.0,
        "Basic Average Shares": 23865000.0,
        "Diluted EPS": 1.02,
        "Basic EPS": 1.03,
        "Diluted NI Availto Com Stockholders": 24595000.0,
        "Net Income Common Stockholders": 24595000.0,
        "Net Income": 24595000.0,
        "Net Income Including Noncontrolling Interests": 24595000.0,
        "Net Income Continuous Operations": 24595000.0,
        "Tax Provision": 5038000.0,
        "Pretax Income": 29633000.0,
        "Other Income Expense": 65000.0,
        "Other Non Operating Income Expenses": 67000.0,
        "Special Income Charges": -2000.0,
        "Restructuring And Mergern Acquisition": 2000.0,
        "Net Non Operating Interest Income Expense": -4373000.0,
        "Interest Expense Non Operating": 4373000.0,
        "Operating Income": 33941000.0,
        "Operating Expense": 177230000.0,
        "Selling General And Administration": 177230000.0,
        "Gross Profit": 211171000.0,
        "Cost Of Revenue": 296907000.0,
        "Total Revenue": 508078000.0,
        "Operating Revenue": 508078000.0
    },
    "2022-02-28": {
        "Diluted EPS": 1.65,
        "Total Revenue": 582,
        "Gross Profit": 248,
        "Operating Income": 50,
        "EBIT": 60,
        "Net Income": 40
    },
    "2021-11-30": {
        "Diluted EPS": 3.1,
        "Total Revenue": 625,
        "Gross Profit": 274,
        "Operating Income": 90,
        "EBIT": 99,
        "Net Income": 76
    },
    "2021-08-31": {
        "Diluted EPS": 2.11,
        "Total Revenue": 475,
        "Gross Profit": 211,
        "Operating Income": 67,
        "EBIT": 76,
        "Net Income": 51
    },
    "2021-05-31": {
        "Diluted EPS": 2.31,
        "Total Revenue": 541,
        "Gross Profit": 221,
        "Operating Income": 65,
        "EBIT": 74,
        "Net Income": 57
    },
    "2021-02-28": {
        "Diluted EPS": 0.94,
        "Total Revenue": 509,
        "Gross Profit": 230,
        "Operating Income": 25,
        "EBIT": 34,
        "Net Income": 22
    },
    "2020-11-30": {
        "Diluted EPS": 3.34,
        "Total Revenue": 638,
        "Gross Profit": 287,
        "Operating Income": 101,
        "EBIT": 110,
        "Net Income": 84
    },
    "2020-08-31": {
        "Diluted EPS": 3.43,
        "Total Revenue": 531,
        "Gross Profit": 230,
        "Operating Income": 99,
        "EBIT": 109,
        "Net Income": 87
    },
    "2020-05-31": {
        "Diluted EPS": 2.37,
        "Total Revenue": 421,
        "Gross Profit": 179,
        "Operating Income": 57,
        "EBIT": 66,
        "Net Income": 60
    },
    "2020-02-29": {
        "Diluted EPS": -0.13,
        "Total Revenue": 442,
        "Gross Profit": 193,
        "Operating Income": -3,
        "EBIT": NaN,
        "Net Income": -3
    },
    "2019-11-30": {
        "Diluted EPS": 2.71,
        "Total Revenue": 475,
        "Gross Profit": 210,
        "Operating Income": 79,
        "EBIT": 88,
        "Net Income": 69
    },
    "2019-08-31": {
        "Diluted EPS": 1.83,
        "Total Revenue": 414,
        "Gross Profit": 178,
        "Operating Income": 55,
        "EBIT": 63,
        "Net Income": 46
    },
    "2019-05-31": {
        "Diluted EPS": 1.61,
        "Total Revenue": 376,
        "Gross Profit": 154,
        "Operating Income": 47,
        "EBIT": 55,
        "Net Income": 41
    },
    "2019-02-28": {
        "Diluted EPS": 1.45,
        "Total Revenue": 385,
        "Gross Profit": 158,
        "Operating Income": 44,
        "EBIT": 52,
        "Net Income": 37
    },
    "2018-11-30": {
        "Diluted EPS": 1.88,
        "Total Revenue": 431,
        "Gross Profit": 182,
        "Operating Income": 61,
        "EBIT": 69,
        "Net Income": 49
    },
    "2018-08-31": {
        "Diluted EPS": 1.66,
        "Total Revenue": 394,
        "Gross Profit": 155,
        "Operating Income": 51,
        "EBIT": 58,
        "Net Income": 44
    },
    "2018-05-31": {
        "Diluted EPS": 1.42,
        "Total Revenue": 355,
        "Gross Profit": 147,
        "Operating Income": 43,
        "EBIT": 52,
        "Net Income": 38
    },
    "2018-02-28": {
        "Diluted EPS": 2.2,
        "Total Revenue": 388,
        "Gross Profit": 158,
        "Operating Income": 31,
        "EBIT": 40,
        "Net Income": 60
    },
    "2017-11-30": {
        "Diluted EPS": -1.12,
        "Total Revenue": 421,
        "Gross Profit": 178,
        "Operating Income": 67,
        "EBIT": 76,
        "Net Income": -30
    },
    "2017-08-31": {
        "Diluted EPS": 0.33,
        "Total Revenue": 345,
        "Gross Profit": 143,
        "Operating Income": 40,
        "EBIT": 48,
        "Net Income": 9
    },
    "2017-05-31": {
        "Diluted EPS": 0.22,
        "Total Revenue": 325,
        "Gross Profit": 132,
        "Operating Income": 31,
        "EBIT": 39,
        "Net Income": 6
    },
    "2017-02-28": {
        "Diluted EPS": 1.29,
        "Total Revenue": 237,
        "Gross Profit": 64,
        "Operating Income": 46,
        "EBIT": 49,
        "Net Income": 36
    },
    "2016-11-30": {
        "Diluted EPS": 2.07,
        "Total Revenue": 444,
        "Gross Profit": 194,
        "Operating Income": 63,
        "EBIT": 75,
        "Net Income": 58
    },
    "2016-08-31": {
        "Diluted EPS": 1.0,
        "Total Revenue": 368,
        "Gross Profit": 163,
        "Operating Income": 37,
        "EBIT": 49,
        "Net Income": 28
    },
    "2016-05-31": {
        "Diluted EPS": 0.68,
        "Total Revenue": 348,
        "Gross Profit": 152,
        "Operating Income": 23,
        "EBIT": 34,
        "Net Income": 19
    },
    "2016-02-29": {
        "Diluted EPS": 0.35,
        "Total Revenue": 233,
        "Gross Profit": 52,
        "Operating Income": 2,
        "EBIT": 4,
        "Net Income": 10
    },
    "2015-11-30": {
        "Diluted EPS": 1.63,
        "Total Revenue": 446,
        "Gross Profit": 183,
        "Operating Income": 56,
        "EBIT": 67,
        "Net Income": 47
    },
    "2015-08-31": {
        "Diluted EPS": 0.84,
        "Total Revenue": 369,
        "Gross Profit": 148,
        "Operating Income": 32,
        "EBIT": 44,
        "Net Income": 24
    },
    "2015-05-31": {
        "Diluted EPS": 0.7,
        "Total Revenue": 345,
        "Gross Profit": 143,
        "Operating Income": 27,
        "EBIT": 37,
        "Net Income": 20
    },
    "2015-02-28": {
        "Diluted EPS": 1.4,
        "Total Revenue": 378,
        "Gross Profit": 165,
        "Operating Income": 49,
        "EBIT": 60,
        "Net Income": 41
    },
    "2014-11-30": {
        "Diluted EPS": 1.92,
        "Total Revenue": 436,
        "Gross Profit": 181,
        "Operating Income": 65,
        "EBIT": 76,
        "Net Income": 55
    },
    "2014-08-31": {
        "Diluted EPS": 0.65,
        "Total Revenue": 320,
        "Gross Profit": 134,
        "Operating Income": 25,
        "EBIT": 35,
        "Net Income": 19
    },
    "2014-05-31": {
        "Diluted EPS": 0.55,
        "Total Revenue": 312,
        "Gross Profit": 120,
        "Operating Income": 23,
        "EBIT": 32,
        "Net Income": 16
    },
    "2014-02-28": {
        "Diluted EPS": 0.33,
        "Total Revenue": 313,
        "Gross Profit": 126,
        "Operating Income": 17,
        "EBIT": 26,
        "Net Income": 11
    },
    "2013-11-30": {
        "Diluted EPS": 1.16,
        "Total Revenue": 381,
        "Gross Profit": 148,
        "Operating Income": 49,
        "EBIT": 58,
        "Net Income": 38
    },
    "2013-08-31": {
        "Diluted EPS": 0.72,
        "Total Revenue": 319,
        "Gross Profit": 123,
        "Operating Income": 30,
        "EBIT": 39,
        "Net Income": 23
    },
    "2013-05-31": {
        "Diluted EPS": 0.45,
        "Total Revenue": 305,
        "Gross Profit": 120,
        "Operating Income": 21,
        "EBIT": 29,
        "Net Income": 14
    },
    "2013-02-28": {
        "Diluted EPS": 0.98,
        "Total Revenue": 326,
        "Gross Profit": 132,
        "Operating Income": 40,
        "EBIT": 48,
        "Net Income": 32
    },
    "2012-11-30": {
        "Diluted EPS": 1.18,
        "Total Revenue": 375,
        "Gross Profit": 148,
        "Operating Income": 47,
        "EBIT": 56,
        "Net Income": 38
    },
    "2012-08-31": {
        "Diluted EPS": 0.72,
        "Total Revenue": 287,
        "Gross Profit": 117,
        "Operating Income": 31,
        "EBIT": 40,
        "Net Income": 23
    },
    "2012-05-31": {
        "Diluted EPS": 0.74,
        "Total Revenue": 300,
        "Gross Profit": 121,
        "Operating Income": 31,
        "EBIT": 40,
        "Net Income": 23
    },
    "2012-02-29": {
        "Diluted EPS": 0.92,
        "Total Revenue": 294,
        "Gross Profit": 123,
        "Operating Income": 37,
        "EBIT": 46,
        "Net Income": 29
    },
    "2011-11-30": {
        "Diluted EPS": 1.04,
        "Total Revenue": 339,
        "Gross Profit": 133,
        "Operating Income": 42,
        "EBIT": 49,
        "Net Income": 33
    },
    "2011-08-31": {
        "Diluted EPS": 0.74,
        "Total Revenue": 277,
        "Gross Profit": 112,
        "Operating Income": 30,
        "EBIT": 37,
        "Net Income": 24
    },
    "2011-05-31": {
        "Diluted EPS": 0.78,
        "Total Revenue": 271,
        "Gross Profit": 110,
        "Operating Income": 31,
        "EBIT": 38,
        "Net Income": 25
    },
    "2011-02-28": {
        "Diluted EPS": 0.78,
        "Total Revenue": 237,
        "Gross Profit": 104,
        "Operating Income": 30,
        "EBIT": 36,
        "Net Income": 24
    },
    "2010-11-30": {
        "Diluted EPS": 0.86,
        "Total Revenue": 205,
        "Gross Profit": 93,
        "Operating Income": 32,
        "EBIT": 36,
        "Net Income": 27
    },
    "2010-08-31": {
        "Diluted EPS": 0.75,
        "Total Revenue": 175,
        "Gross Profit": 80,
        "Operating Income": 28,
        "EBIT": 32,
        "Net Income": 23
    },
    "2010-05-31": {
        "Diluted EPS": 0.59,
        "Total Revenue": 160,
        "Gross Profit": 72,
        "Operating Income": 23,
        "EBIT": 27,
        "Net Income": 18
    },
    "2010-02-28": {
        "Diluted EPS": 0.54,
        "Total Revenue": 152,
        "Gross Profit": 68,
        "Operating Income": 21,
        "EBIT": 24,
        "Net Income": 17
    },
    "2009-11-30": {
        "Diluted EPS": 0.8,
        "Total Revenue": 189,
        "Gross Profit": 84,
        "Operating Income": 30,
        "EBIT": 33,
        "Net Income": 25
    },
    "2009-08-31": {
        "Diluted EPS": 0.51,
        "Total Revenue": 162,
        "Gross Profit": 69,
        "Operating Income": 20,
        "EBIT": 24,
        "Net Income": 16
    },
    "2009-05-31": {
        "Diluted EPS": 0.47,
        "Total Revenue": 144,
        "Gross Profit": 59,
        "Operating Income": 19,
        "EBIT": 23,
        "Net Income": 15
    },
    "2009-02-28": {
        "Diluted EPS": -2.88,
        "Total Revenue": 139,
        "Gross Profit": 54,
        "Operating Income": -85,
        "EBIT": -81,
        "Net Income": -88
    },
    "2023-08-31": {
        "Tax Effect Of Unusual Items": -646392.693242,
        "Tax Rate For Calcs": 0.17871,
        "Normalized EBITDA": 64501000.0,
        "Total Unusual Items": -3617000.0,
        "Total Unusual Items Excluding Goodwill": -3617000.0,
        "Net Income From Continuing Operation Net Minority Interest": 27381000.0,
        "Reconciled Depreciation": 13891000.0,
        "Reconciled Cost Of Revenue": 261910000.0,
        "EBITDA": 60884000.0,
        "EBIT": 46993000.0,
        "Net Interest Income": -13654000.0,
        "Interest Expense": 13654000.0,
        "Normalized Income": 30351607.306758,
        "Net Income From Continuing And Discontinued Operation": 27381000.0,
        "Total Expenses": 441101000.0,
        "Total Operating Income As Reported": 46845000.0,
        "Diluted Average Shares": 24041000.0,
        "Basic Average Shares": 23719204.0,
        "Diluted EPS": 1.14,
        "Basic EPS": 1.154381,
        "Diluted NI Availto Com Stockholders": 27381000.0,
        "Net Income Common Stockholders": 27381000.0,
        "Net Income": 27381000.0,
        "Net Income Including Noncontrolling Interests": 27381000.0,
        "Net Income Continuous Operations": 27381000.0,
        "Tax Provision": 5958000.0,
        "Pretax Income": 33339000.0,
        "Other Income Expense": -3469000.0,
        "Other Non Operating Income Expenses": 148000.0,
        "Special Income Charges": -3617000.0,
        "Restructuring And Mergern Acquisition": 3617000.0,
        "Net Non Operating Interest Income Expense": -13654000.0,
        "Interest Expense Non Operating": 13654000.0,
        "Operating Income": 50462000.0,
        "Operating Expense": 179191000.0,
        "Selling General And Administration": 179191000.0,
        "Gross Profit": 229653000.0,
        "Cost Of Revenue": 261910000.0,
        "Total Revenue": 491563000.0,
        "Operating Revenue": 491563000.0
    }
}