{
    "2023-03-31": {
        "Tax Effect Of Unusual Items": 0.0,
        "Tax Rate For Calcs": 0.0,
        "Normalized EBITDA": 68108000.0,
        "Total Unusual Items": 22900000.0,
        "Total Unusual Items Excluding Goodwill": 22900000.0,
        "Net Income From Continuing Operation Net Minority Interest": -324918000.0,
        "Reconciled Depreciation": 299726000.0,
        "Reconciled Cost Of Revenue": 5426189000.0,
        "EBITDA": 91008000.0,
        "EBIT": -208718000.0,
        "Net Interest Income": -276200000.0,
        "Interest Expense": 116200000.0,
        "Interest Income": 140600000.0,
        "Normalized Income": -347818000.0,
        "Net Income From Continuing And Discontinued Operation": -324918000.0,
        "Total Expenses": 8087970000.0,
        "Total Operating Income As Reported": -287500000.0,
        "Diluted Average Shares": 324918000.0,
        "Basic Average Shares": 324918000.0,
        "Diluted EPS": -1.0,
        "Basic EPS": -1.0,
        "Diluted NI Availto Com Stockholders": -324918000.0,
        "Net Income Common Stockholders": -324918000.0,
        "Net Income": -324918000.0,
        "Net Income Including Noncontrolling Interests": -324918000.0,
        "Net Income Continuous Operations": -324918000.0,
        "Tax Provision": 0.0,
        "Pretax Income": -324918000.0,
        "Other Income Expense": 238866000.0,
        "Other Non Operating Income Expenses": 215966000.0,
        "Gain On Sale Of Security": 22900000.0,
        "Net Non Operating Interest Income Expense": -276200000.0,
        "Total Other Finance Cost": 300600000.0,
        "Interest Expense Non Operating": 116200000.0,
        "Interest Income Non Operating": 140600000.0,
        "Operating Income": -287500000.0,
        "Operating Expense": 2661781000.0,
        "Other Operating Expenses": 1061227000.0,
        "Depreciation Amortization Depletion Income Statement": 299726000.0,
        "Depreciation And Amortization In Income Statement": 299726000.0,
        "Selling General And Administration": 1300828000.0,
        "Selling And Marketing Expense": 476785000.0,
        "General And Administrative Expense": 824043000.0,
        "Salaries And Wages": 824043000.0,
        "Gross Profit": 2374281000.0,
        "Cost Of Revenue": 5426189000.0,
        "Total Revenue": 7800470000.0,
        "Operating Revenue": 7615571000.0
    },
    "2022-12-31": {
        "Tax Effect Of Unusual Items": 0.0,
        "Tax Rate For Calcs": 0.0,
        "Normalized EBITDA": -1332348000.0,
        "Total Unusual Items": 815172000.0,
        "Total Unusual Items Excluding Goodwill": 815172000.0,
        "Net Income From Continuing Operation Net Minority Interest": -723857000.0,
        "Reconciled Depreciation": 202741000.0,
        "Reconciled Cost Of Revenue": 4632782000.0,
        "EBITDA": -1332348000.0,
        "EBIT": -1535089000.0,
        "Net Interest Income": -1266979000.0,
        "Interest Expense": -811232000.0,
        "Interest Income": -1257305000.0,
        "Normalized Income": -723857000.0,
        "Net Income From Continuing And Discontinued Operation": -723857000.0,
        "Total Expenses": 6568599000.0,
        "Total Operating Income As Reported": -623670000.0,
        "Diluted Average Shares": 325061905.0,
        "Basic Average Shares": 325061905.0,
        "Diluted EPS": -1.68,
        "Basic EPS": -1.68,
        "Diluted NI Availto Com Stockholders": -723857000.0,
        "Net Income Common Stockholders": -723857000.0,
        "Net Income": -723857000.0,
        "Net Income Including Noncontrolling Interests": -723857000.0,
        "Net Income Continuous Operations": -723857000.0,
        "Tax Provision": 0.0,
        "Pretax Income": -723857000.0,
        "Other Income Expense": 815172000.0,
        "Other Non Operating Income Expenses": 128829000.0,
        "Gain On Sale Of Security": 1126050000.0,
        "Net Non Operating Interest Income Expense": -1266979000.0,
        "Total Other Finance Cost": NaN,
        "Interest Expense Non Operating": -811232000.0,
        "Interest Income Non Operating": -1257305000.0,
        "Operating Income": -272050000.0,
        "Operating Expense": 1935817000.0,
        "Other Operating Expenses": 224842000.0,
        "Depreciation Amortization Depletion Income Statement": 202741000.0,
        "Depreciation And Amortization In Income Statement": 202741000.0,
        "Selling General And Administration": 1491539000.0,
        "Selling And Marketing Expense": 603676000.0,
        "General And Administrative Expense": 887863000.0,
        "Other Gand A": NaN,
        "Salaries And Wages": 660787000.0,
        "Gross Profit": 1663767000.0,
        "Cost Of Revenue": 4632782000.0,
        "Total Revenue": 6296549000.0,
        "Operating Revenue": 6000818000.0
    },
    "2022-09-30": {
        "Tax Effect Of Unusual Items": NaN,
        "Tax Rate For Calcs": NaN,
        "Normalized EBITDA": NaN,
        "Total Unusual Items": NaN,
        "Total Unusual Items Excluding Goodwill": NaN,
        "Net Income From Continuing Operation Net Minority Interest": NaN,
        "Reconciled Depreciation": NaN,
        "Reconciled Cost Of Revenue": NaN,
        "EBITDA": NaN,
        "EBIT": NaN,
        "Net Interest Income": NaN,
        "Interest Expense": NaN,
        "Interest Income": NaN,
        "Normalized Income": NaN,
        "Net Income From Continuing And Discontinued Operation": NaN,
        "Total Expenses": NaN,
        "Total Operating Income As Reported": NaN,
        "Diluted Average Shares": NaN,
        "Basic Average Shares": NaN,
        "Diluted EPS": NaN,
        "Basic EPS": NaN,
        "Diluted NI Availto Com Stockholders": NaN,
        "Net Income Common Stockholders": NaN,
        "Net Income": NaN,
        "Net Income Including Noncontrolling Interests": NaN,
        "Net Income Continuous Operations": NaN,
        "Tax Provision": NaN,
        "Pretax Income": NaN,
        "Other Income Expense": NaN,
        "Other Non Operating Income Expenses": NaN,
        "Gain On Sale Of Security": NaN,
        "Net Non Operating Interest Income Expense": NaN,
        "Total Other Finance Cost": NaN,
        "Interest Expense Non Operating": NaN,
        "Interest Income Non Operating": NaN,
        "Operating Income": NaN,
        "Operating Expense": NaN,
        "Other Operating Expenses": NaN,
        "Depreciation Amortization Depletion Income Statement": NaN,
        "Depreciation And Amortization In Income Statement": NaN,
        "Selling General And Administration": NaN,
        "Selling And Marketing Expense": NaN,
        "General And Administrative Expense": NaN,
        "Other Gand A": 44722000.0,
        "Salaries And Wages": NaN,
        "Gross Profit": NaN,
        "Cost Of Revenue": NaN,
        "Total Revenue": NaN,
        "Operating Revenue": NaN
    },
    "2022-06-30": {
        "Tax Effect Of Unusual Items": 0.0,
        "Tax Rate For Calcs": 0.0,
        "Normalized EBITDA": -639102000.0,
        "Total Unusual Items": 266640000.0,
        "Total Unusual Items Excluding Goodwill": 266640000.0,
        "Net Income From Continuing Operation Net Minority Interest": -566283000.0,
        "Reconciled Depreciation": 134721000.0,
        "Reconciled Cost Of Revenue": 2477100000.0,
        "EBITDA": -372462000.0,
        "EBIT": -507183000.0,
        "Net Interest Income": -137500000.0,
        "Interest Expense": 59100000.0,
        "Interest Income": 67900000.0,
        "Normalized Income": -832923000.0,
        "Net Income From Continuing And Discontinued Operation": -566283000.0,
        "Total Expenses": 3680687000.0,
        "Total Operating Income As Reported": -695442000.0,
        "Diluted Average Shares": 326116667.0,
        "Basic Average Shares": 326116667.0,
        "Diluted EPS": -2.4,
        "Basic EPS": -2.4,
        "Diluted NI Availto Com Stockholders": -566283000.0,
        "Net Income Common Stockholders": -566283000.0,
        "Net Income": -566283000.0,
        "Net Income Including Noncontrolling Interests": -566283000.0,
        "Net Income Continuous Operations": -566283000.0,
        "Tax Provision": 0.0,
        "Pretax Income": -566283000.0,
        "Other Income Expense": 266640000.0,
        "Other Non Operating Income Expenses": 24240000.0,
        "Gain On Sale Of Security": 266640000.0,
        "Net Non Operating Interest Income Expense": -137500000.0,
        "Total Other Finance Cost": 146300000.0,
        "Interest Expense Non Operating": 59100000.0,
        "Interest Income Non Operating": 67900000.0,
        "Operating Income": -695487000.0,
        "Operating Expense": 1170505000.0,
        "Other Operating Expenses": 359355000.0,
        "Depreciation Amortization Depletion Income Statement": 101639000.0,
        "Depreciation And Amortization In Income Statement": 101639000.0,
        "Selling General And Administration": 709511000.0,
        "Selling And Marketing Expense": 346852000.0,
        "General And Administrative Expense": 362659000.0,
        "Other Gand A": 37439000.0,
        "Salaries And Wages": 325220000.0,
        "Gross Profit": 475018000.0,
        "Cost Of Revenue": 2510182000.0,
        "Total Revenue": 2985200000.0,
        "Operating Revenue": 2941900000.0
    },
    "2022-03-31": {
        "Diluted EPS": -0.05,
        "Total Revenue": 182,
        "Gross Profit": 50,
        "Operating Income": -26,
        "EBIT": -22,
        "Net Income": -17
    },
    "2021-12-31": {
        "Diluted EPS": 0.3,
        "Total Revenue": 283,
        "Gross Profit": 66,
        "Operating Income": -88,
        "EBIT": -83,
        "Net Income": 81
    },
    "2021-09-30": {
        "Diluted EPS": -0.32,
        "Total Revenue": 194,
        "Gross Profit": 33,
        "Operating Income": -82,
        "EBIT": -77,
        "Net Income": -91
    },
    "2021-06-30": {
        "Diluted EPS": -0.14,
        "Total Revenue": 209,
        "Gross Profit": 58,
        "Operating Income": -26,
        "EBIT": -23,
        "Net Income": -39
    },
    "2021-03-31": {
        "Diluted EPS": -0.11,
        "Total Revenue": 188,
        "Gross Profit": 57,
        "Operating Income": -18,
        "EBIT": -14,
        "Net Income": -32
    },
    "2020-12-31": {
        "Diluted EPS": 0.0,
        "Total Revenue": NaN,
        "Gross Profit": NaN,
        "Operating Income": NaN,
        "EBIT": NaN,
        "Net Income": NaN
    },
    "2023-06-30": {
        "Tax Effect Of Unusual Items": NaN,
        "Tax Rate For Calcs": NaN,
        "Normalized EBITDA": NaN,
        "Total Unusual Items": 1601200000.0,
        "Total Unusual Items Excluding Goodwill": 1601200000.0,
        "Net Income From Continuing Operation Net Minority Interest": NaN,
        "Reconciled Depreciation": NaN,
        "Reconciled Cost Of Revenue": NaN,
        "EBITDA": NaN,
        "EBIT": NaN,
        "Net Interest Income": NaN,
        "Interest Expense": NaN,
        "Interest Income": NaN,
        "Normalized Income": NaN,
        "Net Income From Continuing And Discontinued Operation": NaN,
        "Total Expenses": NaN,
        "Total Operating Income As Reported": NaN,
        "Diluted Average Shares": NaN,
        "Basic Average Shares": NaN,
        "Diluted EPS": NaN,
        "Basic EPS": NaN,
        "Diluted NI Availto Com Stockholders": NaN,
        "Net Income Common Stockholders": NaN,
        "Net Income": NaN,
        "Net Income Including Noncontrolling Interests": NaN,
        "Net Income Continuous Operations": NaN,
        "Tax Provision": NaN,
        "Pretax Income": NaN,
        "Other Income Expense": NaN,
        "Other Non Operating Income Expenses": NaN,
        "Gain On Sale Of Security": 1601200000.0,
        "Net Non Operating Interest Income Expense": NaN,
        "Total Other Finance Cost": 393300000.0,
        "Interest Expense Non Operating": NaN,
        "Interest Income Non Operating": NaN,
        "Operating Income": NaN,
        "Operating Expense": NaN,
        "Other Operating Expenses": NaN,
        "Depreciation Amortization Depletion Income Statement": NaN,
        "Depreciation And Amortization In Income Statement": NaN,
        "Selling General And Administration": NaN,
        "Selling And Marketing Expense": NaN,
        "General And Administrative Expense": NaN,
        "Salaries And Wages": NaN,
        "Gross Profit": NaN,
        "Cost Of Revenue": NaN,
        "Total Revenue": NaN,
        "Operating Revenue": NaN
    },
    "2023-09-30": {
        "Tax Effect Of Unusual Items": 0.0,
        "Tax Rate For Calcs": 0.0,
        "Normalized EBITDA": 1497698000.0,
        "Total Unusual Items": 1372300000.0,
        "Total Unusual Items Excluding Goodwill": 1372300000.0,
        "Net Income From Continuing Operation Net Minority Interest": -285466000.0,
        "Reconciled Depreciation": 436785000.0,
        "Reconciled Cost Of Revenue": 8368593000.0,
        "EBITDA": 1497698000.0,
        "EBIT": 1060913000.0,
        "Net Interest Income": -594095000.0,
        "Interest Expense": 1346379000.0,
        "Interest Income": 752284000.0,
        "Normalized Income": -285466000.0,
        "Net Income From Continuing And Discontinued Operation": -285466000.0,
        "Total Expenses": 12281630000.0,
        "Total Operating Income As Reported": -245064000.0,
        "Diluted Average Shares": 324393182.0,
        "Basic Average Shares": 324393182.0,
        "Diluted EPS": -0.88,
        "Basic EPS": -0.88,
        "Diluted NI Availto Com Stockholders": -285466000.0,
        "Net Income Common Stockholders": -285466000.0,
        "Net Income": -285466000.0,
        "Net Income Including Noncontrolling Interests": -285466000.0,
        "Net Income Continuous Operations": -285466000.0,
        "Tax Provision": 0.0,
        "Pretax Income": -285466000.0,
        "Other Income Expense": 553693000.0,
        "Other Non Operating Income Expenses": 553693000.0,
        "Gain On Sale Of Security": 1372300000.0,
        "Net Non Operating Interest Income Expense": -594095000.0,
        "Total Other Finance Cost": 872700000.0,
        "Interest Expense Non Operating": 1346379000.0,
        "Interest Income Non Operating": 752284000.0,
        "Operating Income": -245064000.0,
        "Operating Expense": 3852687000.0,
        "Other Operating Expenses": 1399987000.0,
        "Depreciation Amortization Depletion Income Statement": 376435000.0,
        "Depreciation And Amortization In Income Statement": 376435000.0,
        "Selling General And Administration": 2076265000.0,
        "Selling And Marketing Expense": 864102000.0,
        "General And Administrative Expense": 1212163000.0,
        "Salaries And Wages": 1212163000.0,
        "Gross Profit": 3607623000.0,
        "Cost Of Revenue": 8428943000.0,
        "Total Revenue": 12036566000.0,
        "Operating Revenue": 12036566000.0
    },
    "2023-12-31": {
        "Tax Effect Of Unusual Items": 0.0,
        "Tax Rate For Calcs": 0.0,
        "Normalized EBITDA": -950671000.0,
        "Total Unusual Items": 1780752000.0,
        "Total Unusual Items Excluding Goodwill": 1780752000.0,
        "Net Income From Continuing Operation Net Minority Interest": -578936000.0,
        "Reconciled Depreciation": 428819000.0,
        "Reconciled Cost Of Revenue": 9697242000.0,
        "EBITDA": 830081000.0,
        "EBIT": 401262000.0,
        "Net Interest Income": -3852917000.0,
        "Interest Expense": 980198000.0,
        "Interest Income": 716531000.0,
        "Normalized Income": -2359688000.0,
        "Net Income From Continuing And Discontinued Operation": -578936000.0,
        "Total Expenses": 14254033000.0,
        "Total Operating Income As Reported": -270711000.0,
        "Diluted Average Shares": 325296465.0,
        "Basic Average Shares": 325296465.0,
        "Diluted EPS": -1.98,
        "Basic EPS": -1.98,
        "Diluted NI Availto Com Stockholders": -578936000.0,
        "Net Income Common Stockholders": -578936000.0,
        "Net Income": -578936000.0,
        "Net Income Including Noncontrolling Interests": -578936000.0,
        "Net Income Continuous Operations": -578936000.0,
        "Tax Provision": 0.0,
        "Pretax Income": -578936000.0,
        "Other Income Expense": 2256328000.0,
        "Other Non Operating Income Expenses": 475576000.0,
        "Gain On Sale Of Security": 1669643000.0,
        "Net Non Operating Interest Income Expense": -3852917000.0,
        "Total Other Finance Cost": 3589250000.0,
        "Interest Expense Non Operating": 980198000.0,
        "Interest Income Non Operating": 716531000.0,
        "Operating Income": -292201000.0,
        "Operating Expense": 4556791000.0,
        "Other Operating Expenses": 1269178000.0,
        "Depreciation Amortization Depletion Income Statement": 428819000.0,
        "Depreciation And Amortization In Income Statement": 428819000.0,
        "Selling General And Administration": 2715283000.0,
        "Selling And Marketing Expense": 999688000.0,
        "General And Administrative Expense": 1715595000.0,
        "Salaries And Wages": 1283187000.0,
        "Gross Profit": 4264590000.0,
        "Cost Of Revenue": 9697242000.0,
        "Total Revenue": 13961832000.0,
        "Operating Revenue": 12865632000.0
    },
    "2024-03-31": {
        "Tax Effect Of Unusual Items": 0.0,
        "Tax Rate For Calcs": 0.0,
        "Normalized EBITDA": 489648000.0,
        "Total Unusual Items": 230700000.0,
        "Total Unusual Items Excluding Goodwill": 230700000.0,
        "Net Income From Continuing Operation Net Minority Interest": -130734000.0,
        "Reconciled Depreciation": 387182000.0,
        "Reconciled Cost Of Revenue": 7505589000.0,
        "EBITDA": 720348000.0,
        "EBIT": 333166000.0,
        "Net Interest Income": -755100000.0,
        "Interest Expense": 463900000.0,
        "Interest Income": 430700000.0,
        "Normalized Income": -361434000.0,
        "Net Income From Continuing And Discontinued Operation": -130734000.0,
        "Total Expenses": 11407464000.0,
        "Total Operating Income As Reported": -97831000.0,
        "Diluted Average Shares": 326835000.0,
        "Basic Average Shares": 326835000.0,
        "Diluted EPS": -0.4,
        "Basic EPS": -0.4,
        "Diluted NI Availto Com Stockholders": -130734000.0,
        "Net Income Common Stockholders": -130734000.0,
        "Net Income": -130734000.0,
        "Net Income Including Noncontrolling Interests": -130734000.0,
        "Net Income Continuous Operations": -130734000.0,
        "Tax Provision": 0.0,
        "Pretax Income": -130734000.0,
        "Other Income Expense": 722174000.0,
        "Other Non Operating Income Expenses": 491474000.0,
        "Gain On Sale Of Security": 230700000.0,
        "Net Non Operating Interest Income Expense": -755100000.0,
        "Total Other Finance Cost": 721900000.0,
        "Interest Expense Non Operating": 463900000.0,
        "Interest Income Non Operating": 430700000.0,
        "Operating Income": -97831000.0,
        "Operating Expense": 3901875000.0,
        "Other Operating Expenses": 1602689000.0,
        "Depreciation Amortization Depletion Income Statement": 387182000.0,
        "Depreciation And Amortization In Income Statement": 387182000.0,
        "Selling General And Administration": 1912004000.0,
        "Selling And Marketing Expense": 714785000.0,
        "General And Administrative Expense": 1197219000.0,
        "Salaries And Wages": 1197219000.0,
        "Gross Profit": 3804044000.0,
        "Cost Of Revenue": 7505589000.0,
        "Total Revenue": 11309633000.0,
        "Operating Revenue": 10888313000.0
    },
    "2024-06-30": {
        "Tax Effect Of Unusual Items": 0.0,
        "Tax Rate For Calcs": 0.0,
        "Normalized EBITDA": 502532000.0,
        "Total Unusual Items": 90600000.0,
        "Total Unusual Items Excluding Goodwill": 90600000.0,
        "Net Income From Continuing Operation Net Minority Interest": -384545000.0,
        "Reconciled Depreciation": 451477000.0,
        "Reconciled Cost Of Revenue": 6031483000.0,
        "EBITDA": 593132000.0,
        "EBIT": 141655000.0,
        "Net Interest Income": -845100000.0,
        "Interest Expense": 526200000.0,
        "Interest Income": 477600000.0,
        "Normalized Income": -475145000.0,
        "Net Income From Continuing And Discontinued Operation": -384545000.0,
        "Total Expenses": 10145195000.0,
        "Total Operating Income As Reported": -32307000.0,
        "Diluted Average Shares": 320454167.0,
        "Basic Average Shares": 320454167.0,
        "Diluted EPS": -1.2,
        "Basic EPS": -1.2,
        "Diluted NI Availto Com Stockholders": -384545000.0,
        "Net Income Common Stockholders": -384545000.0,
        "Net Income": -384545000.0,
        "Net Income Including Noncontrolling Interests": -384545000.0,
        "Net Income Continuous Operations": -384545000.0,
        "Tax Provision": 0.0,
        "Pretax Income": -384545000.0,
        "Other Income Expense": 492893000.0,
        "Other Non Operating Income Expenses": 402293000.0,
        "Gain On Sale Of Security": 90600000.0,
        "Net Non Operating Interest Income Expense": -845100000.0,
        "Total Other Finance Cost": 796500000.0,
        "Interest Expense Non Operating": 526200000.0,
        "Interest Income Non Operating": 477600000.0,
        "Operating Income": -32307000.0,
        "Operating Expense": 4081170000.0,
        "Other Operating Expenses": 1622281000.0,
        "Depreciation Amortization Depletion Income Statement": 418935000.0,
        "Depreciation And Amortization In Income Statement": 418935000.0,
        "Selling General And Administration": 2039954000.0,
        "Selling And Marketing Expense": 835167000.0,
        "General And Administrative Expense": 1204787000.0,
        "Salaries And Wages": 1204787000.0,
        "Gross Profit": 4048863000.0,
        "Cost Of Revenue": 6064025000.0,
        "Total Revenue": 10112888000.0,
        "Operating Revenue": 9436816000.0
    },
    "2024-09-30": {
        "Tax Effect Of Unusual Items": 0.0,
        "Tax Rate For Calcs": 0.0,
        "Normalized EBITDA": 1863761000.0,
        "Total Unusual Items": NaN,
        "Total Unusual Items Excluding Goodwill": NaN,
        "Net Income From Continuing Operation Net Minority Interest": -307361000.0,
        "Reconciled Depreciation": 550165000.0,
        "Reconciled Cost Of Revenue": 7294698000.0,
        "EBITDA": 1863761000.0,
        "EBIT": 1313596000.0,
        "Net Interest Income": -796609000.0,
        "Interest Expense": 1620957000.0,
        "Interest Income": 824348000.0,
        "Normalized Income": -307361000.0,
        "Net Income From Continuing And Discontinued Operation": -307361000.0,
        "Total Expenses": 12209216000.0,
        "Total Operating Income As Reported": 32390000.0,
        "Diluted Average Shares": 320167708.0,
        "Basic Average Shares": 320167708.0,
        "Diluted EPS": -0.96,
        "Basic EPS": -0.96,
        "Diluted NI Availto Com Stockholders": -307361000.0,
        "Net Income Common Stockholders": -307361000.0,
        "Net Income": -307361000.0,
        "Net Income Including Noncontrolling Interests": -307361000.0,
        "Net Income Continuous Operations": -307361000.0,
        "Tax Provision": 0.0,
        "Pretax Income": -307361000.0,
        "Other Income Expense": 456858000.0,
        "Other Non Operating Income Expenses": 456858000.0,
        "Gain On Sale Of Security": NaN,
        "Net Non Operating Interest Income Expense": -796609000.0,
        "Total Other Finance Cost": NaN,
        "Interest Expense Non Operating": 1620957000.0,
        "Interest Income Non Operating": 824348000.0,
        "Operating Income": 32390000.0,
        "Operating Expense": 4839714000.0,
        "Other Operating Expenses": 1854796000.0,
        "Depreciation Amortization Depletion Income Statement": 475361000.0,
        "Depreciation And Amortization In Income Statement": 475361000.0,
        "Selling General And Administration": 2509557000.0,
        "Selling And Marketing Expense": 1004795000.0,
        "General And Administrative Expense": 1504762000.0,
        "Salaries And Wages": 1504762000.0,
        "Gross Profit": 4872104000.0,
        "Cost Of Revenue": 7369502000.0,
        "Total Revenue": 12241606000.0,
        "Operating Revenue": 12241606000.0
    }
}