{
    "2023-06-30": {
        "Tax Effect Of Unusual Items": 0.0,
        "Tax Rate For Calcs": 0.051923,
        "Normalized EBITDA": 199800000.0,
        "Net Income From Continuing Operation Net Minority Interest": 25100000.0,
        "Reconciled Depreciation": 47000000.0,
        "Reconciled Cost Of Revenue": 47000000.0,
        "EBIT": 199800000.0,
        "Net Interest Income": -43800000.0,
        "Interest Expense": 43800000.0,
        "Normalized Income": 25100000.0,
        "Net Income From Continuing And Discontinued Operation": 25100000.0,
        "Total Expenses": 125900000.0,
        "Total Operating Income As Reported": 198100000.0,
        "Diluted Average Shares": 50200000.0,
        "Basic Average Shares": 50100000.0,
        "Diluted EPS": 0.5,
        "Basic EPS": 0.5,
        "Diluted NI Availto Com Stockholders": 25100000.0,
        "Net Income Common Stockholders": 25100000.0,
        "Net Income": 25100000.0,
        "Minority Interests": -122800000.0,
        "Net Income Including Noncontrolling Interests": 147900000.0,
        "Net Income Continuous Operations": 147900000.0,
        "Tax Provision": 8100000.0,
        "Pretax Income": 156000000.0,
        "Other Income Expense": 1700000.0,
        "Earnings From Equity Interest": 1700000.0,
        "Net Non Operating Interest Income Expense": -43800000.0,
        "Interest Expense Non Operating": 43800000.0,
        "Operating Income": 198100000.0,
        "Operating Expense": 78900000.0,
        "Selling General And Administration": 5800000.0,
        "General And Administrative Expense": 5800000.0,
        "Other Gand A": 5800000.0,
        "Gross Profit": 277000000.0,
        "Cost Of Revenue": 47000000.0,
        "Total Revenue": 324000000.0,
        "Operating Revenue": 321900000.0
    },
    "2023-03-31": {
        "Tax Effect Of Unusual Items": 0.0,
        "Tax Rate For Calcs": 0.043712,
        "Normalized EBITDA": 190300000.0,
        "Net Income From Continuing Operation Net Minority Interest": 20700000.0,
        "Reconciled Depreciation": 47400000.0,
        "Reconciled Cost Of Revenue": 47400000.0,
        "EBIT": 190300000.0,
        "Net Interest Income": -41600000.0,
        "Interest Expense": 41600000.0,
        "Normalized Income": 20700000.0,
        "Net Income From Continuing And Discontinued Operation": 20700000.0,
        "Total Expenses": 116300000.0,
        "Total Operating Income As Reported": 188700000.0,
        "Diluted Average Shares": 44100000.0,
        "Basic Average Shares": 44000000.0,
        "Diluted EPS": 0.47,
        "Basic EPS": 0.47,
        "Diluted NI Availto Com Stockholders": 20700000.0,
        "Net Income Common Stockholders": 20700000.0,
        "Net Income": 20700000.0,
        "Minority Interests": -121500000.0,
        "Net Income Including Noncontrolling Interests": 142200000.0,
        "Net Income Continuous Operations": 142200000.0,
        "Tax Provision": 6500000.0,
        "Pretax Income": 148700000.0,
        "Other Income Expense": 1600000.0,
        "Earnings From Equity Interest": 1600000.0,
        "Net Non Operating Interest Income Expense": -41600000.0,
        "Interest Expense Non Operating": 41600000.0,
        "Operating Income": 188700000.0,
        "Operating Expense": 68900000.0,
        "Selling General And Administration": 6400000.0,
        "General And Administrative Expense": 6400000.0,
        "Other Gand A": 6400000.0,
        "Gross Profit": 257600000.0,
        "Cost Of Revenue": 47400000.0,
        "Total Revenue": 305000000.0,
        "Operating Revenue": 303400000.0
    },
    "2022-12-31": {
        "Tax Effect Of Unusual Items": 0.0,
        "Tax Rate For Calcs": 0.044643,
        "Normalized EBITDA": 197500000.0,
        "Net Income From Continuing Operation Net Minority Interest": 21800000.0,
        "Reconciled Depreciation": 46400000.0,
        "Reconciled Cost Of Revenue": 46400000.0,
        "EBIT": 197500000.0,
        "Net Interest Income": -40700000.0,
        "Interest Expense": 40700000.0,
        "Normalized Income": 21800000.0,
        "Net Income From Continuing And Discontinued Operation": 21800000.0,
        "Total Expenses": 118200000.0,
        "Total Operating Income As Reported": 196400000.0,
        "Diluted Average Shares": 44100000.0,
        "Basic Average Shares": 43700000.0,
        "Diluted EPS": 0.49,
        "Basic EPS": 0.49,
        "Diluted NI Availto Com Stockholders": 21800000.0,
        "Net Income Common Stockholders": 21800000.0,
        "Net Income": 21800000.0,
        "Minority Interests": -128000000.0,
        "Net Income Including Noncontrolling Interests": 149800000.0,
        "Net Income Continuous Operations": 149800000.0,
        "Tax Provision": 7000000.0,
        "Pretax Income": 156800000.0,
        "Other Income Expense": 1100000.0,
        "Earnings From Equity Interest": 1100000.0,
        "Net Non Operating Interest Income Expense": -40700000.0,
        "Interest Expense Non Operating": 40700000.0,
        "Operating Income": 196400000.0,
        "Operating Expense": 71800000.0,
        "Selling General And Administration": 6100000.0,
        "General And Administrative Expense": 6100000.0,
        "Other Gand A": 6100000.0,
        "Gross Profit": 268200000.0,
        "Cost Of Revenue": 46400000.0,
        "Total Revenue": 314600000.0,
        "Operating Revenue": 313900000.0
    },
    "2022-09-30": {
        "Tax Effect Of Unusual Items": 0.0,
        "Tax Rate For Calcs": 0.044937,
        "Normalized EBITDA": 206800000.0,
        "Net Income From Continuing Operation Net Minority Interest": 23200000.0,
        "Reconciled Depreciation": 45500000.0,
        "Reconciled Cost Of Revenue": 45500000.0,
        "EBIT": 206800000.0,
        "Net Interest Income": -39900000.0,
        "Interest Expense": 39900000.0,
        "Normalized Income": 23200000.0,
        "Net Income From Continuing And Discontinued Operation": 23200000.0,
        "Total Expenses": 130800000.0,
        "Total Operating Income As Reported": 204000000.0,
        "Diluted Average Shares": 44100000.0,
        "Basic Average Shares": 44000000.0,
        "Diluted EPS": 0.53,
        "Basic EPS": 0.53,
        "Diluted NI Availto Com Stockholders": 23200000.0,
        "Net Income Common Stockholders": 23200000.0,
        "Net Income": 23200000.0,
        "Minority Interests": -136200000.0,
        "Net Income Including Noncontrolling Interests": 159400000.0,
        "Net Income Continuous Operations": 159400000.0,
        "Tax Provision": 7500000.0,
        "Pretax Income": 166900000.0,
        "Other Income Expense": 2800000.0,
        "Earnings From Equity Interest": 2800000.0,
        "Net Non Operating Interest Income Expense": -39900000.0,
        "Interest Expense Non Operating": 39900000.0,
        "Operating Income": 204000000.0,
        "Operating Expense": 85300000.0,
        "Selling General And Administration": 5700000.0,
        "General And Administrative Expense": 5700000.0,
        "Other Gand A": 5700000.0,
        "Gross Profit": 289300000.0,
        "Cost Of Revenue": 45500000.0,
        "Total Revenue": 334800000.0,
        "Operating Revenue": 334200000.0
    },
    "2022-06-30": {
        "Tax Effect Of Unusual Items": 0.0,
        "Tax Rate For Calcs": 0.044682,
        "Normalized EBITDA": 196300000.0,
        "Net Income From Continuing Operation Net Minority Interest": 22000000.0,
        "Reconciled Depreciation": 45000000.0,
        "Reconciled Cost Of Revenue": 45000000.0,
        "EBIT": 196300000.0,
        "Net Interest Income": -37400000.0,
        "Interest Expense": 37400000.0,
        "Normalized Income": 22000000.0,
        "Net Income From Continuing And Discontinued Operation": 22000000.0,
        "Total Expenses": 118100000.0,
        "Total Operating Income As Reported": 195300000.0,
        "Diluted Average Shares": 43700000.0,
        "Basic Average Shares": 43700000.0,
        "Diluted EPS": 0.5,
        "Basic EPS": 0.51,
        "Diluted NI Availto Com Stockholders": 22000000.0,
        "Net Income Common Stockholders": 22000000.0,
        "Net Income": 22000000.0,
        "Minority Interests": -129800000.0,
        "Net Income Including Noncontrolling Interests": 151800000.0,
        "Net Income Continuous Operations": 151800000.0,
        "Tax Provision": 7100000.0,
        "Pretax Income": 158900000.0,
        "Other Income Expense": 1000000.0,
        "Earnings From Equity Interest": 1000000.0,
        "Net Non Operating Interest Income Expense": -37400000.0,
        "Interest Expense Non Operating": 37400000.0,
        "Operating Income": 195300000.0,
        "Operating Expense": 73100000.0,
        "Selling General And Administration": 5300000.0,
        "General And Administrative Expense": 5300000.0,
        "Other Gand A": 5300000.0,
        "Gross Profit": 268400000.0,
        "Cost Of Revenue": 45000000.0,
        "Total Revenue": 313400000.0,
        "Operating Revenue": 313000000.0
    },
    "2022-03-31": {
        "Diluted EPS": 0.49,
        "Total Revenue": 312,
        "Gross Profit": 312,
        "Operating Income": 196,
        "EBIT": 242,
        "Net Income": 17
    },
    "2021-12-31": {
        "Diluted EPS": 0.51,
        "Total Revenue": 316,
        "Gross Profit": 316,
        "Operating Income": 200,
        "EBIT": 245,
        "Net Income": 17
    },
    "2021-09-30": {
        "Diluted EPS": 0.38,
        "Total Revenue": 304,
        "Gross Profit": 304,
        "Operating Income": 159,
        "EBIT": 203,
        "Net Income": 10
    },
    "2021-06-30": {
        "Diluted EPS": 0.44,
        "Total Revenue": 295,
        "Gross Profit": 295,
        "Operating Income": 186,
        "EBIT": 228,
        "Net Income": 11
    },
    "2021-03-31": {
        "Diluted EPS": 0.43,
        "Total Revenue": 289,
        "Gross Profit": 289,
        "Operating Income": 183,
        "EBIT": 224,
        "Net Income": 9
    },
    "2020-12-31": {
        "Diluted EPS": 0.36,
        "Total Revenue": 267,
        "Gross Profit": 267,
        "Operating Income": 155,
        "EBIT": 196,
        "Net Income": 7
    },
    "2020-09-30": {
        "Diluted EPS": 0.31,
        "Total Revenue": 265,
        "Gross Profit": 265,
        "Operating Income": 137,
        "EBIT": 178,
        "Net Income": 6
    },
    "2020-06-30": {
        "Diluted EPS": 0.29,
        "Total Revenue": 270,
        "Gross Profit": 270,
        "Operating Income": 132,
        "EBIT": 172,
        "Net Income": 5
    },
    "2020-03-31": {
        "Diluted EPS": 0.35,
        "Total Revenue": 291,
        "Gross Profit": 291,
        "Operating Income": 153,
        "EBIT": 193,
        "Net Income": 7
    },
    "2019-12-31": {
        "Diluted EPS": 0.27,
        "Total Revenue": 254,
        "Gross Profit": 254,
        "Operating Income": 90,
        "EBIT": 129,
        "Net Income": 16
    },
    "2019-09-30": {
        "Diluted EPS": 0.32,
        "Total Revenue": 215,
        "Gross Profit": 215,
        "Operating Income": 99,
        "EBIT": 137,
        "Net Income": 18
    },
    "2019-06-30": {
        "Diluted EPS": 0.29,
        "Total Revenue": 190,
        "Gross Profit": 190,
        "Operating Income": 91,
        "EBIT": 128,
        "Net Income": 16
    },
    "2019-03-31": {
        "Diluted EPS": 0.32,
        "Total Revenue": 190,
        "Gross Profit": 190,
        "Operating Income": 96,
        "EBIT": 131,
        "Net Income": 17
    },
    "2018-12-31": {
        "Diluted EPS": 0.3,
        "Total Revenue": 222,
        "Gross Profit": 222,
        "Operating Income": 97,
        "EBIT": 137,
        "Net Income": 17
    },
    "2018-09-30": {
        "Diluted EPS": 0.33,
        "Total Revenue": 170,
        "Gross Profit": 170,
        "Operating Income": 97,
        "EBIT": 128,
        "Net Income": 18
    },
    "2018-06-30": {
        "Diluted EPS": 0.32,
        "Total Revenue": 165,
        "Gross Profit": 165,
        "Operating Income": 95,
        "EBIT": 125,
        "Net Income": 17
    },
    "2018-03-31": {
        "Diluted EPS": 0.31,
        "Total Revenue": 157,
        "Gross Profit": 157,
        "Operating Income": 89,
        "EBIT": 120,
        "Net Income": 17
    },
    "2017-12-31": {
        "Diluted EPS": 0.27,
        "Total Revenue": 164,
        "Gross Profit": 164,
        "Operating Income": 55,
        "EBIT": 91,
        "Net Income": -49
    },
    "2017-09-30": {
        "Diluted EPS": 0.27,
        "Total Revenue": 147,
        "Gross Profit": 147,
        "Operating Income": 77,
        "EBIT": 106,
        "Net Income": 15
    },
    "2017-06-30": {
        "Diluted EPS": 0.21,
        "Total Revenue": 138,
        "Gross Profit": 138,
        "Operating Income": 69,
        "EBIT": 97,
        "Net Income": 11
    },
    "2017-03-31": {
        "Diluted EPS": 0.0,
        "Total Revenue": 130,
        "Gross Profit": 130,
        "Operating Income": 63,
        "EBIT": 90,
        "Net Income": 63
    },
    "2016-12-31": {
        "Diluted EPS": 0.0,
        "Total Revenue": 152,
        "Gross Profit": 100,
        "Operating Income": 70,
        "EBIT": 96,
        "Net Income": 69
    },
    "2016-09-30": {
        "Diluted EPS": 0.0,
        "Total Revenue": 120,
        "Gross Profit": 120,
        "Operating Income": 48,
        "EBIT": 73,
        "Net Income": 48
    },
    "2016-06-30": {
        "Diluted EPS": 0.0,
        "Total Revenue": 119,
        "Gross Profit": 119,
        "Operating Income": 41,
        "EBIT": 67,
        "Net Income": 40
    },
    "2016-03-31": {
        "Diluted EPS": 0.0,
        "Total Revenue": 119,
        "Gross Profit": 119,
        "Operating Income": 47,
        "EBIT": 70,
        "Net Income": 47
    },
    "2015-12-31": {
        "Diluted EPS": 0.0,
        "Total Revenue": NaN,
        "Gross Profit": NaN,
        "Operating Income": NaN,
        "EBIT": NaN,
        "Net Income": NaN
    }
}