{
    "2023-03-31": {
        "Tax Effect Of Unusual Items": -761884.083261,
        "Tax Rate For Calcs": 0.277452,
        "Normalized EBITDA": 4280000.0,
        "Total Unusual Items": -2746000.0,
        "Total Unusual Items Excluding Goodwill": -2746000.0,
        "Net Income From Continuing Operation Net Minority Interest": -5933000.0,
        "Reconciled Depreciation": 6689000.0,
        "Reconciled Cost Of Revenue": 243683000.0,
        "EBIT": -5155000.0,
        "Net Interest Income": -2868000.0,
        "Interest Expense": 2868000.0,
        "Normalized Income": -3948884.083261,
        "Net Income From Continuing And Discontinued Operation": -5933000.0,
        "Total Expenses": 296612000.0,
        "Rent Expense Supplemental": NaN,
        "Total Operating Income As Reported": -2757000.0,
        "Diluted Average Shares": 53822794.0,
        "Basic Average Shares": 53822794.0,
        "Diluted EPS": -0.11,
        "Basic EPS": -0.11,
        "Diluted NI Availto Com Stockholders": -5933000.0,
        "Net Income Common Stockholders": -5933000.0,
        "Net Income": -5933000.0,
        "Minority Interests": -136000.0,
        "Net Income Including Noncontrolling Interests": -5797000.0,
        "Net Income Continuous Operations": -5797000.0,
        "Tax Provision": -2226000.0,
        "Pretax Income": -8023000.0,
        "Other Income Expense": -2398000.0,
        "Other Non Operating Income Expenses": 348000.0,
        "Gain On Sale Of Security": -2746000.0,
        "Net Non Operating Interest Income Expense": -2868000.0,
        "Interest Expense Non Operating": 2868000.0,
        "Operating Income": -2757000.0,
        "Operating Expense": 52929000.0,
        "Selling General And Administration": 52929000.0,
        "Selling And Marketing Expense": 52929000.0,
        "General And Administrative Expense": NaN,
        "Rent And Landing Fees": NaN,
        "Gross Profit": 50172000.0,
        "Cost Of Revenue": 243683000.0,
        "Total Revenue": 293855000.0,
        "Operating Revenue": 293855000.0
    },
    "2022-12-31": {
        "Tax Effect Of Unusual Items": -11031.339031,
        "Tax Rate For Calcs": 0.334283,
        "Normalized EBITDA": -2876000.0,
        "Total Unusual Items": -33000.0,
        "Total Unusual Items Excluding Goodwill": -33000.0,
        "Net Income From Continuing Operation Net Minority Interest": -3354000.0,
        "Reconciled Depreciation": 6691000.0,
        "Reconciled Cost Of Revenue": 241177000.0,
        "EBIT": -2909000.0,
        "Net Interest Income": -2356000.0,
        "Interest Expense": 2356000.0,
        "Normalized Income": -3332031.339031,
        "Net Income From Continuing And Discontinued Operation": -3354000.0,
        "Total Expenses": 295290000.0,
        "Rent Expense Supplemental": -87000.0,
        "Total Operating Income As Reported": -3391000.0,
        "Diluted Average Shares": 53813772.0,
        "Basic Average Shares": 53813772.0,
        "Diluted EPS": -0.06,
        "Basic EPS": -0.06,
        "Diluted NI Availto Com Stockholders": -3354000.0,
        "Net Income Common Stockholders": -3354000.0,
        "Net Income": -3354000.0,
        "Minority Interests": 151000.0,
        "Net Income Including Noncontrolling Interests": -3505000.0,
        "Net Income Continuous Operations": -3505000.0,
        "Tax Provision": -1760000.0,
        "Pretax Income": -5265000.0,
        "Other Income Expense": 482000.0,
        "Other Non Operating Income Expenses": 515000.0,
        "Gain On Sale Of Security": -33000.0,
        "Net Non Operating Interest Income Expense": -2356000.0,
        "Interest Expense Non Operating": 2356000.0,
        "Operating Income": -3391000.0,
        "Operating Expense": 54113000.0,
        "Selling General And Administration": 54113000.0,
        "Selling And Marketing Expense": 54113000.0,
        "General And Administrative Expense": -87000.0,
        "Rent And Landing Fees": -87000.0,
        "Gross Profit": 50722000.0,
        "Cost Of Revenue": 241177000.0,
        "Total Revenue": 291899000.0,
        "Operating Revenue": 291899000.0
    },
    "2022-09-30": {
        "Tax Effect Of Unusual Items": 41748.0,
        "Tax Rate For Calcs": 0.147,
        "Normalized EBITDA": 3810000.0,
        "Total Unusual Items": 284000.0,
        "Total Unusual Items Excluding Goodwill": 284000.0,
        "Net Income From Continuing Operation Net Minority Interest": -3864000.0,
        "Reconciled Depreciation": 6386000.0,
        "Reconciled Cost Of Revenue": 249218000.0,
        "EBIT": -2292000.0,
        "Net Interest Income": -2274000.0,
        "Interest Expense": 2274000.0,
        "Normalized Income": -4106252.0,
        "Net Income From Continuing And Discontinued Operation": -3864000.0,
        "Total Expenses": 303807000.0,
        "Rent Expense Supplemental": NaN,
        "Total Operating Income As Reported": -3096000.0,
        "Diluted Average Shares": 53798131.0,
        "Basic Average Shares": 53798131.0,
        "Diluted EPS": -0.07,
        "Basic EPS": -0.07,
        "Diluted NI Availto Com Stockholders": -3864000.0,
        "Net Income Common Stockholders": -3864000.0,
        "Net Income": -3864000.0,
        "Minority Interests": 30000.0,
        "Net Income Including Noncontrolling Interests": -3894000.0,
        "Net Income Continuous Operations": -3894000.0,
        "Tax Provision": -672000.0,
        "Pretax Income": -4566000.0,
        "Other Income Expense": 804000.0,
        "Other Non Operating Income Expenses": 520000.0,
        "Gain On Sale Of Security": 284000.0,
        "Net Non Operating Interest Income Expense": -2274000.0,
        "Interest Expense Non Operating": 2274000.0,
        "Operating Income": -3096000.0,
        "Operating Expense": 54589000.0,
        "Selling General And Administration": 54589000.0,
        "Selling And Marketing Expense": 54589000.0,
        "General And Administrative Expense": NaN,
        "Rent And Landing Fees": NaN,
        "Gross Profit": 51493000.0,
        "Cost Of Revenue": 249218000.0,
        "Total Revenue": 300711000.0,
        "Operating Revenue": 300711000.0
    },
    "2022-06-30": {
        "Tax Effect Of Unusual Items": 40768.0,
        "Tax Rate For Calcs": 0.196,
        "Normalized EBITDA": 13012000.0,
        "Total Unusual Items": 208000.0,
        "Total Unusual Items Excluding Goodwill": 208000.0,
        "Net Income From Continuing Operation Net Minority Interest": 4564000.0,
        "Reconciled Depreciation": 6080000.0,
        "Reconciled Cost Of Revenue": 247072000.0,
        "EBIT": 7140000.0,
        "Net Interest Income": -1549000.0,
        "Interest Expense": 1549000.0,
        "Normalized Income": 4396768.0,
        "Net Income From Continuing And Discontinued Operation": 4564000.0,
        "Total Expenses": 292915000.0,
        "Rent Expense Supplemental": NaN,
        "Total Operating Income As Reported": 6727000.0,
        "Diluted Average Shares": 53900883.0,
        "Basic Average Shares": 53706392.0,
        "Diluted EPS": 0.08,
        "Basic EPS": 0.08,
        "Diluted NI Availto Com Stockholders": 4564000.0,
        "Net Income Common Stockholders": 4564000.0,
        "Net Income": 4564000.0,
        "Minority Interests": 70000.0,
        "Net Income Including Noncontrolling Interests": 4494000.0,
        "Net Income Continuous Operations": 4494000.0,
        "Tax Provision": 1097000.0,
        "Pretax Income": 5591000.0,
        "Other Income Expense": 413000.0,
        "Other Non Operating Income Expenses": 205000.0,
        "Gain On Sale Of Security": 208000.0,
        "Net Non Operating Interest Income Expense": -1549000.0,
        "Interest Expense Non Operating": 1549000.0,
        "Operating Income": 6727000.0,
        "Operating Expense": 45843000.0,
        "Selling General And Administration": 45843000.0,
        "Selling And Marketing Expense": 45843000.0,
        "General And Administrative Expense": NaN,
        "Rent And Landing Fees": NaN,
        "Gross Profit": 52570000.0,
        "Cost Of Revenue": 247072000.0,
        "Total Revenue": 299642000.0,
        "Operating Revenue": 299642000.0
    },
    "2022-03-31": {
        "Diluted EPS": 0.06,
        "Total Revenue": 278,
        "Gross Profit": 51,
        "Operating Income": 10,
        "EBIT": 16,
        "Net Income": 3
    },
    "2021-12-31": {
        "Diluted EPS": 0.18,
        "Total Revenue": 228,
        "Gross Profit": 45,
        "Operating Income": 12,
        "EBIT": 17,
        "Net Income": 10
    },
    "2021-09-30": {
        "Diluted EPS": 0.15,
        "Total Revenue": 216,
        "Gross Profit": 42,
        "Operating Income": 11,
        "EBIT": 16,
        "Net Income": 8
    },
    "2021-06-30": {
        "Diluted EPS": 0.07,
        "Total Revenue": 194,
        "Gross Profit": 35,
        "Operating Income": 5,
        "EBIT": 10,
        "Net Income": 3
    },
    "2021-03-31": {
        "Diluted EPS": 0.03,
        "Total Revenue": 159,
        "Gross Profit": 29,
        "Operating Income": 1,
        "EBIT": 6,
        "Net Income": 1
    },
    "2020-12-31": {
        "Diluted EPS": 0.02,
        "Total Revenue": 147,
        "Gross Profit": 26,
        "Operating Income": -339,
        "EBIT": -334,
        "Net Income": 1
    },
    "2020-09-30": {
        "Diluted EPS": -0.01,
        "Total Revenue": 140,
        "Gross Profit": 25,
        "Operating Income": 0,
        "EBIT": 5,
        "Net Income": -1
    },
    "2020-06-30": {
        "Diluted EPS": -0.08,
        "Total Revenue": 105,
        "Gross Profit": 21,
        "Operating Income": -4,
        "EBIT": 0,
        "Net Income": -4
    },
    "2020-03-31": {
        "Diluted EPS": -6.52,
        "Total Revenue": 176,
        "Gross Profit": 29,
        "Operating Income": 0,
        "EBIT": 342,
        "Net Income": -340
    },
    "2019-12-31": {
        "Diluted EPS": -0.01,
        "Total Revenue": 163,
        "Gross Profit": 27,
        "Operating Income": 2,
        "EBIT": 5,
        "Net Income": 1
    },
    "2019-09-30": {
        "Diluted EPS": 0.06,
        "Total Revenue": 76,
        "Gross Profit": 12,
        "Operating Income": 2,
        "EBIT": 3,
        "Net Income": 1
    },
    "2019-06-30": {
        "Diluted EPS": 0.05,
        "Total Revenue": 75,
        "Gross Profit": 13,
        "Operating Income": 1,
        "EBIT": 2,
        "Net Income": 1
    },
    "2019-03-31": {
        "Diluted EPS": 0.08,
        "Total Revenue": 75,
        "Gross Profit": 13,
        "Operating Income": 2,
        "EBIT": 3,
        "Net Income": 2
    },
    "2018-12-31": {
        "Diluted EPS": 0.1,
        "Total Revenue": 74,
        "Gross Profit": 13,
        "Operating Income": 3,
        "EBIT": 4,
        "Net Income": 2
    },
    "2018-09-30": {
        "Diluted EPS": 0.08,
        "Total Revenue": 70,
        "Gross Profit": 13,
        "Operating Income": 2,
        "EBIT": 3,
        "Net Income": 2
    },
    "2018-06-30": {
        "Diluted EPS": 0.05,
        "Total Revenue": 72,
        "Gross Profit": 12,
        "Operating Income": 1,
        "EBIT": 1,
        "Net Income": 1
    },
    "2018-03-31": {
        "Diluted EPS": 0.07,
        "Total Revenue": 75,
        "Gross Profit": 12,
        "Operating Income": 2,
        "EBIT": 3,
        "Net Income": 1
    },
    "2017-12-31": {
        "Diluted EPS": 0.38,
        "Total Revenue": 220,
        "Gross Profit": 33,
        "Operating Income": 9,
        "EBIT": 9,
        "Net Income": 8
    },
    "2017-09-30": {
        "Diluted EPS": 0.1,
        "Total Revenue": 76,
        "Gross Profit": 11,
        "Operating Income": 2,
        "EBIT": 2,
        "Net Income": 2
    },
    "2017-06-30": {
        "Diluted EPS": 0.0,
        "Total Revenue": NaN,
        "Gross Profit": NaN,
        "Operating Income": 0,
        "EBIT": 0,
        "Net Income": 0
    },
    "2017-03-31": {
        "Diluted EPS": 0.0,
        "Total Revenue": NaN,
        "Gross Profit": NaN,
        "Operating Income": 0,
        "EBIT": 0,
        "Net Income": 0
    },
    "2016-12-31": {
        "Diluted EPS": 0.0,
        "Total Revenue": NaN,
        "Gross Profit": NaN,
        "Operating Income": NaN,
        "EBIT": NaN,
        "Net Income": NaN
    },
    "2016-09-30": {
        "Diluted EPS": 0.0,
        "Total Revenue": NaN,
        "Gross Profit": NaN,
        "Operating Income": 0,
        "EBIT": 0,
        "Net Income": 0
    },
    "2016-06-30": {
        "Diluted EPS": 0.0,
        "Total Revenue": NaN,
        "Gross Profit": NaN,
        "Operating Income": 0,
        "EBIT": 0,
        "Net Income": 0
    },
    "2023-06-30": {
        "Tax Effect Of Unusual Items": 1142400.0,
        "Tax Rate For Calcs": 0.4,
        "Normalized EBITDA": 5080000.0,
        "Total Unusual Items": 2856000.0,
        "Total Unusual Items Excluding Goodwill": 2856000.0,
        "Net Income From Continuing Operation Net Minority Interest": -850000.0,
        "Reconciled Depreciation": 6440000.0,
        "Reconciled Cost Of Revenue": 241646000.0,
        "EBIT": 1496000.0,
        "Net Interest Income": -2847000.0,
        "Interest Expense": 2847000.0,
        "Normalized Income": -2563600.0,
        "Net Income From Continuing And Discontinued Operation": -850000.0,
        "Total Expenses": 293889000.0,
        "Rent Expense Supplemental": NaN,
        "Total Operating Income As Reported": -1577000.0,
        "Diluted Average Shares": 54046328.0,
        "Basic Average Shares": 54046328.0,
        "Diluted EPS": -0.02,
        "Basic EPS": -0.02,
        "Diluted NI Availto Com Stockholders": -850000.0,
        "Net Income Common Stockholders": -850000.0,
        "Net Income": -850000.0,
        "Minority Interests": 710000.0,
        "Net Income Including Noncontrolling Interests": -1560000.0,
        "Net Income Continuous Operations": -1560000.0,
        "Tax Provision": 209000.0,
        "Pretax Income": -1351000.0,
        "Other Income Expense": 3073000.0,
        "Other Non Operating Income Expenses": 217000.0,
        "Gain On Sale Of Security": 2856000.0,
        "Net Non Operating Interest Income Expense": -2847000.0,
        "Interest Expense Non Operating": 2847000.0,
        "Operating Income": -1577000.0,
        "Operating Expense": 52243000.0,
        "Selling General And Administration": 52243000.0,
        "Selling And Marketing Expense": 52243000.0,
        "General And Administrative Expense": NaN,
        "Rent And Landing Fees": NaN,
        "Gross Profit": 50666000.0,
        "Cost Of Revenue": 241646000.0,
        "Total Revenue": 292312000.0,
        "Operating Revenue": 292312000.0
    }
}