{
    "2023-06-30": {
        "Tax Effect Of Unusual Items": 0.0,
        "Tax Rate For Calcs": 0.152,
        "Total Unusual Items": 0.0,
        "Total Unusual Items Excluding Goodwill": 0.0,
        "Net Income From Continuing Operation Net Minority Interest": 16846000.0,
        "Reconciled Depreciation": 1553000.0,
        "Net Interest Income": 55824000.0,
        "Interest Expense": 14247000.0,
        "Interest Income": 70071000.0,
        "Normalized Income": 16846000.0,
        "Net Income From Continuing And Discontinued Operation": 16846000.0,
        "Diluted Average Shares": 35126590.0,
        "Basic Average Shares": 35058155.0,
        "Diluted EPS": 0.48,
        "Basic EPS": 0.48,
        "Diluted NI Availto Com Stockholders": 16846000.0,
        "Net Income Common Stockholders": 16846000.0,
        "Net Income": 16846000.0,
        "Net Income Including Noncontrolling Interests": 16846000.0,
        "Net Income Continuous Operations": 16846000.0,
        "Tax Provision": 3025000.0,
        "Pretax Income": 19871000.0,
        "Gain On Sale Of Security": 0.0,
        "Depreciation Amortization Depletion Income Statement": 623000.0,
        "Depreciation And Amortization In Income Statement": 623000.0,
        "Amortization": 623000.0,
        "Amortization Of Intangibles Income Statement": 623000.0,
        "Selling General And Administration": 26019000.0,
        "Selling And Marketing Expense": 441000.0,
        "General And Administrative Expense": 25578000.0,
        "Insurance And Claims": 797000.0,
        "Salaries And Wages": 24781000.0,
        "Total Revenue": 63105000.0,
        "Operating Revenue": 63105000.0
    },
    "2023-03-31": {
        "Tax Effect Of Unusual Items": 342.0,
        "Tax Rate For Calcs": 0.171,
        "Total Unusual Items": 2000.0,
        "Total Unusual Items Excluding Goodwill": 2000.0,
        "Net Income From Continuing Operation Net Minority Interest": 20457000.0,
        "Reconciled Depreciation": 1430000.0,
        "Net Interest Income": 59842000.0,
        "Interest Expense": 6823000.0,
        "Interest Income": 66665000.0,
        "Normalized Income": 20455342.0,
        "Net Income From Continuing And Discontinued Operation": 20457000.0,
        "Diluted Average Shares": 35445340.0,
        "Basic Average Shares": 35108390.0,
        "Diluted EPS": 0.58,
        "Basic EPS": 0.58,
        "Diluted NI Availto Com Stockholders": 20457000.0,
        "Net Income Common Stockholders": 20457000.0,
        "Net Income": 20457000.0,
        "Net Income Including Noncontrolling Interests": 20457000.0,
        "Net Income Continuous Operations": 20457000.0,
        "Tax Provision": 4213000.0,
        "Pretax Income": 24670000.0,
        "Gain On Sale Of Security": -286000.0,
        "Depreciation Amortization Depletion Income Statement": 623000.0,
        "Depreciation And Amortization In Income Statement": 623000.0,
        "Amortization": 623000.0,
        "Amortization Of Intangibles Income Statement": 623000.0,
        "Selling General And Administration": 26788000.0,
        "Selling And Marketing Expense": 402000.0,
        "General And Administrative Expense": 26386000.0,
        "Insurance And Claims": 850000.0,
        "Salaries And Wages": 25536000.0,
        "Total Revenue": 68100000.0,
        "Operating Revenue": 68100000.0
    },
    "2022-12-31": {
        "Tax Effect Of Unusual Items": 0.0,
        "Tax Rate For Calcs": 0.191653,
        "Total Unusual Items": 0.0,
        "Total Unusual Items Excluding Goodwill": 0.0,
        "Net Income From Continuing Operation Net Minority Interest": 22544000.0,
        "Reconciled Depreciation": 1632000.0,
        "Net Interest Income": 63107000.0,
        "Interest Expense": 2914000.0,
        "Interest Income": 66021000.0,
        "Normalized Income": 22544000.0,
        "Net Income From Continuing And Discontinued Operation": 22544000.0,
        "Diluted Average Shares": 35480848.0,
        "Basic Average Shares": 35104701.0,
        "Diluted EPS": 0.64,
        "Basic EPS": 0.64,
        "Diluted NI Availto Com Stockholders": 22544000.0,
        "Net Income Common Stockholders": 22544000.0,
        "Net Income": 22544000.0,
        "Net Income Including Noncontrolling Interests": 22544000.0,
        "Net Income Continuous Operations": 22544000.0,
        "Tax Provision": 5345000.0,
        "Pretax Income": 27889000.0,
        "Gain On Sale Of Security": -256000.0,
        "Depreciation Amortization Depletion Income Statement": 671000.0,
        "Depreciation And Amortization In Income Statement": 671000.0,
        "Amortization": 671000.0,
        "Amortization Of Intangibles Income Statement": 671000.0,
        "Selling General And Administration": 13590000.0,
        "Selling And Marketing Expense": 675000.0,
        "General And Administrative Expense": 12915000.0,
        "Insurance And Claims": 490000.0,
        "Salaries And Wages": 24856000.0,
        "Total Revenue": 69691000.0,
        "Operating Revenue": 69691000.0
    },
    "2022-09-30": {
        "Tax Effect Of Unusual Items": 48230.0,
        "Tax Rate For Calcs": 0.182,
        "Total Unusual Items": 265000.0,
        "Total Unusual Items Excluding Goodwill": 265000.0,
        "Net Income From Continuing Operation Net Minority Interest": 20990000.0,
        "Reconciled Depreciation": 671000.0,
        "Net Interest Income": 59286000.0,
        "Interest Expense": 1824000.0,
        "Interest Income": 61110000.0,
        "Normalized Income": 20773230.0,
        "Net Income From Continuing And Discontinued Operation": 20990000.0,
        "Diluted Average Shares": 35468890.0,
        "Basic Average Shares": 35103984.0,
        "Diluted EPS": 0.59,
        "Basic EPS": 0.6,
        "Diluted NI Availto Com Stockholders": 20990000.0,
        "Net Income Common Stockholders": 20990000.0,
        "Net Income": 20990000.0,
        "Net Income Including Noncontrolling Interests": 20990000.0,
        "Net Income Continuous Operations": 20990000.0,
        "Tax Provision": 4657000.0,
        "Pretax Income": 25647000.0,
        "Gain On Sale Of Security": 0.0,
        "Depreciation Amortization Depletion Income Statement": 671000.0,
        "Depreciation And Amortization In Income Statement": 671000.0,
        "Amortization": 671000.0,
        "Amortization Of Intangibles Income Statement": 671000.0,
        "Selling General And Administration": 29249000.0,
        "Selling And Marketing Expense": 358000.0,
        "General And Administrative Expense": 28891000.0,
        "Other Gand A": 4185000.0,
        "Insurance And Claims": 500000.0,
        "Salaries And Wages": 24206000.0,
        "Total Revenue": 66739000.0,
        "Operating Revenue": 66739000.0
    },
    "2022-06-30": {
        "Tax Effect Of Unusual Items": 0.0,
        "Tax Rate For Calcs": 0.176,
        "Total Unusual Items": 0.0,
        "Total Unusual Items Excluding Goodwill": 0.0,
        "Net Income From Continuing Operation Net Minority Interest": 18584000.0,
        "Reconciled Depreciation": 704000.0,
        "Net Interest Income": 50048000.0,
        "Interest Expense": 1684000.0,
        "Interest Income": 51732000.0,
        "Normalized Income": 18584000.0,
        "Net Income From Continuing And Discontinued Operation": 18584000.0,
        "Diluted Average Shares": 35409524.0,
        "Basic Average Shares": 35110334.0,
        "Diluted EPS": 0.52,
        "Basic EPS": 0.53,
        "Diluted NI Availto Com Stockholders": 18584000.0,
        "Net Income Common Stockholders": 18584000.0,
        "Net Income": 18584000.0,
        "Net Income Including Noncontrolling Interests": 18584000.0,
        "Net Income Continuous Operations": 18584000.0,
        "Tax Provision": 3977000.0,
        "Pretax Income": 22561000.0,
        "Gain On Sale Of Security": 0.0,
        "Depreciation Amortization Depletion Income Statement": 704000.0,
        "Depreciation And Amortization In Income Statement": 704000.0,
        "Amortization": 704000.0,
        "Amortization Of Intangibles Income Statement": 704000.0,
        "Selling General And Administration": 26732000.0,
        "Selling And Marketing Expense": 344000.0,
        "General And Administrative Expense": 26388000.0,
        "Other Gand A": 4185000.0,
        "Insurance And Claims": 425000.0,
        "Salaries And Wages": 21778000.0,
        "Total Revenue": 57064000.0,
        "Operating Revenue": 57064000.0
    },
    "2022-03-31": {
        "Diluted EPS": 0.56,
        "Total Revenue": 57,
        "Gross Profit": 55,
        "Operating Income": 23,
        "EBIT": NaN,
        "Net Income": 20
    },
    "2021-12-31": {
        "Diluted EPS": 0.55,
        "Total Revenue": 59,
        "Gross Profit": 58,
        "Operating Income": 24,
        "EBIT": NaN,
        "Net Income": 19
    },
    "2021-09-30": {
        "Diluted EPS": 0.58,
        "Total Revenue": 61,
        "Gross Profit": 60,
        "Operating Income": 26,
        "EBIT": NaN,
        "Net Income": 21
    },
    "2021-06-30": {
        "Diluted EPS": 0.9,
        "Total Revenue": 64,
        "Gross Profit": 63,
        "Operating Income": 40,
        "EBIT": NaN,
        "Net Income": 33
    },
    "2021-03-31": {
        "Diluted EPS": 0.7,
        "Total Revenue": 62,
        "Gross Profit": 60,
        "Operating Income": 30,
        "EBIT": NaN,
        "Net Income": 25
    },
    "2020-12-31": {
        "Diluted EPS": 0.66,
        "Total Revenue": 66,
        "Gross Profit": 64,
        "Operating Income": 28,
        "EBIT": NaN,
        "Net Income": 24
    },
    "2020-09-30": {
        "Diluted EPS": 0.46,
        "Total Revenue": 61,
        "Gross Profit": 58,
        "Operating Income": 19,
        "EBIT": NaN,
        "Net Income": 17
    },
    "2020-06-30": {
        "Diluted EPS": -0.17,
        "Total Revenue": 62,
        "Gross Profit": 59,
        "Operating Income": -7,
        "EBIT": NaN,
        "Net Income": -6
    },
    "2020-03-31": {
        "Diluted EPS": 0.34,
        "Total Revenue": 63,
        "Gross Profit": 58,
        "Operating Income": 13,
        "EBIT": NaN,
        "Net Income": 12
    },
    "2019-12-31": {
        "Diluted EPS": 0.47,
        "Total Revenue": 63,
        "Gross Profit": 58,
        "Operating Income": 21,
        "EBIT": NaN,
        "Net Income": 17
    },
    "2019-09-30": {
        "Diluted EPS": 0.48,
        "Total Revenue": 63,
        "Gross Profit": 59,
        "Operating Income": 22,
        "EBIT": NaN,
        "Net Income": 18
    },
    "2019-06-30": {
        "Diluted EPS": 0.43,
        "Total Revenue": 63,
        "Gross Profit": 58,
        "Operating Income": 19,
        "EBIT": NaN,
        "Net Income": 16
    },
    "2019-03-31": {
        "Diluted EPS": 0.45,
        "Total Revenue": 61,
        "Gross Profit": 57,
        "Operating Income": 20,
        "EBIT": NaN,
        "Net Income": 17
    },
    "2018-12-31": {
        "Diluted EPS": 0.45,
        "Total Revenue": 63,
        "Gross Profit": 60,
        "Operating Income": 21,
        "EBIT": NaN,
        "Net Income": 17
    },
    "2018-09-30": {
        "Diluted EPS": 0.42,
        "Total Revenue": 63,
        "Gross Profit": 59,
        "Operating Income": 19,
        "EBIT": NaN,
        "Net Income": 15
    },
    "2018-06-30": {
        "Diluted EPS": 0.35,
        "Total Revenue": 54,
        "Gross Profit": 51,
        "Operating Income": 14,
        "EBIT": NaN,
        "Net Income": 12
    },
    "2018-03-31": {
        "Diluted EPS": 0.27,
        "Total Revenue": 51,
        "Gross Profit": 48,
        "Operating Income": 10,
        "EBIT": NaN,
        "Net Income": 9
    },
    "2017-12-31": {
        "Diluted EPS": 0.33,
        "Total Revenue": 49,
        "Gross Profit": 46,
        "Operating Income": 17,
        "EBIT": NaN,
        "Net Income": 10
    },
    "2017-09-30": {
        "Diluted EPS": 0.35,
        "Total Revenue": 46,
        "Gross Profit": 43,
        "Operating Income": 15,
        "EBIT": NaN,
        "Net Income": 11
    },
    "2017-06-30": {
        "Diluted EPS": 0.4,
        "Total Revenue": 47,
        "Gross Profit": 45,
        "Operating Income": 16,
        "EBIT": NaN,
        "Net Income": 12
    },
    "2017-03-31": {
        "Diluted EPS": 0.31,
        "Total Revenue": 42,
        "Gross Profit": 40,
        "Operating Income": 12,
        "EBIT": NaN,
        "Net Income": 9
    },
    "2016-12-31": {
        "Diluted EPS": 0.33,
        "Total Revenue": 43,
        "Gross Profit": 41,
        "Operating Income": 13,
        "EBIT": NaN,
        "Net Income": 10
    },
    "2016-09-30": {
        "Diluted EPS": 0.37,
        "Total Revenue": 45,
        "Gross Profit": 43,
        "Operating Income": 15,
        "EBIT": NaN,
        "Net Income": 11
    },
    "2016-06-30": {
        "Diluted EPS": 0.3,
        "Total Revenue": 41,
        "Gross Profit": 40,
        "Operating Income": 12,
        "EBIT": NaN,
        "Net Income": 9
    },
    "2016-03-31": {
        "Diluted EPS": 0.3,
        "Total Revenue": 41,
        "Gross Profit": 40,
        "Operating Income": 12,
        "EBIT": NaN,
        "Net Income": 9
    },
    "2015-12-31": {
        "Diluted EPS": 0.32,
        "Total Revenue": 42,
        "Gross Profit": 40,
        "Operating Income": 12,
        "EBIT": NaN,
        "Net Income": 9
    },
    "2015-09-30": {
        "Diluted EPS": 0.32,
        "Total Revenue": 43,
        "Gross Profit": 41,
        "Operating Income": 13,
        "EBIT": NaN,
        "Net Income": 9
    },
    "2015-06-30": {
        "Diluted EPS": 0.29,
        "Total Revenue": 41,
        "Gross Profit": 39,
        "Operating Income": 12,
        "EBIT": NaN,
        "Net Income": 9
    },
    "2015-03-31": {
        "Diluted EPS": 0.32,
        "Total Revenue": 43,
        "Gross Profit": 41,
        "Operating Income": 14,
        "EBIT": NaN,
        "Net Income": 10
    },
    "2014-12-31": {
        "Diluted EPS": 0.27,
        "Total Revenue": 42,
        "Gross Profit": 41,
        "Operating Income": 9,
        "EBIT": NaN,
        "Net Income": 7
    },
    "2014-09-30": {
        "Diluted EPS": 0.23,
        "Total Revenue": 41,
        "Gross Profit": 39,
        "Operating Income": 10,
        "EBIT": NaN,
        "Net Income": 7
    },
    "2014-06-30": {
        "Diluted EPS": 0.16,
        "Total Revenue": 35,
        "Gross Profit": 33,
        "Operating Income": 6,
        "EBIT": NaN,
        "Net Income": 4
    },
    "2014-03-31": {
        "Diluted EPS": 0.16,
        "Total Revenue": 20,
        "Gross Profit": 19,
        "Operating Income": 4,
        "EBIT": NaN,
        "Net Income": 3
    },
    "2013-12-31": {
        "Diluted EPS": 0.04,
        "Total Revenue": 21,
        "Gross Profit": 20,
        "Operating Income": 1,
        "EBIT": NaN,
        "Net Income": 1
    },
    "2013-09-30": {
        "Diluted EPS": 0.2,
        "Total Revenue": 21,
        "Gross Profit": 20,
        "Operating Income": 5,
        "EBIT": NaN,
        "Net Income": 3
    },
    "2013-06-30": {
        "Diluted EPS": 0.18,
        "Total Revenue": 19,
        "Gross Profit": 18,
        "Operating Income": 4,
        "EBIT": NaN,
        "Net Income": 3
    },
    "2013-03-31": {
        "Diluted EPS": 0.19,
        "Total Revenue": 20,
        "Gross Profit": 19,
        "Operating Income": 4,
        "EBIT": NaN,
        "Net Income": 3
    },
    "2012-12-31": {
        "Diluted EPS": 0.2,
        "Total Revenue": 18,
        "Gross Profit": 17,
        "Operating Income": 5,
        "EBIT": NaN,
        "Net Income": 3
    },
    "2012-09-30": {
        "Diluted EPS": 0.19,
        "Total Revenue": 19,
        "Gross Profit": 17,
        "Operating Income": 4,
        "EBIT": NaN,
        "Net Income": 3
    },
    "2012-06-30": {
        "Diluted EPS": 0.21,
        "Total Revenue": 19,
        "Gross Profit": 18,
        "Operating Income": 5,
        "EBIT": NaN,
        "Net Income": 3
    },
    "2012-03-31": {
        "Diluted EPS": 0.27,
        "Total Revenue": 20,
        "Gross Profit": 19,
        "Operating Income": 6,
        "EBIT": NaN,
        "Net Income": 4
    },
    "2011-12-31": {
        "Diluted EPS": 0.14,
        "Total Revenue": 20,
        "Gross Profit": 19,
        "Operating Income": 3,
        "EBIT": NaN,
        "Net Income": 2
    },
    "2011-09-30": {
        "Diluted EPS": 0.12,
        "Total Revenue": 19,
        "Gross Profit": 18,
        "Operating Income": 3,
        "EBIT": NaN,
        "Net Income": 2
    },
    "2011-06-30": {
        "Diluted EPS": 0.11,
        "Total Revenue": 20,
        "Gross Profit": 18,
        "Operating Income": 2,
        "EBIT": NaN,
        "Net Income": 2
    },
    "2011-03-31": {
        "Diluted EPS": 0.05,
        "Total Revenue": 20,
        "Gross Profit": 19,
        "Operating Income": 1,
        "EBIT": NaN,
        "Net Income": 1
    },
    "2010-12-31": {
        "Diluted EPS": 0.81,
        "Total Revenue": 31,
        "Gross Profit": 29,
        "Operating Income": 14,
        "EBIT": NaN,
        "Net Income": 9
    },
    "2010-09-30": {
        "Diluted EPS": 0.15,
        "Total Revenue": 18,
        "Gross Profit": 16,
        "Operating Income": 3,
        "EBIT": NaN,
        "Net Income": 2
    },
    "2010-06-30": {
        "Diluted EPS": 0.05,
        "Total Revenue": 15,
        "Gross Profit": 13,
        "Operating Income": 1,
        "EBIT": NaN,
        "Net Income": 1
    },
    "2010-03-31": {
        "Diluted EPS": 0.03,
        "Total Revenue": 15,
        "Gross Profit": 13,
        "Operating Income": 1,
        "EBIT": NaN,
        "Net Income": 0
    },
    "2009-12-31": {
        "Diluted EPS": 0.08,
        "Total Revenue": 15,
        "Gross Profit": 13,
        "Operating Income": 1,
        "EBIT": NaN,
        "Net Income": 0
    },
    "2009-09-30": {
        "Diluted EPS": 0.0,
        "Total Revenue": 15,
        "Gross Profit": 13,
        "Operating Income": 0,
        "EBIT": NaN,
        "Net Income": 0
    },
    "2009-06-30": {
        "Diluted EPS": -0.04,
        "Total Revenue": 16,
        "Gross Profit": 13,
        "Operating Income": 0,
        "EBIT": NaN,
        "Net Income": 0
    },
    "2009-03-31": {
        "Diluted EPS": -0.14,
        "Total Revenue": 15,
        "Gross Profit": 12,
        "Operating Income": -1,
        "EBIT": NaN,
        "Net Income": -1
    },
    "2023-09-30": {
        "Tax Effect Of Unusual Items": 0.0,
        "Tax Rate For Calcs": 0.164,
        "Total Unusual Items": 0.0,
        "Total Unusual Items Excluding Goodwill": 0.0,
        "Net Income From Continuing Operation Net Minority Interest": 18219000.0,
        "Reconciled Depreciation": 1228000.0,
        "Net Interest Income": 55618000.0,
        "Interest Expense": 17849000.0,
        "Interest Income": 73467000.0,
        "Normalized Income": 18219000.0,
        "Net Income From Continuing And Discontinued Operation": 18219000.0,
        "Diluted Average Shares": 35115165.0,
        "Basic Average Shares": 35022676.0,
        "Diluted EPS": 0.51,
        "Basic EPS": 0.52,
        "Diluted NI Availto Com Stockholders": 18219000.0,
        "Net Income Common Stockholders": 18219000.0,
        "Net Income": 18219000.0,
        "Net Income Including Noncontrolling Interests": 18219000.0,
        "Net Income Continuous Operations": 18219000.0,
        "Tax Provision": 3578000.0,
        "Pretax Income": 21797000.0,
        "Gain On Sale Of Security": -1940000.0,
        "Depreciation Amortization Depletion Income Statement": 595000.0,
        "Depreciation And Amortization In Income Statement": 595000.0,
        "Amortization": 595000.0,
        "Amortization Of Intangibles Income Statement": 595000.0,
        "Selling General And Administration": 26215000.0,
        "Selling And Marketing Expense": 389000.0,
        "General And Administrative Expense": 25826000.0,
        "Insurance And Claims": 818000.0,
        "Salaries And Wages": 25008000.0,
        "Total Revenue": 61889000.0,
        "Operating Revenue": 61889000.0
    },
    "2023-12-31": {
        "Tax Effect Of Unusual Items": 0.0,
        "Tax Rate For Calcs": 0.052303,
        "Total Unusual Items": 0.0,
        "Total Unusual Items Excluding Goodwill": 0.0,
        "Net Income From Continuing Operation Net Minority Interest": 6233000.0,
        "Reconciled Depreciation": 1393000.0,
        "Net Interest Income": 53871000.0,
        "Interest Expense": 20391000.0,
        "Interest Income": 74262000.0,
        "Normalized Income": 6233000.0,
        "Net Income From Continuing And Discontinued Operation": 6233000.0,
        "Diluted Average Shares": 35084635.0,
        "Basic Average Shares": 34902029.0,
        "Diluted EPS": 0.18,
        "Basic EPS": 0.18,
        "Diluted NI Availto Com Stockholders": 6233000.0,
        "Net Income Common Stockholders": 6233000.0,
        "Net Income": 6233000.0,
        "Net Income Including Noncontrolling Interests": 6233000.0,
        "Net Income Continuous Operations": 6233000.0,
        "Tax Provision": 344000.0,
        "Pretax Income": 6577000.0,
        "Gain On Sale Of Security": -10005000.0,
        "Depreciation Amortization Depletion Income Statement": 593000.0,
        "Depreciation And Amortization In Income Statement": 593000.0,
        "Amortization": 593000.0,
        "Amortization Of Intangibles Income Statement": 593000.0,
        "Selling General And Administration": 26303000.0,
        "Selling And Marketing Expense": 698000.0,
        "General And Administrative Expense": 25605000.0,
        "Insurance And Claims": 847000.0,
        "Salaries And Wages": 24758000.0,
        "Total Revenue": 50724000.0,
        "Operating Revenue": 50724000.0
    }
}