{
    "2023-03-31": {
        "Tax Effect Of Unusual Items": NaN,
        "Tax Rate For Calcs": NaN,
        "Total Unusual Items": NaN,
        "Total Unusual Items Excluding Goodwill": NaN,
        "Net Income From Continuing Operation Net Minority Interest": NaN,
        "Reconciled Depreciation": NaN,
        "Net Interest Income": NaN,
        "Normalized Income": NaN,
        "Net Income From Continuing And Discontinued Operation": NaN,
        "Total Expenses": NaN,
        "Diluted Average Shares": 83227000.0,
        "Basic Average Shares": 83227000.0,
        "Diluted EPS": -0.03,
        "Basic EPS": -0.03,
        "Diluted NI Availto Com Stockholders": NaN,
        "Average Dilution Earnings": NaN,
        "Net Income Common Stockholders": NaN,
        "Otherunder Preferred Stock Dividend": NaN,
        "Preferred Stock Dividends": NaN,
        "Net Income": NaN,
        "Minority Interests": NaN,
        "Net Income Including Noncontrolling Interests": NaN,
        "Net Income Continuous Operations": NaN,
        "Earnings From Equity Interest Net Of Tax": 0.0,
        "Tax Provision": NaN,
        "Pretax Income": NaN,
        "Other Income Expense": NaN,
        "Special Income Charges": NaN,
        "Other Special Charges": NaN,
        "Restructuring And Mergern Acquisition": NaN,
        "Net Non Operating Interest Income Expense": NaN,
        "Depreciation And Amortization In Income Statement": NaN,
        "Selling General And Administration": NaN,
        "Selling And Marketing Expense": NaN,
        "General And Administrative Expense": NaN,
        "Other Gand A": NaN,
        "Salaries And Wages": NaN,
        "Total Revenue": NaN,
        "Operating Revenue": NaN,
        "Loss Adjustment Expense": NaN,
        "Net Policyholder Benefits And Claims": NaN,
        "Policyholder Benefits Gross": 48412000.0,
        "Policyholder Benefits Ceded": 0.0
    },
    "2022-12-31": {
        "Tax Effect Of Unusual Items": NaN,
        "Tax Rate For Calcs": NaN,
        "Total Unusual Items": NaN,
        "Total Unusual Items Excluding Goodwill": NaN,
        "Net Income From Continuing Operation Net Minority Interest": NaN,
        "Reconciled Depreciation": NaN,
        "Net Interest Income": NaN,
        "Normalized Income": NaN,
        "Net Income From Continuing And Discontinued Operation": NaN,
        "Total Expenses": NaN,
        "Diluted Average Shares": NaN,
        "Basic Average Shares": NaN,
        "Diluted EPS": NaN,
        "Basic EPS": NaN,
        "Diluted NI Availto Com Stockholders": NaN,
        "Average Dilution Earnings": NaN,
        "Net Income Common Stockholders": NaN,
        "Otherunder Preferred Stock Dividend": NaN,
        "Preferred Stock Dividends": NaN,
        "Net Income": NaN,
        "Minority Interests": NaN,
        "Net Income Including Noncontrolling Interests": NaN,
        "Net Income Continuous Operations": NaN,
        "Earnings From Equity Interest Net Of Tax": 0.0,
        "Tax Provision": NaN,
        "Pretax Income": NaN,
        "Other Income Expense": NaN,
        "Special Income Charges": NaN,
        "Other Special Charges": NaN,
        "Restructuring And Mergern Acquisition": NaN,
        "Net Non Operating Interest Income Expense": NaN,
        "Depreciation And Amortization In Income Statement": NaN,
        "Selling General And Administration": NaN,
        "Selling And Marketing Expense": NaN,
        "General And Administrative Expense": NaN,
        "Other Gand A": NaN,
        "Salaries And Wages": NaN,
        "Total Revenue": NaN,
        "Operating Revenue": NaN,
        "Loss Adjustment Expense": NaN,
        "Net Policyholder Benefits And Claims": NaN,
        "Policyholder Benefits Gross": NaN,
        "Policyholder Benefits Ceded": NaN
    },
    "2022-09-30": {
        "Tax Effect Of Unusual Items": NaN,
        "Tax Rate For Calcs": NaN,
        "Total Unusual Items": NaN,
        "Total Unusual Items Excluding Goodwill": NaN,
        "Net Income From Continuing Operation Net Minority Interest": NaN,
        "Reconciled Depreciation": NaN,
        "Net Interest Income": NaN,
        "Normalized Income": NaN,
        "Net Income From Continuing And Discontinued Operation": NaN,
        "Total Expenses": NaN,
        "Diluted Average Shares": 336768000.0,
        "Basic Average Shares": 82816000.0,
        "Diluted EPS": 0.07,
        "Basic EPS": 0.18,
        "Diluted NI Availto Com Stockholders": NaN,
        "Average Dilution Earnings": NaN,
        "Net Income Common Stockholders": NaN,
        "Otherunder Preferred Stock Dividend": NaN,
        "Preferred Stock Dividends": NaN,
        "Net Income": NaN,
        "Minority Interests": NaN,
        "Net Income Including Noncontrolling Interests": NaN,
        "Net Income Continuous Operations": NaN,
        "Earnings From Equity Interest Net Of Tax": NaN,
        "Tax Provision": NaN,
        "Pretax Income": NaN,
        "Other Income Expense": NaN,
        "Special Income Charges": NaN,
        "Other Special Charges": NaN,
        "Restructuring And Mergern Acquisition": NaN,
        "Net Non Operating Interest Income Expense": NaN,
        "Depreciation And Amortization In Income Statement": NaN,
        "Selling General And Administration": NaN,
        "Selling And Marketing Expense": NaN,
        "General And Administrative Expense": NaN,
        "Other Gand A": NaN,
        "Salaries And Wages": NaN,
        "Total Revenue": NaN,
        "Operating Revenue": NaN
    },
    "2022-06-30": {
        "Tax Effect Of Unusual Items": 0.0,
        "Tax Rate For Calcs": 0.4,
        "Total Unusual Items": NaN,
        "Total Unusual Items Excluding Goodwill": NaN,
        "Net Income From Continuing Operation Net Minority Interest": -5536000.0,
        "Reconciled Depreciation": 8300000.0,
        "Net Interest Income": -353000.0,
        "Normalized Income": -5536000.0,
        "Net Income From Continuing And Discontinued Operation": -5536000.0,
        "Total Expenses": 203983000.0,
        "Diluted Average Shares": 82452000.0,
        "Basic Average Shares": 82452000.0,
        "Diluted EPS": -0.07,
        "Basic EPS": -0.07,
        "Diluted NI Availto Com Stockholders": -5536000.0,
        "Average Dilution Earnings": NaN,
        "Net Income Common Stockholders": -5536000.0,
        "Net Income": -5536000.0,
        "Minority Interests": 7000.0,
        "Net Income Including Noncontrolling Interests": -5543000.0,
        "Net Income Continuous Operations": -5543000.0,
        "Earnings From Equity Interest Net Of Tax": -39000.0,
        "Tax Provision": 2138000.0,
        "Pretax Income": -3366000.0,
        "Other Income Expense": 16411000.0,
        "Special Income Charges": NaN,
        "Restructuring And Mergern Acquisition": NaN,
        "Net Non Operating Interest Income Expense": -353000.0,
        "Depreciation And Amortization In Income Statement": 8300000.0,
        "Selling General And Administration": 111455000.0,
        "Selling And Marketing Expense": 37455000.0,
        "General And Administrative Expense": 74000000.0,
        "Other Gand A": 20729000.0,
        "Salaries And Wages": 53271000.0,
        "Total Revenue": 200617000.0,
        "Operating Revenue": 200617000.0
    },
    "2022-03-31": {
        "Diluted EPS": -0.01,
        "Total Revenue": 168,
        "Gross Profit": 168,
        "Operating Income": -13,
        "EBIT": -6,
        "Net Income": 28
    },
    "2021-12-31": {
        "Diluted EPS": -53.65,
        "Total Revenue": 154,
        "Gross Profit": 154,
        "Operating Income": -21,
        "EBIT": -14,
        "Net Income": -52
    },
    "2021-09-30": {
        "Diluted EPS": -4.79,
        "Total Revenue": 168,
        "Gross Profit": 168,
        "Operating Income": 2,
        "EBIT": 8,
        "Net Income": 0
    },
    "2021-06-30": {
        "Diluted EPS": 125.94,
        "Total Revenue": 167,
        "Gross Profit": 167,
        "Operating Income": 14,
        "EBIT": 19,
        "Net Income": 13
    },
    "2021-03-31": {
        "Diluted EPS": -68.06,
        "Total Revenue": 129,
        "Gross Profit": 129,
        "Operating Income": -5,
        "EBIT": -1,
        "Net Income": -7
    },
    "2020-12-31": {
        "Diluted EPS": 0.0,
        "Total Revenue": NaN,
        "Gross Profit": NaN,
        "Operating Income": NaN,
        "EBIT": NaN,
        "Net Income": NaN
    },
    "2023-06-30": {
        "Tax Effect Of Unusual Items": -551495.666615,
        "Tax Rate For Calcs": 0.193575,
        "Total Unusual Items": -2849000.0,
        "Total Unusual Items Excluding Goodwill": -2849000.0,
        "Net Income From Continuing Operation Net Minority Interest": 2405000.0,
        "Reconciled Depreciation": 10397000.0,
        "Net Interest Income": 3770000.0,
        "Normalized Income": 4702504.333385,
        "Net Income From Continuing And Discontinued Operation": 2405000.0,
        "Total Expenses": 240221000.0,
        "Diluted Average Shares": 85563000.0,
        "Basic Average Shares": 84371000.0,
        "Diluted EPS": 0.03,
        "Basic EPS": 0.03,
        "Diluted NI Availto Com Stockholders": 2405000.0,
        "Average Dilution Earnings": 17000.0,
        "Net Income Common Stockholders": 2388000.0,
        "Otherunder Preferred Stock Dividend": 17000.0,
        "Preferred Stock Dividends": NaN,
        "Net Income": 2405000.0,
        "Minority Interests": -13134000.0,
        "Net Income Including Noncontrolling Interests": 15539000.0,
        "Net Income Continuous Operations": 15539000.0,
        "Earnings From Equity Interest Net Of Tax": 0.0,
        "Tax Provision": 3730000.0,
        "Pretax Income": 19269000.0,
        "Other Income Expense": 23575000.0,
        "Special Income Charges": -2849000.0,
        "Other Special Charges": NaN,
        "Restructuring And Mergern Acquisition": 2849000.0,
        "Net Non Operating Interest Income Expense": 3770000.0,
        "Depreciation And Amortization In Income Statement": 10397000.0,
        "Selling General And Administration": 116831000.0,
        "Selling And Marketing Expense": 41941000.0,
        "General And Administrative Expense": 74890000.0,
        "Other Gand A": 21318000.0,
        "Salaries And Wages": 53572000.0,
        "Total Revenue": 259490000.0,
        "Operating Revenue": 259490000.0,
        "Loss Adjustment Expense": 53564000.0,
        "Net Policyholder Benefits And Claims": 53564000.0,
        "Policyholder Benefits Gross": 53365000.0,
        "Policyholder Benefits Ceded": -199000.0
    },
    "2023-09-30": {
        "Tax Effect Of Unusual Items": -908827.657468,
        "Tax Rate For Calcs": 0.198218,
        "Total Unusual Items": -4585000.0,
        "Total Unusual Items Excluding Goodwill": -4585000.0,
        "Net Income From Continuing Operation Net Minority Interest": 5354000.0,
        "Reconciled Depreciation": 10753000.0,
        "Net Interest Income": 6260000.0,
        "Normalized Income": 9030172.342532,
        "Net Income From Continuing And Discontinued Operation": 5354000.0,
        "Total Expenses": 253197000.0,
        "Diluted Average Shares": 84479000.0,
        "Basic Average Shares": 84479000.0,
        "Diluted EPS": 0.04,
        "Basic EPS": 0.04,
        "Diluted NI Availto Com Stockholders": 3255000.0,
        "Average Dilution Earnings": 0.0,
        "Net Income Common Stockholders": 3255000.0,
        "Otherunder Preferred Stock Dividend": 2099000.0,
        "Preferred Stock Dividends": 261000.0,
        "Net Income": 5354000.0,
        "Minority Interests": -13269000.0,
        "Net Income Including Noncontrolling Interests": 18623000.0,
        "Net Income Continuous Operations": 18623000.0,
        "Earnings From Equity Interest Net Of Tax": 0.0,
        "Tax Provision": 4604000.0,
        "Pretax Income": 23227000.0,
        "Other Income Expense": 32616000.0,
        "Special Income Charges": -4585000.0,
        "Other Special Charges": 4112000.0,
        "Restructuring And Mergern Acquisition": 473000.0,
        "Net Non Operating Interest Income Expense": 6260000.0,
        "Depreciation And Amortization In Income Statement": 10753000.0,
        "Selling General And Administration": 121221000.0,
        "Selling And Marketing Expense": 47737000.0,
        "General And Administrative Expense": 73484000.0,
        "Other Gand A": 22166000.0,
        "Salaries And Wages": 51318000.0,
        "Total Revenue": 276424000.0,
        "Operating Revenue": 276424000.0,
        "Loss Adjustment Expense": 57485000.0,
        "Net Policyholder Benefits And Claims": 57485000.0,
        "Policyholder Benefits Gross": NaN,
        "Policyholder Benefits Ceded": NaN
    },
    "2023-12-31": {
        "Tax Effect Of Unusual Items": 48492.921587,
        "Tax Rate For Calcs": 0.336756,
        "Total Unusual Items": 144000.0,
        "Total Unusual Items Excluding Goodwill": 144000.0,
        "Net Income From Continuing Operation Net Minority Interest": 14571000.0,
        "Reconciled Depreciation": 10916000.0,
        "Net Interest Income": 7144000.0,
        "Normalized Income": 14475492.921587,
        "Net Income From Continuing And Discontinued Operation": 14571000.0,
        "Total Expenses": 244372000.0,
        "Diluted Average Shares": NaN,
        "Basic Average Shares": NaN,
        "Diluted EPS": NaN,
        "Basic EPS": NaN,
        "Diluted NI Availto Com Stockholders": 28057000.0,
        "Average Dilution Earnings": 15888000.0,
        "Net Income Common Stockholders": 12169000.0,
        "Otherunder Preferred Stock Dividend": 2402000.0,
        "Preferred Stock Dividends": 563000.0,
        "Net Income": 14571000.0,
        "Minority Interests": 5529000.0,
        "Net Income Including Noncontrolling Interests": 9042000.0,
        "Net Income Continuous Operations": 9042000.0,
        "Earnings From Equity Interest Net Of Tax": 0.0,
        "Tax Provision": 4591000.0,
        "Pretax Income": 13633000.0,
        "Other Income Expense": 20135000.0,
        "Special Income Charges": 144000.0,
        "Other Special Charges": -99000.0,
        "Restructuring And Mergern Acquisition": -45000.0,
        "Net Non Operating Interest Income Expense": 7144000.0,
        "Depreciation And Amortization In Income Statement": 10916000.0,
        "Selling General And Administration": 108930000.0,
        "Selling And Marketing Expense": 31587000.0,
        "General And Administrative Expense": 77343000.0,
        "Other Gand A": 20569000.0,
        "Salaries And Wages": 56774000.0,
        "Total Revenue": 258005000.0,
        "Operating Revenue": 258005000.0,
        "Loss Adjustment Expense": 61197000.0,
        "Net Policyholder Benefits And Claims": 61197000.0,
        "Policyholder Benefits Gross": NaN,
        "Policyholder Benefits Ceded": NaN
    },
    "2024-03-31": {
        "Tax Effect Of Unusual Items": 0.0,
        "Tax Rate For Calcs": 0.384829,
        "Total Unusual Items": 0.0,
        "Total Unusual Items Excluding Goodwill": 0.0,
        "Net Income From Continuing Operation Net Minority Interest": -1351000.0,
        "Reconciled Depreciation": 10560000.0,
        "Net Interest Income": 7244000.0,
        "Normalized Income": -1351000.0,
        "Net Income From Continuing And Discontinued Operation": -1351000.0,
        "Total Expenses": 252240000.0,
        "Diluted Average Shares": 84656000.0,
        "Basic Average Shares": 84656000.0,
        "Diluted EPS": -0.04,
        "Basic EPS": -0.04,
        "Diluted NI Availto Com Stockholders": -3189000.0,
        "Average Dilution Earnings": 0.0,
        "Net Income Common Stockholders": -3189000.0,
        "Otherunder Preferred Stock Dividend": 1838000.0,
        "Preferred Stock Dividends": NaN,
        "Net Income": -1351000.0,
        "Minority Interests": -9550000.0,
        "Net Income Including Noncontrolling Interests": 8199000.0,
        "Net Income Continuous Operations": 8199000.0,
        "Earnings From Equity Interest Net Of Tax": NaN,
        "Tax Provision": 5129000.0,
        "Pretax Income": 13328000.0,
        "Other Income Expense": 31249000.0,
        "Special Income Charges": 0.0,
        "Other Special Charges": NaN,
        "Restructuring And Mergern Acquisition": 0.0,
        "Net Non Operating Interest Income Expense": 7244000.0,
        "Depreciation And Amortization In Income Statement": 10560000.0,
        "Selling General And Administration": 115638000.0,
        "Selling And Marketing Expense": 39660000.0,
        "General And Administrative Expense": 75978000.0,
        "Other Gand A": 19862000.0,
        "Salaries And Wages": 56116000.0,
        "Total Revenue": 265568000.0,
        "Operating Revenue": 265568000.0,
        "Loss Adjustment Expense": 62356000.0,
        "Net Policyholder Benefits And Claims": 62356000.0,
        "Policyholder Benefits Gross": 67742000.0,
        "Policyholder Benefits Ceded": 5386000.0
    },
    "2024-06-30": {
        "Tax Effect Of Unusual Items": 10430.737806,
        "Tax Rate For Calcs": 0.119894,
        "Total Unusual Items": 87000.0,
        "Total Unusual Items Excluding Goodwill": 87000.0,
        "Net Income From Continuing Operation Net Minority Interest": 10378000.0,
        "Reconciled Depreciation": 10014000.0,
        "Net Interest Income": 12342000.0,
        "Normalized Income": 10301430.737806,
        "Net Income From Continuing And Discontinued Operation": 10378000.0,
        "Total Expenses": 262816000.0,
        "Diluted Average Shares": 85687000.0,
        "Basic Average Shares": 85687000.0,
        "Diluted EPS": 0.09,
        "Basic EPS": 0.09,
        "Diluted NI Availto Com Stockholders": 7912000.0,
        "Average Dilution Earnings": 0.0,
        "Net Income Common Stockholders": 7912000.0,
        "Otherunder Preferred Stock Dividend": 2466000.0,
        "Preferred Stock Dividends": NaN,
        "Net Income": 10378000.0,
        "Minority Interests": -32279000.0,
        "Net Income Including Noncontrolling Interests": 42657000.0,
        "Net Income Continuous Operations": 42657000.0,
        "Earnings From Equity Interest Net Of Tax": NaN,
        "Tax Provision": 5811000.0,
        "Pretax Income": 48468000.0,
        "Other Income Expense": 26797000.0,
        "Special Income Charges": 87000.0,
        "Other Special Charges": -87000.0,
        "Restructuring And Mergern Acquisition": 0.0,
        "Net Non Operating Interest Income Expense": 12342000.0,
        "Depreciation And Amortization In Income Statement": 10014000.0,
        "Selling General And Administration": 127056000.0,
        "Selling And Marketing Expense": 47990000.0,
        "General And Administrative Expense": 79066000.0,
        "Other Gand A": 21373000.0,
        "Salaries And Wages": 57693000.0,
        "Total Revenue": 311284000.0,
        "Operating Revenue": 311284000.0,
        "Loss Adjustment Expense": 64729000.0,
        "Net Policyholder Benefits And Claims": 64729000.0,
        "Policyholder Benefits Gross": 66394000.0,
        "Policyholder Benefits Ceded": 1665000.0
    }
}