{
    "2023-03-31": {
        "Tax Effect Of Unusual Items": -3230000.0,
        "Tax Rate For Calcs": 0.19,
        "Normalized EBITDA": 202000000.0,
        "Total Unusual Items": -17000000.0,
        "Total Unusual Items Excluding Goodwill": -17000000.0,
        "Net Income From Continuing Operation Net Minority Interest": 73000000.0,
        "Reconciled Depreciation": 51000000.0,
        "Reconciled Cost Of Revenue": 664000000.0,
        "EBITDA": 185000000.0,
        "EBIT": 134000000.0,
        "Net Interest Income": -44000000.0,
        "Interest Expense": 44000000.0,
        "Normalized Income": 86770000.0,
        "Net Income From Continuing And Discontinued Operation": 73000000.0,
        "Total Expenses": 787000000.0,
        "Rent Expense Supplemental": NaN,
        "Diluted Average Shares": 114000000.0,
        "Basic Average Shares": 113000000.0,
        "Diluted EPS": 0.64,
        "Basic EPS": 0.65,
        "Diluted NI Availto Com Stockholders": 73000000.0,
        "Net Income Common Stockholders": 73000000.0,
        "Net Income": 73000000.0,
        "Net Income Including Noncontrolling Interests": 73000000.0,
        "Net Income Continuous Operations": 73000000.0,
        "Tax Provision": 17000000.0,
        "Pretax Income": 90000000.0,
        "Other Income Expense": -13000000.0,
        "Other Non Operating Income Expenses": 1000000.0,
        "Special Income Charges": -17000000.0,
        "Write Off": 0.0,
        "Restructuring And Mergern Acquisition": 17000000.0,
        "Earnings From Equity Interest": 3000000.0,
        "Net Non Operating Interest Income Expense": -44000000.0,
        "Interest Expense Non Operating": 44000000.0,
        "Operating Income": 147000000.0,
        "Operating Expense": 123000000.0,
        "Other Operating Expenses": 30000000.0,
        "Depreciation Amortization Depletion Income Statement": 51000000.0,
        "Depreciation And Amortization In Income Statement": 51000000.0,
        "Selling General And Administration": 72000000.0,
        "Selling And Marketing Expense": NaN,
        "General And Administrative Expense": 72000000.0,
        "Other Gand A": 72000000.0,
        "Gross Profit": 270000000.0,
        "Cost Of Revenue": 664000000.0,
        "Total Revenue": 934000000.0,
        "Operating Revenue": 839000000.0
    },
    "2022-12-31": {
        "Tax Effect Of Unusual Items": -5326086.956522,
        "Tax Rate For Calcs": 0.152174,
        "Normalized EBITDA": 227000000.0,
        "Total Unusual Items": -35000000.0,
        "Total Unusual Items Excluding Goodwill": -35000000.0,
        "Net Income From Continuing Operation Net Minority Interest": 78000000.0,
        "Reconciled Depreciation": 63000000.0,
        "Reconciled Cost Of Revenue": 1528000000.0,
        "EBITDA": 192000000.0,
        "EBIT": 129000000.0,
        "Net Interest Income": -37000000.0,
        "Interest Expense": 37000000.0,
        "Normalized Income": 107673913.043478,
        "Net Income From Continuing And Discontinued Operation": 78000000.0,
        "Total Expenses": 830000000.0,
        "Rent Expense Supplemental": NaN,
        "Diluted Average Shares": 116417910.0,
        "Basic Average Shares": 114705882.0,
        "Diluted EPS": 0.67,
        "Basic EPS": 0.68,
        "Diluted NI Availto Com Stockholders": 78000000.0,
        "Net Income Common Stockholders": 78000000.0,
        "Net Income": 78000000.0,
        "Net Income Including Noncontrolling Interests": 78000000.0,
        "Net Income Continuous Operations": 78000000.0,
        "Tax Provision": 14000000.0,
        "Pretax Income": 92000000.0,
        "Other Income Expense": -33000000.0,
        "Other Non Operating Income Expenses": -2000000.0,
        "Special Income Charges": -35000000.0,
        "Write Off": 17000000.0,
        "Restructuring And Mergern Acquisition": 18000000.0,
        "Earnings From Equity Interest": 4000000.0,
        "Net Non Operating Interest Income Expense": -37000000.0,
        "Interest Expense Non Operating": 37000000.0,
        "Operating Income": 162000000.0,
        "Operating Expense": -698000000.0,
        "Other Operating Expenses": 34000000.0,
        "Depreciation Amortization Depletion Income Statement": 63000000.0,
        "Depreciation And Amortization In Income Statement": 63000000.0,
        "Selling General And Administration": -761000000.0,
        "Selling And Marketing Expense": NaN,
        "General And Administrative Expense": 88000000.0,
        "Other Gand A": 88000000.0,
        "Gross Profit": -536000000.0,
        "Cost Of Revenue": 1528000000.0,
        "Total Revenue": 992000000.0,
        "Operating Revenue": 910000000.0
    },
    "2022-09-30": {
        "Tax Effect Of Unusual Items": -5029411.764706,
        "Tax Rate For Calcs": 0.264706,
        "Normalized EBITDA": 317000000.0,
        "Total Unusual Items": -19000000.0,
        "Total Unusual Items Excluding Goodwill": -19000000.0,
        "Net Income From Continuing Operation Net Minority Interest": 150000000.0,
        "Reconciled Depreciation": 57000000.0,
        "Reconciled Cost Of Revenue": 398000000.0,
        "EBITDA": 298000000.0,
        "EBIT": 241000000.0,
        "Net Interest Income": -37000000.0,
        "Interest Expense": 37000000.0,
        "Interest Income": 61000000.0,
        "Normalized Income": 163970588.235294,
        "Net Income From Continuing And Discontinued Operation": 150000000.0,
        "Total Expenses": 860000000.0,
        "Rent Expense Supplemental": 144000000.0,
        "Diluted Average Shares": 121100000.0,
        "Basic Average Shares": 119600000.0,
        "Diluted EPS": 1.24,
        "Basic EPS": 1.25,
        "Diluted NI Availto Com Stockholders": 150000000.0,
        "Net Income Common Stockholders": 150000000.0,
        "Net Income": 150000000.0,
        "Net Income Including Noncontrolling Interests": 150000000.0,
        "Net Income Continuous Operations": 150000000.0,
        "Tax Provision": 54000000.0,
        "Pretax Income": 204000000.0,
        "Other Income Expense": -15000000.0,
        "Other Non Operating Income Expenses": 2000000.0,
        "Special Income Charges": -19000000.0,
        "Write Off": 0.0,
        "Restructuring And Mergern Acquisition": 19000000.0,
        "Earnings From Equity Interest": 2000000.0,
        "Net Non Operating Interest Income Expense": -37000000.0,
        "Total Other Finance Cost": -7000000.0,
        "Interest Expense Non Operating": 37000000.0,
        "Interest Income Non Operating": 61000000.0,
        "Operating Income": 256000000.0,
        "Operating Expense": 462000000.0,
        "Other Operating Expenses": 33000000.0,
        "Depreciation Amortization Depletion Income Statement": 57000000.0,
        "Depreciation And Amortization In Income Statement": 57000000.0,
        "Selling General And Administration": 405000000.0,
        "Selling And Marketing Expense": 322000000.0,
        "General And Administrative Expense": 83000000.0,
        "Other Gand A": 83000000.0,
        "Gross Profit": 718000000.0,
        "Cost Of Revenue": 398000000.0,
        "Total Revenue": 1116000000.0,
        "Operating Revenue": 1034000000.0
    },
    "2022-06-30": {
        "Tax Effect Of Unusual Items": -5035087.719298,
        "Tax Rate For Calcs": 0.359649,
        "Normalized EBITDA": 227000000.0,
        "Total Unusual Items": -14000000.0,
        "Total Unusual Items Excluding Goodwill": -14000000.0,
        "Net Income From Continuing Operation Net Minority Interest": 73000000.0,
        "Reconciled Depreciation": 64000000.0,
        "Reconciled Cost Of Revenue": 625000000.0,
        "EBITDA": 213000000.0,
        "EBIT": 149000000.0,
        "Net Interest Income": -35000000.0,
        "Interest Expense": 35000000.0,
        "Interest Income": NaN,
        "Normalized Income": 81964912.280702,
        "Net Income From Continuing And Discontinued Operation": 73000000.0,
        "Total Expenses": 787000000.0,
        "Rent Expense Supplemental": NaN,
        "Diluted Average Shares": 122000000.0,
        "Basic Average Shares": 121000000.0,
        "Diluted EPS": 0.6,
        "Basic EPS": 0.6,
        "Diluted NI Availto Com Stockholders": 73000000.0,
        "Net Income Common Stockholders": 73000000.0,
        "Net Income": 73000000.0,
        "Net Income Including Noncontrolling Interests": 73000000.0,
        "Net Income Continuous Operations": 73000000.0,
        "Tax Provision": 41000000.0,
        "Pretax Income": 114000000.0,
        "Other Income Expense": -12000000.0,
        "Other Non Operating Income Expenses": -2000000.0,
        "Special Income Charges": -14000000.0,
        "Write Off": -3000000.0,
        "Restructuring And Mergern Acquisition": 17000000.0,
        "Earnings From Equity Interest": 4000000.0,
        "Net Non Operating Interest Income Expense": -35000000.0,
        "Total Other Finance Cost": NaN,
        "Interest Expense Non Operating": 35000000.0,
        "Interest Income Non Operating": NaN,
        "Operating Income": 161000000.0,
        "Operating Expense": 162000000.0,
        "Other Operating Expenses": NaN,
        "Depreciation Amortization Depletion Income Statement": 64000000.0,
        "Depreciation And Amortization In Income Statement": 64000000.0,
        "Selling General And Administration": 98000000.0,
        "Selling And Marketing Expense": NaN,
        "General And Administrative Expense": 98000000.0,
        "Other Gand A": 98000000.0,
        "Gross Profit": 323000000.0,
        "Cost Of Revenue": 625000000.0,
        "Total Revenue": 948000000.0,
        "Operating Revenue": 881000000.0
    },
    "2023-06-30": {
        "Tax Effect Of Unusual Items": -4869565.217391,
        "Tax Rate For Calcs": 0.304348,
        "Normalized EBITDA": 227000000.0,
        "Total Unusual Items": -16000000.0,
        "Total Unusual Items Excluding Goodwill": -16000000.0,
        "Net Income From Continuing Operation Net Minority Interest": 80000000.0,
        "Reconciled Depreciation": 52000000.0,
        "Reconciled Cost Of Revenue": 367000000.0,
        "EBITDA": 211000000.0,
        "EBIT": 159000000.0,
        "Net Interest Income": -44000000.0,
        "Interest Expense": 44000000.0,
        "Normalized Income": 91130434.782609,
        "Net Income From Continuing And Discontinued Operation": 80000000.0,
        "Total Expenses": 837000000.0,
        "Rent Expense Supplemental": NaN,
        "Diluted Average Shares": 112000000.0,
        "Basic Average Shares": 111000000.0,
        "Diluted EPS": 0.71,
        "Basic EPS": 0.72,
        "Diluted NI Availto Com Stockholders": 80000000.0,
        "Net Income Common Stockholders": 80000000.0,
        "Net Income": 80000000.0,
        "Net Income Including Noncontrolling Interests": 80000000.0,
        "Net Income Continuous Operations": 80000000.0,
        "Tax Provision": 35000000.0,
        "Pretax Income": 115000000.0,
        "Other Income Expense": -11000000.0,
        "Other Non Operating Income Expenses": 3000000.0,
        "Special Income Charges": -16000000.0,
        "Write Off": 3000000.0,
        "Restructuring And Mergern Acquisition": 13000000.0,
        "Earnings From Equity Interest": 2000000.0,
        "Net Non Operating Interest Income Expense": -44000000.0,
        "Interest Expense Non Operating": 44000000.0,
        "Operating Income": 170000000.0,
        "Operating Expense": 470000000.0,
        "Other Operating Expenses": 34000000.0,
        "Depreciation Amortization Depletion Income Statement": 52000000.0,
        "Depreciation And Amortization In Income Statement": 52000000.0,
        "Selling General And Administration": 384000000.0,
        "Selling And Marketing Expense": 336000000.0,
        "General And Administrative Expense": 48000000.0,
        "Other Gand A": 48000000.0,
        "Gross Profit": 640000000.0,
        "Cost Of Revenue": 367000000.0,
        "Total Revenue": 1007000000.0,
        "Operating Revenue": 910000000.0
    },
    "2022-03-31": {
        "Diluted EPS": 0.42,
        "Total Revenue": 779,
        "Gross Profit": 243,
        "Operating Income": 100,
        "EBIT": 172,
        "Net Income": 51
    },
    "2021-12-31": {
        "Diluted EPS": 0.83,
        "Total Revenue": 838,
        "Gross Profit": 218,
        "Operating Income": 154,
        "EBIT": 229,
        "Net Income": 75
    },
    "2021-09-30": {
        "Diluted EPS": 0.9,
        "Total Revenue": 928,
        "Gross Profit": 435,
        "Operating Income": 209,
        "EBIT": 266,
        "Net Income": 99
    },
    "2021-06-30": {
        "Diluted EPS": 0.1,
        "Total Revenue": 334,
        "Gross Profit": 139,
        "Operating Income": 26,
        "EBIT": 42,
        "Net Income": 9
    },
    "2021-03-31": {
        "Diluted EPS": -0.08,
        "Total Revenue": 235,
        "Gross Profit": 63,
        "Operating Income": 1,
        "EBIT": 18,
        "Net Income": -7
    },
    "2020-12-31": {
        "Diluted EPS": -1.81,
        "Total Revenue": 212,
        "Gross Profit": 44,
        "Operating Income": -215,
        "EBIT": -199,
        "Net Income": -154
    },
    "2020-09-30": {
        "Diluted EPS": -0.08,
        "Total Revenue": 208,
        "Gross Profit": 42,
        "Operating Income": -2,
        "EBIT": 13,
        "Net Income": -7
    },
    "2020-06-30": {
        "Diluted EPS": -0.56,
        "Total Revenue": 123,
        "Gross Profit": -3,
        "Operating Income": -42,
        "EBIT": -26,
        "Net Income": -48
    },
    "2020-03-31": {
        "Diluted EPS": 0.09,
        "Total Revenue": 351,
        "Gross Profit": 69,
        "Operating Income": 14,
        "EBIT": 30,
        "Net Income": 8
    },
    "2019-12-31": {
        "Diluted EPS": 0.82,
        "Total Revenue": 468,
        "Gross Profit": 153,
        "Operating Income": 84,
        "EBIT": 101,
        "Net Income": 72
    },
    "2019-09-30": {
        "Diluted EPS": 0.59,
        "Total Revenue": 466,
        "Gross Profit": 150,
        "Operating Income": 82,
        "EBIT": 98,
        "Net Income": 50
    },
    "2019-06-30": {
        "Diluted EPS": 0.43,
        "Total Revenue": 454,
        "Gross Profit": 132,
        "Operating Income": 64,
        "EBIT": 80,
        "Net Income": 39
    },
    "2019-03-31": {
        "Diluted EPS": 0.58,
        "Total Revenue": 450,
        "Gross Profit": 143,
        "Operating Income": 85,
        "EBIT": 97,
        "Net Income": 55
    },
    "2018-12-31": {
        "Diluted EPS": 1.23,
        "Total Revenue": 642,
        "Gross Profit": 238,
        "Operating Income": 169,
        "EBIT": 183,
        "Net Income": 120
    },
    "2018-09-30": {
        "Diluted EPS": 0.42,
        "Total Revenue": 427,
        "Gross Profit": 128,
        "Operating Income": 63,
        "EBIT": 73,
        "Net Income": 41
    },
    "2018-06-30": {
        "Diluted EPS": 1.1,
        "Total Revenue": 563,
        "Gross Profit": 218,
        "Operating Income": 155,
        "EBIT": 165,
        "Net Income": 107
    },
    "2018-03-31": {
        "Diluted EPS": 0.3,
        "Total Revenue": 367,
        "Gross Profit": 101,
        "Operating Income": 47,
        "EBIT": 56,
        "Net Income": 30
    },
    "2017-12-31": {
        "Diluted EPS": 1.83,
        "Total Revenue": 447,
        "Gross Profit": 146,
        "Operating Income": 87,
        "EBIT": 96,
        "Net Income": 183
    },
    "2017-09-30": {
        "Diluted EPS": 0.43,
        "Total Revenue": 426,
        "Gross Profit": 128,
        "Operating Income": 76,
        "EBIT": 84,
        "Net Income": 43
    },
    "2017-06-30": {
        "Diluted EPS": 0.51,
        "Total Revenue": 439,
        "Gross Profit": 150,
        "Operating Income": 91,
        "EBIT": 100,
        "Net Income": 51
    },
    "2017-03-31": {
        "Diluted EPS": 0.51,
        "Total Revenue": 399,
        "Gross Profit": 133,
        "Operating Income": 83,
        "EBIT": 91,
        "Net Income": 50
    },
    "2016-12-31": {
        "Diluted EPS": 0.39,
        "Total Revenue": 415,
        "Gross Profit": 133,
        "Operating Income": 76,
        "EBIT": 85,
        "Net Income": 38
    },
    "2016-09-30": {
        "Diluted EPS": 0.35,
        "Total Revenue": 407,
        "Gross Profit": 126,
        "Operating Income": 74,
        "EBIT": 81,
        "Net Income": 35
    },
    "2016-06-30": {
        "Diluted EPS": 0.48,
        "Total Revenue": 391,
        "Gross Profit": 134,
        "Operating Income": 87,
        "EBIT": 94,
        "Net Income": 47
    },
    "2016-03-31": {
        "Diluted EPS": 0.48,
        "Total Revenue": 370,
        "Gross Profit": 126,
        "Operating Income": 86,
        "EBIT": 92,
        "Net Income": 48
    },
    "2015-12-31": {
        "Diluted EPS": 0.0,
        "Total Revenue": NaN,
        "Gross Profit": NaN,
        "Operating Income": NaN,
        "EBIT": NaN,
        "Net Income": NaN
    },
    "2015-09-30": {
        "Diluted EPS": 0.0,
        "Total Revenue": NaN,
        "Gross Profit": NaN,
        "Operating Income": NaN,
        "EBIT": NaN,
        "Net Income": NaN
    },
    "2014-12-31": {
        "Diluted EPS": 0.0,
        "Total Revenue": NaN,
        "Gross Profit": NaN,
        "Operating Income": NaN,
        "EBIT": NaN,
        "Net Income": NaN
    },
    "2013-12-31": {
        "Diluted EPS": 0.0,
        "Total Revenue": NaN,
        "Gross Profit": NaN,
        "Operating Income": NaN,
        "EBIT": NaN,
        "Net Income": NaN
    },
    "2023-09-30": {
        "Tax Effect Of Unusual Items": -3882352.941176,
        "Tax Rate For Calcs": 0.323529,
        "Normalized EBITDA": 246000000.0,
        "Total Unusual Items": -12000000.0,
        "Total Unusual Items Excluding Goodwill": -12000000.0,
        "Net Income From Continuing Operation Net Minority Interest": 92000000.0,
        "Reconciled Depreciation": 53000000.0,
        "Reconciled Cost Of Revenue": 696000000.0,
        "EBITDA": 234000000.0,
        "EBIT": 181000000.0,
        "Net Interest Income": -45000000.0,
        "Interest Expense": 45000000.0,
        "Normalized Income": 100117647.058824,
        "Net Income From Continuing And Discontinued Operation": 92000000.0,
        "Total Expenses": 826000000.0,
        "Rent Expense Supplemental": 154000000.0,
        "Diluted Average Shares": 110900000.0,
        "Basic Average Shares": 109500000.0,
        "Diluted EPS": 0.83,
        "Basic EPS": 0.84,
        "Diluted NI Availto Com Stockholders": 92000000.0,
        "Net Income Common Stockholders": 92000000.0,
        "Net Income": 92000000.0,
        "Net Income Including Noncontrolling Interests": 92000000.0,
        "Net Income Continuous Operations": 92000000.0,
        "Tax Provision": 44000000.0,
        "Pretax Income": 136000000.0,
        "Other Income Expense": -11000000.0,
        "Other Non Operating Income Expenses": -1000000.0,
        "Special Income Charges": -12000000.0,
        "Write Off": 0.0,
        "Restructuring And Mergern Acquisition": 12000000.0,
        "Earnings From Equity Interest": 2000000.0,
        "Net Non Operating Interest Income Expense": -45000000.0,
        "Interest Expense Non Operating": 45000000.0,
        "Operating Income": 192000000.0,
        "Operating Expense": 130000000.0,
        "Other Operating Expenses": 37000000.0,
        "Depreciation Amortization Depletion Income Statement": 53000000.0,
        "Depreciation And Amortization In Income Statement": 53000000.0,
        "Selling General And Administration": 40000000.0,
        "Selling And Marketing Expense": 334000000.0,
        "General And Administrative Expense": 40000000.0,
        "Other Gand A": 40000000.0,
        "Gross Profit": 322000000.0,
        "Cost Of Revenue": 696000000.0,
        "Total Revenue": 1018000000.0,
        "Operating Revenue": 921000000.0
    }
}