{
    "2023-03-31": {
        "Tax Effect Of Unusual Items": 250690.0,
        "Tax Rate For Calcs": 0.053,
        "Normalized EBITDA": 61511000.0,
        "Total Unusual Items": 4730000.0,
        "Total Unusual Items Excluding Goodwill": 4730000.0,
        "Net Income From Continuing Operation Net Minority Interest": -22745000.0,
        "Reconciled Depreciation": 51908000.0,
        "Reconciled Cost Of Revenue": 114446000.0,
        "EBIT": 14232000.0,
        "Net Interest Income": -34045000.0,
        "Interest Expense": 38137000.0,
        "Interest Income": 4092000.0,
        "Normalized Income": -27224310.0,
        "Net Income From Continuing And Discontinued Operation": -22745000.0,
        "Total Expenses": 186077000.0,
        "Total Operating Income As Reported": 14942000.0,
        "Diluted Average Shares": 49455000.0,
        "Basic Average Shares": 49455000.0,
        "Diluted EPS": -0.46,
        "Basic EPS": -0.46,
        "Diluted NI Availto Com Stockholders": -22745000.0,
        "Net Income Common Stockholders": -22745000.0,
        "Net Income": -22745000.0,
        "Minority Interests": -118000.0,
        "Net Income Including Noncontrolling Interests": -22627000.0,
        "Net Income Continuous Operations": -22627000.0,
        "Tax Provision": -1278000.0,
        "Pretax Income": -23905000.0,
        "Other Income Expense": -72000.0,
        "Special Income Charges": 0.0,
        "Gain On Sale Of Ppe": 4730000.0,
        "Other Special Charges": NaN,
        "Write Off": NaN,
        "Earnings From Equity Interest": -4802000.0,
        "Gain On Sale Of Security": 4730000.0,
        "Net Non Operating Interest Income Expense": -34045000.0,
        "Interest Expense Non Operating": 38137000.0,
        "Interest Income Non Operating": 4092000.0,
        "Operating Income": 10212000.0,
        "Operating Expense": 71732000.0,
        "Other Operating Expenses": -1410000.0,
        "Provision For Doubtful Accounts": -2420000.0,
        "Depreciation Amortization Depletion Income Statement": 52009000.0,
        "Depreciation And Amortization In Income Statement": 52009000.0,
        "Selling General And Administration": 23553000.0,
        "General And Administrative Expense": 23553000.0,
        "Other Gand A": 23553000.0,
        "Gross Profit": 81944000.0,
        "Cost Of Revenue": 114345000.0,
        "Total Revenue": 196289000.0,
        "Operating Revenue": 177321000.0
    },
    "2022-12-31": {
        "Tax Effect Of Unusual Items": 6206036.562005,
        "Tax Rate For Calcs": 0.259265,
        "Normalized EBITDA": 131810000.0,
        "Total Unusual Items": 23937000.0,
        "Total Unusual Items Excluding Goodwill": 23937000.0,
        "Net Income From Continuing Operation Net Minority Interest": 52751000.0,
        "Reconciled Depreciation": 52777000.0,
        "Reconciled Cost Of Revenue": 293464000.0,
        "EBIT": 102970000.0,
        "Net Interest Income": -28383000.0,
        "Interest Expense": 30928000.0,
        "Interest Income": 2545000.0,
        "Normalized Income": 35020036.562005,
        "Net Income From Continuing And Discontinued Operation": 52751000.0,
        "Total Expenses": 371440000.0,
        "Total Operating Income As Reported": 136234000.0,
        "Diluted Average Shares": 49300000.0,
        "Basic Average Shares": 49300000.0,
        "Diluted EPS": 1.07,
        "Basic EPS": 1.07,
        "Diluted NI Availto Com Stockholders": 52751000.0,
        "Net Income Common Stockholders": 52751000.0,
        "Net Income": 52751000.0,
        "Minority Interests": -613000.0,
        "Net Income Including Noncontrolling Interests": 53364000.0,
        "Net Income Continuous Operations": 53364000.0,
        "Tax Provision": 18678000.0,
        "Pretax Income": 72042000.0,
        "Other Income Expense": -10140000.0,
        "Special Income Charges": 23937000.0,
        "Gain On Sale Of Ppe": 25669000.0,
        "Other Special Charges": 1732000.0,
        "Write Off": 0.0,
        "Earnings From Equity Interest": -34077000.0,
        "Gain On Sale Of Security": 25669000.0,
        "Net Non Operating Interest Income Expense": -28383000.0,
        "Interest Expense Non Operating": 30928000.0,
        "Interest Income Non Operating": 2545000.0,
        "Operating Income": 110565000.0,
        "Operating Expense": 77976000.0,
        "Other Operating Expenses": 4580000.0,
        "Provision For Doubtful Accounts": -279000.0,
        "Depreciation Amortization Depletion Income Statement": 52777000.0,
        "Depreciation And Amortization In Income Statement": 52777000.0,
        "Selling General And Administration": 20898000.0,
        "General And Administrative Expense": 20898000.0,
        "Other Gand A": 20898000.0,
        "Gross Profit": 188541000.0,
        "Cost Of Revenue": 293464000.0,
        "Total Revenue": 482005000.0,
        "Operating Revenue": 482005000.0
    },
    "2022-09-30": {
        "Tax Effect Of Unusual Items": 0.0,
        "Tax Rate For Calcs": 0.239,
        "Normalized EBITDA": 215915000.0,
        "Total Unusual Items": 0.0,
        "Total Unusual Items Excluding Goodwill": 0.0,
        "Net Income From Continuing Operation Net Minority Interest": 108096000.0,
        "Reconciled Depreciation": 49929000.0,
        "Reconciled Cost Of Revenue": 411948000.0,
        "EBIT": 165900000.0,
        "Net Interest Income": -23378000.0,
        "Interest Expense": 24373000.0,
        "Interest Income": 995000.0,
        "Normalized Income": 108096000.0,
        "Net Income From Continuing And Discontinued Operation": 108096000.0,
        "Total Expenses": 482352000.0,
        "Total Operating Income As Reported": 157197000.0,
        "Diluted Average Shares": 49471000.0,
        "Basic Average Shares": 49445000.0,
        "Diluted EPS": 2.19,
        "Basic EPS": 2.19,
        "Diluted NI Availto Com Stockholders": 108096000.0,
        "Net Income Common Stockholders": 108096000.0,
        "Net Income": 108096000.0,
        "Minority Interests": 427000.0,
        "Net Income Including Noncontrolling Interests": 107669000.0,
        "Net Income Continuous Operations": 107669000.0,
        "Tax Provision": 33858000.0,
        "Pretax Income": 141527000.0,
        "Other Income Expense": 7708000.0,
        "Special Income Charges": 0.0,
        "Gain On Sale Of Ppe": 0.0,
        "Other Special Charges": NaN,
        "Write Off": 0.0,
        "Earnings From Equity Interest": 7708000.0,
        "Gain On Sale Of Security": NaN,
        "Net Non Operating Interest Income Expense": -23378000.0,
        "Interest Expense Non Operating": 24373000.0,
        "Interest Income Non Operating": 995000.0,
        "Operating Income": 157197000.0,
        "Operating Expense": 70490000.0,
        "Other Operating Expenses": 898000.0,
        "Provision For Doubtful Accounts": 106000.0,
        "Depreciation Amortization Depletion Income Statement": 50015000.0,
        "Depreciation And Amortization In Income Statement": 50015000.0,
        "Selling General And Administration": 19471000.0,
        "General And Administrative Expense": 19471000.0,
        "Other Gand A": 19471000.0,
        "Gross Profit": 227687000.0,
        "Cost Of Revenue": 411862000.0,
        "Total Revenue": 639549000.0,
        "Operating Revenue": 586999000.0
    },
    "2022-06-30": {
        "Tax Effect Of Unusual Items": 924715.0,
        "Tax Rate For Calcs": 0.253,
        "Normalized EBITDA": 102258000.0,
        "Total Unusual Items": 3655000.0,
        "Total Unusual Items Excluding Goodwill": 3655000.0,
        "Net Income From Continuing Operation Net Minority Interest": 21564000.0,
        "Reconciled Depreciation": 49066000.0,
        "Reconciled Cost Of Revenue": 149852000.0,
        "EBIT": 56847000.0,
        "Net Interest Income": -27898000.0,
        "Interest Expense": 28152000.0,
        "Interest Income": 254000.0,
        "Normalized Income": 18833715.0,
        "Net Income From Continuing And Discontinued Operation": 21564000.0,
        "Total Expenses": 217678000.0,
        "Total Operating Income As Reported": 63048000.0,
        "Diluted Average Shares": 50822000.0,
        "Basic Average Shares": 50786000.0,
        "Diluted EPS": 0.42,
        "Basic EPS": 0.42,
        "Diluted NI Availto Com Stockholders": 21564000.0,
        "Net Income Common Stockholders": 21564000.0,
        "Net Income": 21564000.0,
        "Minority Interests": 132000.0,
        "Net Income Including Noncontrolling Interests": 21432000.0,
        "Net Income Continuous Operations": 21432000.0,
        "Tax Provision": 7263000.0,
        "Pretax Income": 28695000.0,
        "Other Income Expense": -2437000.0,
        "Special Income Charges": -363000.0,
        "Gain On Sale Of Ppe": 4018000.0,
        "Other Special Charges": 363000.0,
        "Write Off": 0.0,
        "Earnings From Equity Interest": -6092000.0,
        "Gain On Sale Of Security": 4018000.0,
        "Net Non Operating Interest Income Expense": -27898000.0,
        "Interest Expense Non Operating": 28152000.0,
        "Interest Income Non Operating": 254000.0,
        "Operating Income": 59030000.0,
        "Operating Expense": 67736000.0,
        "Other Operating Expenses": 1960000.0,
        "Provision For Doubtful Accounts": 1288000.0,
        "Depreciation Amortization Depletion Income Statement": 48976000.0,
        "Depreciation And Amortization In Income Statement": 48976000.0,
        "Selling General And Administration": 15512000.0,
        "General And Administrative Expense": 15512000.0,
        "Other Gand A": 15512000.0,
        "Gross Profit": 126766000.0,
        "Cost Of Revenue": 149942000.0,
        "Total Revenue": 276708000.0,
        "Operating Revenue": 228925000.0
    },
    "2022-03-31": {
        "Diluted EPS": 0.04,
        "Total Revenue": 210,
        "Gross Profit": 91,
        "Operating Income": 13,
        "EBIT": 67,
        "Net Income": 2
    },
    "2021-12-31": {
        "Diluted EPS": 2.07,
        "Total Revenue": 806,
        "Gross Profit": 283,
        "Operating Income": 202,
        "EBIT": 254,
        "Net Income": 114
    },
    "2021-09-30": {
        "Diluted EPS": 0.07,
        "Total Revenue": 219,
        "Gross Profit": 91,
        "Operating Income": 49,
        "EBIT": 111,
        "Net Income": 4
    },
    "2021-06-30": {
        "Diluted EPS": 0.09,
        "Total Revenue": 212,
        "Gross Profit": 89,
        "Operating Income": 26,
        "EBIT": 78,
        "Net Income": 5
    },
    "2021-03-31": {
        "Diluted EPS": -1.2,
        "Total Revenue": 191,
        "Gross Profit": 47,
        "Operating Income": -35,
        "EBIT": 15,
        "Net Income": -67
    },
    "2020-12-31": {
        "Diluted EPS": 0.48,
        "Total Revenue": 214,
        "Gross Profit": 101,
        "Operating Income": 32,
        "EBIT": 90,
        "Net Income": -7
    },
    "2020-09-30": {
        "Diluted EPS": 2.51,
        "Total Revenue": 154,
        "Gross Profit": 64,
        "Operating Income": -14,
        "EBIT": 37,
        "Net Income": 140
    },
    "2020-06-30": {
        "Diluted EPS": -0.61,
        "Total Revenue": 156,
        "Gross Profit": 63,
        "Operating Income": 0,
        "EBIT": 50,
        "Net Income": -34
    },
    "2020-03-31": {
        "Diluted EPS": -2.88,
        "Total Revenue": 175,
        "Gross Profit": -18,
        "Operating Income": -137,
        "EBIT": -73,
        "Net Income": -125
    },
    "2019-12-31": {
        "Diluted EPS": -0.03,
        "Total Revenue": 284,
        "Gross Profit": 136,
        "Operating Income": 17,
        "EBIT": 70,
        "Net Income": -1
    },
    "2019-09-30": {
        "Diluted EPS": 0.69,
        "Total Revenue": 231,
        "Gross Profit": 101,
        "Operating Income": 47,
        "EBIT": 92,
        "Net Income": 30
    },
    "2019-06-30": {
        "Diluted EPS": 0.31,
        "Total Revenue": 431,
        "Gross Profit": 100,
        "Operating Income": 33,
        "EBIT": 75,
        "Net Income": 13
    },
    "2019-03-31": {
        "Diluted EPS": 0.74,
        "Total Revenue": 354,
        "Gross Profit": 121,
        "Operating Income": 54,
        "EBIT": 94,
        "Net Income": 32
    },
    "2018-12-31": {
        "Diluted EPS": 0.87,
        "Total Revenue": 465,
        "Gross Profit": 111,
        "Operating Income": 70,
        "EBIT": 109,
        "Net Income": 37
    },
    "2018-09-30": {
        "Diluted EPS": 0.54,
        "Total Revenue": 257,
        "Gross Profit": 125,
        "Operating Income": 42,
        "EBIT": 80,
        "Net Income": 23
    },
    "2018-06-30": {
        "Diluted EPS": -0.12,
        "Total Revenue": 181,
        "Gross Profit": 78,
        "Operating Income": -8,
        "EBIT": 23,
        "Net Income": -5
    },
    "2018-03-31": {
        "Diluted EPS": 0.03,
        "Total Revenue": 162,
        "Gross Profit": 84,
        "Operating Income": 3,
        "EBIT": 32,
        "Net Income": 1
    },
    "2017-12-31": {
        "Diluted EPS": 3.47,
        "Total Revenue": 301,
        "Gross Profit": 105,
        "Operating Income": 66,
        "EBIT": 107,
        "Net Income": 149
    },
    "2017-09-30": {
        "Diluted EPS": 0.24,
        "Total Revenue": 259,
        "Gross Profit": 103,
        "Operating Income": 24,
        "EBIT": 59,
        "Net Income": 11
    },
    "2017-06-30": {
        "Diluted EPS": 0.07,
        "Total Revenue": 309,
        "Gross Profit": 131,
        "Operating Income": 54,
        "EBIT": 90,
        "Net Income": 3
    },
    "2017-03-31": {
        "Diluted EPS": 0.13,
        "Total Revenue": 232,
        "Gross Profit": 107,
        "Operating Income": 78,
        "EBIT": 105,
        "Net Income": 6
    },
    "2016-12-31": {
        "Diluted EPS": 1.69,
        "Total Revenue": 280,
        "Gross Profit": 112,
        "Operating Income": 59,
        "EBIT": 85,
        "Net Income": 44
    },
    "2016-09-30": {
        "Diluted EPS": 0.19,
        "Total Revenue": 242,
        "Gross Profit": 100,
        "Operating Income": 1,
        "EBIT": 25,
        "Net Income": 8
    },
    "2016-06-30": {
        "Diluted EPS": 0.16,
        "Total Revenue": 274,
        "Gross Profit": 130,
        "Operating Income": 74,
        "EBIT": 100,
        "Net Income": 7
    },
    "2016-03-31": {
        "Diluted EPS": 2.69,
        "Total Revenue": 240,
        "Gross Profit": 114,
        "Operating Income": 193,
        "EBIT": 217,
        "Net Income": 144
    },
    "2015-12-31": {
        "Diluted EPS": 3.34,
        "Total Revenue": 229,
        "Gross Profit": 116,
        "Operating Income": 40,
        "EBIT": 69,
        "Net Income": 26
    },
    "2015-09-30": {
        "Diluted EPS": 0.76,
        "Total Revenue": 203,
        "Gross Profit": 99,
        "Operating Income": 37,
        "EBIT": 64,
        "Net Income": 156
    },
    "2015-06-30": {
        "Diluted EPS": 0.18,
        "Total Revenue": 209,
        "Gross Profit": 87,
        "Operating Income": 26,
        "EBIT": 53,
        "Net Income": 51
    },
    "2015-03-31": {
        "Diluted EPS": -2.68,
        "Total Revenue": 155,
        "Gross Profit": 63,
        "Operating Income": 16,
        "EBIT": 40,
        "Net Income": -106
    },
    "2014-12-31": {
        "Diluted EPS": 1.48,
        "Total Revenue": 207,
        "Gross Profit": 120,
        "Operating Income": 37,
        "EBIT": 61,
        "Net Income": 32
    },
    "2014-09-30": {
        "Diluted EPS": 0.48,
        "Total Revenue": 119,
        "Gross Profit": 47,
        "Operating Income": 24,
        "EBIT": 42,
        "Net Income": 46
    },
    "2014-06-30": {
        "Diluted EPS": -0.37,
        "Total Revenue": 210,
        "Gross Profit": 124,
        "Operating Income": 92,
        "EBIT": 106,
        "Net Income": -15
    },
    "2014-03-31": {
        "Diluted EPS": -2.19,
        "Total Revenue": 99,
        "Gross Profit": 38,
        "Operating Income": 14,
        "EBIT": 27,
        "Net Income": -86
    },
    "2013-12-31": {
        "Diluted EPS": 0.49,
        "Total Revenue": 134,
        "Gross Profit": 55,
        "Operating Income": 43,
        "EBIT": 56,
        "Net Income": 19
    },
    "2013-09-30": {
        "Diluted EPS": 0.17,
        "Total Revenue": 100,
        "Gross Profit": 29,
        "Operating Income": 11,
        "EBIT": 22,
        "Net Income": 7
    },
    "2013-06-30": {
        "Diluted EPS": -1.94,
        "Total Revenue": 146,
        "Gross Profit": 61,
        "Operating Income": 48,
        "EBIT": 55,
        "Net Income": -77
    },
    "2013-03-31": {
        "Diluted EPS": -0.59,
        "Total Revenue": 90,
        "Gross Profit": 27,
        "Operating Income": 9,
        "EBIT": 17,
        "Net Income": -23
    },
    "2012-12-31": {
        "Diluted EPS": 0.63,
        "Total Revenue": 108,
        "Gross Profit": 43,
        "Operating Income": 27,
        "EBIT": 36,
        "Net Income": -1
    },
    "2012-09-30": {
        "Diluted EPS": -1.3,
        "Total Revenue": 95,
        "Gross Profit": 34,
        "Operating Income": 17,
        "EBIT": 25,
        "Net Income": -49
    },
    "2012-06-30": {
        "Diluted EPS": 0.27,
        "Total Revenue": 94,
        "Gross Profit": 33,
        "Operating Income": 19,
        "EBIT": 26,
        "Net Income": 34
    },
    "2012-03-31": {
        "Diluted EPS": -2.96,
        "Total Revenue": 80,
        "Gross Profit": 23,
        "Operating Income": 9,
        "EBIT": 15,
        "Net Income": -112
    },
    "2011-12-31": {
        "Diluted EPS": 4.11,
        "Total Revenue": 85,
        "Gross Profit": 27,
        "Operating Income": 14,
        "EBIT": 20,
        "Net Income": 31
    },
    "2011-09-30": {
        "Diluted EPS": -0.14,
        "Total Revenue": 87,
        "Gross Profit": 18,
        "Operating Income": 2,
        "EBIT": 9,
        "Net Income": 164
    },
    "2011-06-30": {
        "Diluted EPS": 0.22,
        "Total Revenue": 51,
        "Gross Profit": 17,
        "Operating Income": 6,
        "EBIT": 12,
        "Net Income": 66
    },
    "2011-03-31": {
        "Diluted EPS": -3.02,
        "Total Revenue": 53,
        "Gross Profit": 14,
        "Operating Income": 6,
        "EBIT": 7,
        "Net Income": -115
    },
    "2010-12-31": {
        "Diluted EPS": -0.13,
        "Total Revenue": 51,
        "Gross Profit": 13,
        "Operating Income": -503,
        "EBIT": -499,
        "Net Income": -5
    },
    "2010-09-30": {
        "Diluted EPS": -0.43,
        "Total Revenue": 32,
        "Gross Profit": 8,
        "Operating Income": -1,
        "EBIT": 5,
        "Net Income": -16
    },
    "2010-06-30": {
        "Diluted EPS": -0.74,
        "Total Revenue": 31,
        "Gross Profit": 5,
        "Operating Income": -5,
        "EBIT": -1,
        "Net Income": -28
    },
    "2010-03-31": {
        "Diluted EPS": -0.54,
        "Total Revenue": 29,
        "Gross Profit": 6,
        "Operating Income": -3,
        "EBIT": 1,
        "Net Income": -21
    },
    "2009-12-31": {
        "Diluted EPS": 0.0,
        "Total Revenue": NaN,
        "Gross Profit": NaN,
        "Operating Income": NaN,
        "EBIT": NaN,
        "Net Income": NaN
    },
    "2009-09-30": {
        "Diluted EPS": 0.0,
        "Total Revenue": 30,
        "Gross Profit": 11,
        "Operating Income": -42,
        "EBIT": -42,
        "Net Income": -24
    },
    "2023-06-30": {
        "Tax Effect Of Unusual Items": -6400.0,
        "Tax Rate For Calcs": 0.4,
        "Normalized EBITDA": 52673000.0,
        "Total Unusual Items": -16000.0,
        "Total Unusual Items Excluding Goodwill": -16000.0,
        "Net Income From Continuing Operation Net Minority Interest": -19143000.0,
        "Reconciled Depreciation": 53122000.0,
        "Reconciled Cost Of Revenue": 144661000.0,
        "EBIT": -564000.0,
        "Net Interest Income": -28955000.0,
        "Interest Expense": 33947000.0,
        "Interest Income": 4992000.0,
        "Normalized Income": -19133400.0,
        "Net Income From Continuing And Discontinued Operation": -19143000.0,
        "Total Expenses": 222670000.0,
        "Total Operating Income As Reported": 630000.0,
        "Diluted Average Shares": 49581000.0,
        "Basic Average Shares": 49581000.0,
        "Diluted EPS": -0.39,
        "Basic EPS": -0.39,
        "Diluted NI Availto Com Stockholders": -19143000.0,
        "Net Income Common Stockholders": -19143000.0,
        "Net Income": -19143000.0,
        "Minority Interests": -2000.0,
        "Net Income Including Noncontrolling Interests": -19141000.0,
        "Net Income Continuous Operations": -19141000.0,
        "Tax Provision": -15370000.0,
        "Pretax Income": -34511000.0,
        "Other Income Expense": -6202000.0,
        "Special Income Charges": -16000.0,
        "Gain On Sale Of Ppe": -16000.0,
        "Other Special Charges": NaN,
        "Write Off": NaN,
        "Earnings From Equity Interest": -6186000.0,
        "Gain On Sale Of Security": NaN,
        "Net Non Operating Interest Income Expense": -28955000.0,
        "Interest Expense Non Operating": 33947000.0,
        "Interest Income Non Operating": 4992000.0,
        "Operating Income": 646000.0,
        "Operating Expense": 78108000.0,
        "Other Operating Expenses": 4696000.0,
        "Provision For Doubtful Accounts": -26000.0,
        "Depreciation Amortization Depletion Income Statement": 53221000.0,
        "Depreciation And Amortization In Income Statement": 53221000.0,
        "Selling General And Administration": 20217000.0,
        "General And Administrative Expense": 20217000.0,
        "Other Gand A": 20217000.0,
        "Gross Profit": 78754000.0,
        "Cost Of Revenue": 144562000.0,
        "Total Revenue": 223316000.0,
        "Operating Revenue": 223316000.0
    }
}