{
    "2023-03-31": {
        "Tax Effect Of Unusual Items": 0.0,
        "Tax Rate For Calcs": 0.4,
        "Normalized EBITDA": 2119000.0,
        "Total Unusual Items": 0.0,
        "Total Unusual Items Excluding Goodwill": 0.0,
        "Net Income From Continuing Operation Net Minority Interest": -791000.0,
        "Reconciled Depreciation": 1066000.0,
        "Reconciled Cost Of Revenue": 14452000.0,
        "EBITDA": 2119000.0,
        "EBIT": 1053000.0,
        "Net Interest Income": 210000.0,
        "Interest Expense": NaN,
        "Interest Income": 210000.0,
        "Normalized Income": -791000.0,
        "Net Income From Continuing And Discontinued Operation": -791000.0,
        "Total Expenses": 46067000.0,
        "Total Operating Income As Reported": 1053000.0,
        "Diluted Average Shares": 7425000.0,
        "Basic Average Shares": 7425000.0,
        "Diluted EPS": -0.11,
        "Basic EPS": -0.11,
        "Diluted NI Availto Com Stockholders": -791000.0,
        "Average Dilution Earnings": NaN,
        "Net Income Common Stockholders": -791000.0,
        "Otherunder Preferred Stock Dividend": 0.0,
        "Preferred Stock Dividends": NaN,
        "Net Income": -791000.0,
        "Net Income Including Noncontrolling Interests": -791000.0,
        "Net Income Continuous Operations": -791000.0,
        "Tax Provision": -532000.0,
        "Pretax Income": -1323000.0,
        "Other Income Expense": -2586000.0,
        "Other Non Operating Income Expenses": -2586000.0,
        "Special Income Charges": 0.0,
        "Restructuring And Mergern Acquisition": 0.0,
        "Net Non Operating Interest Income Expense": 210000.0,
        "Total Other Finance Cost": -210000.0,
        "Interest Expense Non Operating": NaN,
        "Interest Income Non Operating": 210000.0,
        "Operating Income": 1053000.0,
        "Operating Expense": 31615000.0,
        "Depreciation Amortization Depletion Income Statement": 1066000.0,
        "Depreciation And Amortization In Income Statement": 1066000.0,
        "Depreciation Income Statement": NaN,
        "Selling General And Administration": 30549000.0,
        "General And Administrative Expense": 30549000.0,
        "Other Gand A": 6084000.0,
        "Salaries And Wages": 24465000.0,
        "Gross Profit": 32668000.0,
        "Cost Of Revenue": 14452000.0,
        "Total Revenue": 47120000.0,
        "Operating Revenue": 47120000.0
    },
    "2022-12-31": {
        "Tax Effect Of Unusual Items": 0.0,
        "Tax Rate For Calcs": 0.21,
        "Normalized EBITDA": 3086000.0,
        "Total Unusual Items": 0.0,
        "Total Unusual Items Excluding Goodwill": 0.0,
        "Net Income From Continuing Operation Net Minority Interest": 21804000.0,
        "Reconciled Depreciation": 964000.0,
        "Reconciled Cost Of Revenue": 19530000.0,
        "EBITDA": 3086000.0,
        "EBIT": 2122000.0,
        "Net Interest Income": -125000.0,
        "Interest Expense": 125000.0,
        "Interest Income": NaN,
        "Normalized Income": 21804000.0,
        "Net Income From Continuing And Discontinued Operation": 21804000.0,
        "Total Expenses": 51349000.0,
        "Total Operating Income As Reported": 3429000.0,
        "Diluted Average Shares": NaN,
        "Basic Average Shares": NaN,
        "Diluted EPS": NaN,
        "Basic EPS": NaN,
        "Diluted NI Availto Com Stockholders": 22532000.0,
        "Average Dilution Earnings": -80000.0,
        "Net Income Common Stockholders": 22612000.0,
        "Otherunder Preferred Stock Dividend": -437000.0,
        "Preferred Stock Dividends": NaN,
        "Net Income": 21804000.0,
        "Net Income Including Noncontrolling Interests": 21804000.0,
        "Net Income Continuous Operations": 21804000.0,
        "Tax Provision": -19807000.0,
        "Pretax Income": 1997000.0,
        "Other Income Expense": -1307000.0,
        "Other Non Operating Income Expenses": -1307000.0,
        "Special Income Charges": 0.0,
        "Restructuring And Mergern Acquisition": 0.0,
        "Net Non Operating Interest Income Expense": -125000.0,
        "Total Other Finance Cost": NaN,
        "Interest Expense Non Operating": 125000.0,
        "Interest Income Non Operating": NaN,
        "Operating Income": 3429000.0,
        "Operating Expense": 31819000.0,
        "Depreciation Amortization Depletion Income Statement": 964000.0,
        "Depreciation And Amortization In Income Statement": 964000.0,
        "Depreciation Income Statement": NaN,
        "Selling General And Administration": 30855000.0,
        "General And Administrative Expense": 30855000.0,
        "Other Gand A": 4650000.0,
        "Salaries And Wages": 26205000.0,
        "Gross Profit": 35248000.0,
        "Cost Of Revenue": 19530000.0,
        "Total Revenue": 54778000.0,
        "Operating Revenue": 54778000.0
    },
    "2022-09-30": {
        "Tax Effect Of Unusual Items": NaN,
        "Tax Rate For Calcs": NaN,
        "Normalized EBITDA": NaN,
        "Total Unusual Items": 0.0,
        "Total Unusual Items Excluding Goodwill": 0.0,
        "Net Income From Continuing Operation Net Minority Interest": NaN,
        "Reconciled Depreciation": NaN,
        "Reconciled Cost Of Revenue": NaN,
        "EBITDA": NaN,
        "EBIT": NaN,
        "Net Interest Income": NaN,
        "Interest Expense": 84000.0,
        "Interest Income": NaN,
        "Normalized Income": NaN,
        "Net Income From Continuing And Discontinued Operation": NaN,
        "Total Expenses": NaN,
        "Total Operating Income As Reported": NaN,
        "Diluted Average Shares": NaN,
        "Basic Average Shares": NaN,
        "Diluted EPS": NaN,
        "Basic EPS": NaN,
        "Diluted NI Availto Com Stockholders": NaN,
        "Average Dilution Earnings": 41000.0,
        "Net Income Common Stockholders": NaN,
        "Otherunder Preferred Stock Dividend": 868000.0,
        "Preferred Stock Dividends": 125000.0,
        "Net Income": NaN,
        "Net Income Including Noncontrolling Interests": NaN,
        "Net Income Continuous Operations": NaN,
        "Tax Provision": NaN,
        "Pretax Income": NaN,
        "Other Income Expense": NaN,
        "Other Non Operating Income Expenses": NaN,
        "Special Income Charges": 0.0,
        "Restructuring And Mergern Acquisition": 0.0,
        "Net Non Operating Interest Income Expense": NaN,
        "Total Other Finance Cost": NaN,
        "Interest Expense Non Operating": 84000.0,
        "Interest Income Non Operating": NaN,
        "Operating Income": NaN,
        "Operating Expense": NaN,
        "Depreciation Amortization Depletion Income Statement": NaN,
        "Depreciation And Amortization In Income Statement": NaN,
        "Depreciation Income Statement": 579000.0,
        "Selling General And Administration": NaN,
        "General And Administrative Expense": NaN,
        "Other Gand A": NaN,
        "Salaries And Wages": NaN,
        "Gross Profit": NaN,
        "Cost Of Revenue": NaN,
        "Total Revenue": NaN,
        "Operating Revenue": NaN
    },
    "2022-06-30": {
        "Tax Effect Of Unusual Items": 0.0,
        "Tax Rate For Calcs": 0.130748,
        "Normalized EBITDA": 5813000.0,
        "Total Unusual Items": 0.0,
        "Total Unusual Items Excluding Goodwill": 0.0,
        "Net Income From Continuing Operation Net Minority Interest": 4461000.0,
        "Reconciled Depreciation": 586000.0,
        "Reconciled Cost Of Revenue": 14737000.0,
        "EBITDA": 5813000.0,
        "EBIT": 5227000.0,
        "Net Interest Income": -95000.0,
        "Interest Expense": 95000.0,
        "Normalized Income": 4461000.0,
        "Net Income From Continuing And Discontinued Operation": 4461000.0,
        "Total Expenses": 44542000.0,
        "Total Operating Income As Reported": 4011000.0,
        "Diluted Average Shares": 7388000.0,
        "Basic Average Shares": 7017000.0,
        "Diluted EPS": 0.52,
        "Basic EPS": 0.54,
        "Diluted NI Availto Com Stockholders": 3795000.0,
        "Average Dilution Earnings": 24000.0,
        "Net Income Common Stockholders": 3795000.0,
        "Otherunder Preferred Stock Dividend": 542000.0,
        "Preferred Stock Dividends": 124000.0,
        "Net Income": 4461000.0,
        "Net Income Including Noncontrolling Interests": 4461000.0,
        "Net Income Continuous Operations": 4461000.0,
        "Tax Provision": 671000.0,
        "Pretax Income": 5132000.0,
        "Other Income Expense": 1216000.0,
        "Other Non Operating Income Expenses": 1216000.0,
        "Special Income Charges": 0.0,
        "Restructuring And Mergern Acquisition": 0.0,
        "Gain On Sale Of Security": NaN,
        "Net Non Operating Interest Income Expense": -95000.0,
        "Total Other Finance Cost": NaN,
        "Interest Expense Non Operating": 95000.0,
        "Operating Income": 4011000.0,
        "Operating Expense": 29805000.0,
        "Depreciation Amortization Depletion Income Statement": 586000.0,
        "Depreciation And Amortization In Income Statement": 586000.0,
        "Depreciation Income Statement": 586000.0,
        "Selling General And Administration": 29219000.0,
        "General And Administrative Expense": 29219000.0,
        "Other Gand A": 3960000.0,
        "Salaries And Wages": 25259000.0,
        "Gross Profit": 33816000.0,
        "Cost Of Revenue": 14737000.0,
        "Total Revenue": 48553000.0,
        "Operating Revenue": 48553000.0
    },
    "2022-03-31": {
        "Diluted EPS": 0.39,
        "Total Revenue": 49,
        "Gross Profit": 10,
        "Operating Income": 4,
        "EBIT": 4,
        "Net Income": 3
    },
    "2021-12-31": {
        "Diluted EPS": 0.25,
        "Total Revenue": 52,
        "Gross Profit": 10,
        "Operating Income": 3,
        "EBIT": 3,
        "Net Income": 2
    },
    "2021-09-30": {
        "Diluted EPS": 0.52,
        "Total Revenue": 50,
        "Gross Profit": 10,
        "Operating Income": 4,
        "EBIT": 5,
        "Net Income": 4
    },
    "2021-06-30": {
        "Diluted EPS": 1.27,
        "Total Revenue": 49,
        "Gross Profit": 8,
        "Operating Income": 1,
        "EBIT": 2,
        "Net Income": 9
    },
    "2021-03-31": {
        "Diluted EPS": -0.28,
        "Total Revenue": 44,
        "Gross Profit": 6,
        "Operating Income": -1,
        "EBIT": 0,
        "Net Income": -2
    },
    "2020-12-31": {
        "Diluted EPS": 0.25,
        "Total Revenue": 47,
        "Gross Profit": 8,
        "Operating Income": 0,
        "EBIT": 0,
        "Net Income": 2
    },
    "2020-09-30": {
        "Diluted EPS": -0.27,
        "Total Revenue": 48,
        "Gross Profit": 7,
        "Operating Income": 1,
        "EBIT": 2,
        "Net Income": -2
    },
    "2020-06-30": {
        "Diluted EPS": -0.99,
        "Total Revenue": 42,
        "Gross Profit": 5,
        "Operating Income": -6,
        "EBIT": -5,
        "Net Income": -6
    },
    "2020-03-31": {
        "Diluted EPS": 0.67,
        "Total Revenue": 41,
        "Gross Profit": 3,
        "Operating Income": -5,
        "EBIT": -4,
        "Net Income": 4
    },
    "2019-12-31": {
        "Diluted EPS": -0.48,
        "Total Revenue": 52,
        "Gross Profit": 7,
        "Operating Income": 0,
        "EBIT": 2,
        "Net Income": -3
    },
    "2019-09-30": {
        "Diluted EPS": -0.97,
        "Total Revenue": 51,
        "Gross Profit": 6,
        "Operating Income": -4,
        "EBIT": -3,
        "Net Income": -6
    },
    "2019-06-30": {
        "Diluted EPS": -0.63,
        "Total Revenue": 55,
        "Gross Profit": 5,
        "Operating Income": -7,
        "EBIT": -5,
        "Net Income": -4
    },
    "2019-03-31": {
        "Diluted EPS": -2.18,
        "Total Revenue": 59,
        "Gross Profit": 2,
        "Operating Income": -11,
        "EBIT": -9,
        "Net Income": -14
    },
    "2018-12-31": {
        "Diluted EPS": 0.43,
        "Total Revenue": 70,
        "Gross Profit": 6,
        "Operating Income": -4,
        "EBIT": -7,
        "Net Income": -1
    },
    "2018-09-30": {
        "Diluted EPS": -1.62,
        "Total Revenue": 64,
        "Gross Profit": 5,
        "Operating Income": -10,
        "EBIT": -5,
        "Net Income": -10
    },
    "2018-06-30": {
        "Diluted EPS": -1.1,
        "Total Revenue": 70,
        "Gross Profit": 4,
        "Operating Income": -6,
        "EBIT": -5,
        "Net Income": -7
    },
    "2018-03-31": {
        "Diluted EPS": 4.67,
        "Total Revenue": 81,
        "Gross Profit": 6,
        "Operating Income": -5,
        "EBIT": -3,
        "Net Income": 33
    },
    "2017-12-31": {
        "Diluted EPS": -4.73,
        "Total Revenue": 100,
        "Gross Profit": 13,
        "Operating Income": -34,
        "EBIT": -31,
        "Net Income": -29
    },
    "2017-09-30": {
        "Diluted EPS": -0.4,
        "Total Revenue": 94,
        "Gross Profit": 13,
        "Operating Income": 1,
        "EBIT": 4,
        "Net Income": -2
    },
    "2017-06-30": {
        "Diluted EPS": -0.43,
        "Total Revenue": 95,
        "Gross Profit": 11,
        "Operating Income": -2,
        "EBIT": 1,
        "Net Income": -3
    },
    "2017-03-31": {
        "Diluted EPS": -1.2,
        "Total Revenue": 95,
        "Gross Profit": 8,
        "Operating Income": -6,
        "EBIT": -3,
        "Net Income": -7
    },
    "2016-12-31": {
        "Diluted EPS": -19.19,
        "Total Revenue": 110,
        "Gross Profit": 17,
        "Operating Income": -35,
        "EBIT": 7,
        "Net Income": -118
    },
    "2016-09-30": {
        "Diluted EPS": -0.5,
        "Total Revenue": 97,
        "Gross Profit": 11,
        "Operating Income": -4,
        "EBIT": -1,
        "Net Income": -3
    },
    "2016-06-30": {
        "Diluted EPS": -0.7,
        "Total Revenue": 97,
        "Gross Profit": 7,
        "Operating Income": -7,
        "EBIT": -3,
        "Net Income": -4
    },
    "2016-03-31": {
        "Diluted EPS": -0.9,
        "Total Revenue": 100,
        "Gross Profit": 7,
        "Operating Income": -9,
        "EBIT": -5,
        "Net Income": -6
    },
    "2015-12-31": {
        "Diluted EPS": 0.37,
        "Total Revenue": 105,
        "Gross Profit": 18,
        "Operating Income": 6,
        "EBIT": 9,
        "Net Income": 3
    },
    "2015-09-30": {
        "Diluted EPS": -27.7,
        "Total Revenue": 109,
        "Gross Profit": 14,
        "Operating Income": -210,
        "EBIT": 3,
        "Net Income": -171
    },
    "2015-06-30": {
        "Diluted EPS": -0.7,
        "Total Revenue": 109,
        "Gross Profit": 17,
        "Operating Income": 3,
        "EBIT": 6,
        "Net Income": -4
    },
    "2015-03-31": {
        "Diluted EPS": 0.3,
        "Total Revenue": 121,
        "Gross Profit": 21,
        "Operating Income": 3,
        "EBIT": 6,
        "Net Income": 2
    },
    "2014-12-31": {
        "Diluted EPS": 1.6,
        "Total Revenue": 92,
        "Gross Profit": 5,
        "Operating Income": -1,
        "EBIT": 1,
        "Net Income": 10
    },
    "2014-09-30": {
        "Diluted EPS": 1.0,
        "Total Revenue": 134,
        "Gross Profit": 27,
        "Operating Income": 11,
        "EBIT": 14,
        "Net Income": 6
    },
    "2014-06-30": {
        "Diluted EPS": 0.9,
        "Total Revenue": 140,
        "Gross Profit": 29,
        "Operating Income": 11,
        "EBIT": 15,
        "Net Income": 6
    },
    "2014-03-31": {
        "Diluted EPS": 0.3,
        "Total Revenue": 133,
        "Gross Profit": 21,
        "Operating Income": 5,
        "EBIT": 8,
        "Net Income": 2
    },
    "2013-12-31": {
        "Diluted EPS": 1.0,
        "Total Revenue": 152,
        "Gross Profit": 33,
        "Operating Income": 12,
        "EBIT": 16,
        "Net Income": 7
    },
    "2013-09-30": {
        "Diluted EPS": -1.3,
        "Total Revenue": 135,
        "Gross Profit": 27,
        "Operating Income": 8,
        "EBIT": 15,
        "Net Income": -8
    },
    "2013-06-30": {
        "Diluted EPS": 1.3,
        "Total Revenue": 140,
        "Gross Profit": 30,
        "Operating Income": 12,
        "EBIT": 16,
        "Net Income": 8
    },
    "2013-03-31": {
        "Diluted EPS": 1.1,
        "Total Revenue": 132,
        "Gross Profit": 26,
        "Operating Income": 9,
        "EBIT": 13,
        "Net Income": 7
    },
    "2012-12-31": {
        "Diluted EPS": 1.7,
        "Total Revenue": 205,
        "Gross Profit": 45,
        "Operating Income": 22,
        "EBIT": 26,
        "Net Income": 11
    },
    "2012-09-30": {
        "Diluted EPS": 1.4,
        "Total Revenue": 141,
        "Gross Profit": 32,
        "Operating Income": 16,
        "EBIT": -140,
        "Net Income": 9
    },
    "2012-06-30": {
        "Diluted EPS": -17.4,
        "Total Revenue": 190,
        "Gross Profit": 36,
        "Operating Income": -143,
        "EBIT": 19,
        "Net Income": -110
    },
    "2012-03-31": {
        "Diluted EPS": 1.1,
        "Total Revenue": 186,
        "Gross Profit": 34,
        "Operating Income": 14,
        "EBIT": 19,
        "Net Income": 7
    },
    "2011-12-31": {
        "Diluted EPS": 2.3,
        "Total Revenue": 215,
        "Gross Profit": 46,
        "Operating Income": 25,
        "EBIT": 24,
        "Net Income": 15
    },
    "2011-09-30": {
        "Diluted EPS": 1.9,
        "Total Revenue": 213,
        "Gross Profit": 43,
        "Operating Income": 21,
        "EBIT": 26,
        "Net Income": 12
    },
    "2011-06-30": {
        "Diluted EPS": 1.5,
        "Total Revenue": 213,
        "Gross Profit": 39,
        "Operating Income": 17,
        "EBIT": 22,
        "Net Income": 9
    },
    "2011-03-31": {
        "Diluted EPS": 1.2,
        "Total Revenue": 200,
        "Gross Profit": 35,
        "Operating Income": 14,
        "EBIT": 20,
        "Net Income": 8
    },
    "2010-12-31": {
        "Diluted EPS": 2.4,
        "Total Revenue": 196,
        "Gross Profit": 46,
        "Operating Income": 27,
        "EBIT": 31,
        "Net Income": 16
    },
    "2010-09-30": {
        "Diluted EPS": 2.2,
        "Total Revenue": 217,
        "Gross Profit": 48,
        "Operating Income": 25,
        "EBIT": 31,
        "Net Income": 14
    },
    "2010-06-30": {
        "Diluted EPS": 2.1,
        "Total Revenue": 208,
        "Gross Profit": 44,
        "Operating Income": 23,
        "EBIT": 28,
        "Net Income": 13
    },
    "2010-03-31": {
        "Diluted EPS": 1.7,
        "Total Revenue": 200,
        "Gross Profit": 42,
        "Operating Income": 18,
        "EBIT": 24,
        "Net Income": 11
    },
    "2009-12-31": {
        "Diluted EPS": 2.2,
        "Total Revenue": 217,
        "Gross Profit": 49,
        "Operating Income": 20,
        "EBIT": 27,
        "Net Income": 13
    },
    "2009-09-30": {
        "Diluted EPS": 2.2,
        "Total Revenue": 209,
        "Gross Profit": 45,
        "Operating Income": 24,
        "EBIT": 31,
        "Net Income": 14
    },
    "2009-06-30": {
        "Diluted EPS": 2.0,
        "Total Revenue": 216,
        "Gross Profit": 49,
        "Operating Income": 25,
        "EBIT": 32,
        "Net Income": 13
    },
    "2009-03-31": {
        "Diluted EPS": 1.1,
        "Total Revenue": 218,
        "Gross Profit": 38,
        "Operating Income": 14,
        "EBIT": 23,
        "Net Income": 7
    },
    "2023-06-30": {
        "Tax Effect Of Unusual Items": 0.0,
        "Tax Rate For Calcs": 0.293,
        "Normalized EBITDA": 1912000.0,
        "Total Unusual Items": NaN,
        "Total Unusual Items Excluding Goodwill": NaN,
        "Net Income From Continuing Operation Net Minority Interest": 580000.0,
        "Reconciled Depreciation": 1033000.0,
        "Reconciled Cost Of Revenue": 13328000.0,
        "EBITDA": 1912000.0,
        "EBIT": 879000.0,
        "Net Interest Income": -59000.0,
        "Interest Expense": 59000.0,
        "Interest Income": NaN,
        "Normalized Income": 580000.0,
        "Net Income From Continuing And Discontinued Operation": 580000.0,
        "Total Expenses": 46092000.0,
        "Total Operating Income As Reported": 1670000.0,
        "Diluted Average Shares": 7505000.0,
        "Basic Average Shares": 7358000.0,
        "Diluted EPS": 0.08,
        "Basic EPS": 0.08,
        "Diluted NI Availto Com Stockholders": 580000.0,
        "Average Dilution Earnings": 0.0,
        "Net Income Common Stockholders": 580000.0,
        "Otherunder Preferred Stock Dividend": 0.0,
        "Preferred Stock Dividends": NaN,
        "Net Income": 580000.0,
        "Net Income Including Noncontrolling Interests": 580000.0,
        "Net Income Continuous Operations": 580000.0,
        "Tax Provision": 240000.0,
        "Pretax Income": 820000.0,
        "Other Income Expense": -791000.0,
        "Other Non Operating Income Expenses": -791000.0,
        "Special Income Charges": NaN,
        "Restructuring And Mergern Acquisition": NaN,
        "Net Non Operating Interest Income Expense": -59000.0,
        "Total Other Finance Cost": NaN,
        "Interest Expense Non Operating": 59000.0,
        "Interest Income Non Operating": NaN,
        "Operating Income": 1670000.0,
        "Operating Expense": 32764000.0,
        "Depreciation Amortization Depletion Income Statement": 1033000.0,
        "Depreciation And Amortization In Income Statement": 1033000.0,
        "Depreciation Income Statement": 1033000.0,
        "Selling General And Administration": 31731000.0,
        "General And Administrative Expense": 31731000.0,
        "Other Gand A": 5065000.0,
        "Salaries And Wages": 26666000.0,
        "Gross Profit": 34434000.0,
        "Cost Of Revenue": 13328000.0,
        "Total Revenue": 47762000.0,
        "Operating Revenue": 47762000.0
    },
    "2023-09-30": {
        "Tax Effect Of Unusual Items": 0.0,
        "Tax Rate For Calcs": 0.21,
        "Normalized EBITDA": 3483000.0,
        "Total Unusual Items": NaN,
        "Total Unusual Items Excluding Goodwill": NaN,
        "Net Income From Continuing Operation Net Minority Interest": 618000.0,
        "Reconciled Depreciation": 952000.0,
        "Reconciled Cost Of Revenue": 15378000.0,
        "EBITDA": 3483000.0,
        "EBIT": 2531000.0,
        "Net Interest Income": -1000.0,
        "Interest Expense": 1000.0,
        "Interest Income": NaN,
        "Normalized Income": 618000.0,
        "Net Income From Continuing And Discontinued Operation": 618000.0,
        "Total Expenses": 44205000.0,
        "Total Operating Income As Reported": 2914000.0,
        "Diluted Average Shares": 7314000.0,
        "Basic Average Shares": 7239000.0,
        "Diluted EPS": 0.08,
        "Basic EPS": 0.09,
        "Diluted NI Availto Com Stockholders": 618000.0,
        "Average Dilution Earnings": 0.0,
        "Net Income Common Stockholders": 618000.0,
        "Otherunder Preferred Stock Dividend": 0.0,
        "Preferred Stock Dividends": NaN,
        "Net Income": 618000.0,
        "Net Income Including Noncontrolling Interests": 618000.0,
        "Net Income Continuous Operations": 618000.0,
        "Tax Provision": 1912000.0,
        "Pretax Income": 2530000.0,
        "Other Income Expense": -383000.0,
        "Other Non Operating Income Expenses": -383000.0,
        "Special Income Charges": NaN,
        "Restructuring And Mergern Acquisition": NaN,
        "Net Non Operating Interest Income Expense": -1000.0,
        "Total Other Finance Cost": NaN,
        "Interest Expense Non Operating": 1000.0,
        "Interest Income Non Operating": NaN,
        "Operating Income": 2914000.0,
        "Operating Expense": 28827000.0,
        "Depreciation Amortization Depletion Income Statement": 952000.0,
        "Depreciation And Amortization In Income Statement": 952000.0,
        "Depreciation Income Statement": NaN,
        "Selling General And Administration": 27875000.0,
        "General And Administrative Expense": 27875000.0,
        "Other Gand A": 4922000.0,
        "Salaries And Wages": 22953000.0,
        "Gross Profit": 31741000.0,
        "Cost Of Revenue": 15378000.0,
        "Total Revenue": 47119000.0,
        "Operating Revenue": 47119000.0
    },
    "2023-12-31": {
        "Tax Effect Of Unusual Items": NaN,
        "Tax Rate For Calcs": NaN,
        "Normalized EBITDA": NaN,
        "Total Unusual Items": NaN,
        "Total Unusual Items Excluding Goodwill": NaN,
        "Net Income From Continuing Operation Net Minority Interest": NaN,
        "Reconciled Depreciation": NaN,
        "Reconciled Cost Of Revenue": NaN,
        "EBITDA": NaN,
        "EBIT": NaN,
        "Net Interest Income": NaN,
        "Interest Expense": NaN,
        "Interest Income": NaN,
        "Normalized Income": NaN,
        "Net Income From Continuing And Discontinued Operation": NaN,
        "Total Expenses": NaN,
        "Total Operating Income As Reported": NaN,
        "Diluted Average Shares": 7303000.0,
        "Basic Average Shares": 7221000.0,
        "Diluted EPS": -0.27,
        "Basic EPS": -0.27,
        "Diluted NI Availto Com Stockholders": NaN,
        "Average Dilution Earnings": NaN,
        "Net Income Common Stockholders": NaN,
        "Otherunder Preferred Stock Dividend": NaN,
        "Preferred Stock Dividends": NaN,
        "Net Income": NaN,
        "Net Income Including Noncontrolling Interests": NaN,
        "Net Income Continuous Operations": NaN,
        "Tax Provision": NaN,
        "Pretax Income": NaN,
        "Other Income Expense": NaN,
        "Other Non Operating Income Expenses": NaN,
        "Special Income Charges": NaN,
        "Restructuring And Mergern Acquisition": NaN,
        "Net Non Operating Interest Income Expense": NaN,
        "Total Other Finance Cost": NaN,
        "Interest Expense Non Operating": NaN,
        "Interest Income Non Operating": NaN,
        "Operating Income": NaN,
        "Operating Expense": NaN,
        "Depreciation Amortization Depletion Income Statement": NaN,
        "Depreciation And Amortization In Income Statement": NaN,
        "Depreciation Income Statement": NaN,
        "Selling General And Administration": NaN,
        "General And Administrative Expense": NaN,
        "Other Gand A": NaN,
        "Salaries And Wages": NaN,
        "Gross Profit": NaN,
        "Cost Of Revenue": NaN,
        "Total Revenue": NaN,
        "Operating Revenue": NaN
    },
    "2024-03-31": {
        "Tax Effect Of Unusual Items": -249929.0,
        "Tax Rate For Calcs": 0.293,
        "Normalized EBITDA": 1668000.0,
        "Total Unusual Items": -853000.0,
        "Total Unusual Items Excluding Goodwill": -853000.0,
        "Net Income From Continuing Operation Net Minority Interest": -171000.0,
        "Reconciled Depreciation": 1046000.0,
        "Reconciled Cost Of Revenue": 13750000.0,
        "EBITDA": 815000.0,
        "EBIT": -231000.0,
        "Net Interest Income": -11000.0,
        "Interest Expense": 11000.0,
        "Interest Income": NaN,
        "Normalized Income": 432071.0,
        "Net Income From Continuing And Discontinued Operation": -171000.0,
        "Total Expenses": 44220000.0,
        "Total Operating Income As Reported": 375000.0,
        "Diluted Average Shares": 7236000.0,
        "Basic Average Shares": 7236000.0,
        "Diluted EPS": -0.02,
        "Basic EPS": -0.02,
        "Diluted NI Availto Com Stockholders": -171000.0,
        "Average Dilution Earnings": NaN,
        "Net Income Common Stockholders": -171000.0,
        "Otherunder Preferred Stock Dividend": NaN,
        "Preferred Stock Dividends": NaN,
        "Net Income": -171000.0,
        "Net Income Including Noncontrolling Interests": -171000.0,
        "Net Income Continuous Operations": -171000.0,
        "Tax Provision": -71000.0,
        "Pretax Income": -242000.0,
        "Other Income Expense": -1459000.0,
        "Other Non Operating Income Expenses": -606000.0,
        "Special Income Charges": -853000.0,
        "Restructuring And Mergern Acquisition": 853000.0,
        "Net Non Operating Interest Income Expense": -11000.0,
        "Total Other Finance Cost": NaN,
        "Interest Expense Non Operating": 11000.0,
        "Interest Income Non Operating": NaN,
        "Operating Income": 1228000.0,
        "Operating Expense": 30470000.0,
        "Depreciation Amortization Depletion Income Statement": 1046000.0,
        "Depreciation And Amortization In Income Statement": 1046000.0,
        "Depreciation Income Statement": NaN,
        "Selling General And Administration": 29424000.0,
        "General And Administrative Expense": 29424000.0,
        "Other Gand A": 5939000.0,
        "Salaries And Wages": 23485000.0,
        "Gross Profit": 31698000.0,
        "Cost Of Revenue": 13750000.0,
        "Total Revenue": 45448000.0,
        "Operating Revenue": 45448000.0
    }
}