{
    "2023-03-31": {
        "Tax Effect Of Unusual Items": NaN,
        "Tax Rate For Calcs": NaN,
        "Normalized EBITDA": NaN,
        "Net Income From Continuing Operation Net Minority Interest": NaN,
        "Reconciled Depreciation": NaN,
        "Reconciled Cost Of Revenue": NaN,
        "EBITDA": NaN,
        "EBIT": NaN,
        "Normalized Income": NaN,
        "Net Income From Continuing And Discontinued Operation": NaN,
        "Total Expenses": NaN,
        "Total Operating Income As Reported": NaN,
        "Diluted Average Shares": 207140298.0,
        "Basic Average Shares": 207140298.0,
        "Diluted EPS": -0.05,
        "Basic EPS": -0.05,
        "Diluted NI Availto Com Stockholders": NaN,
        "Net Income Common Stockholders": NaN,
        "Net Income": NaN,
        "Net Income Including Noncontrolling Interests": NaN,
        "Net Income Continuous Operations": NaN,
        "Tax Provision": NaN,
        "Pretax Income": NaN,
        "Other Income Expense": NaN,
        "Other Non Operating Income Expenses": NaN,
        "Operating Income": NaN,
        "Operating Expense": NaN,
        "Other Operating Expenses": NaN,
        "Research And Development": NaN,
        "Selling General And Administration": NaN,
        "Selling And Marketing Expense": NaN,
        "General And Administrative Expense": NaN,
        "Other Gand A": NaN,
        "Gross Profit": NaN,
        "Cost Of Revenue": NaN,
        "Total Revenue": NaN,
        "Operating Revenue": NaN
    },
    "2022-12-31": {
        "Tax Effect Of Unusual Items": NaN,
        "Tax Rate For Calcs": NaN,
        "Normalized EBITDA": NaN,
        "Total Unusual Items": -942000.0,
        "Total Unusual Items Excluding Goodwill": -942000.0,
        "Net Income From Continuing Operation Net Minority Interest": NaN,
        "Reconciled Depreciation": NaN,
        "Reconciled Cost Of Revenue": NaN,
        "EBITDA": NaN,
        "EBIT": NaN,
        "Normalized Income": NaN,
        "Net Income From Continuing And Discontinued Operation": NaN,
        "Total Expenses": NaN,
        "Total Operating Income As Reported": NaN,
        "Diluted Average Shares": NaN,
        "Basic Average Shares": NaN,
        "Diluted EPS": NaN,
        "Basic EPS": NaN,
        "Diluted NI Availto Com Stockholders": NaN,
        "Net Income Common Stockholders": NaN,
        "Net Income": NaN,
        "Net Income Including Noncontrolling Interests": NaN,
        "Net Income Continuous Operations": NaN,
        "Tax Provision": NaN,
        "Pretax Income": NaN,
        "Other Income Expense": NaN,
        "Other Non Operating Income Expenses": NaN,
        "Operating Income": NaN,
        "Operating Expense": NaN,
        "Other Operating Expenses": NaN,
        "Research And Development": NaN,
        "Selling General And Administration": NaN,
        "Selling And Marketing Expense": NaN,
        "General And Administrative Expense": NaN,
        "Other Gand A": NaN,
        "Gross Profit": NaN,
        "Cost Of Revenue": NaN,
        "Total Revenue": NaN,
        "Operating Revenue": NaN
    },
    "2022-09-30": {
        "Tax Effect Of Unusual Items": NaN,
        "Tax Rate For Calcs": NaN,
        "Normalized EBITDA": NaN,
        "Total Unusual Items": 450000.0,
        "Total Unusual Items Excluding Goodwill": 450000.0,
        "Net Income From Continuing Operation Net Minority Interest": NaN,
        "Reconciled Depreciation": NaN,
        "Reconciled Cost Of Revenue": NaN,
        "EBITDA": NaN,
        "EBIT": NaN,
        "Normalized Income": NaN,
        "Net Income From Continuing And Discontinued Operation": NaN,
        "Total Expenses": NaN,
        "Total Operating Income As Reported": NaN,
        "Diluted Average Shares": NaN,
        "Basic Average Shares": NaN,
        "Diluted EPS": NaN,
        "Basic EPS": NaN,
        "Diluted NI Availto Com Stockholders": NaN,
        "Net Income Common Stockholders": NaN,
        "Net Income": NaN,
        "Net Income Including Noncontrolling Interests": NaN,
        "Net Income Continuous Operations": NaN,
        "Tax Provision": NaN,
        "Pretax Income": NaN,
        "Other Income Expense": NaN,
        "Other Non Operating Income Expenses": NaN,
        "Special Income Charges": 450000.0,
        "Restructuring And Mergern Acquisition": -450000.0,
        "Gain On Sale Of Security": 450000.0,
        "Operating Income": NaN,
        "Operating Expense": NaN,
        "Other Operating Expenses": NaN,
        "Research And Development": NaN,
        "Selling General And Administration": NaN,
        "Selling And Marketing Expense": NaN,
        "General And Administrative Expense": NaN,
        "Other Gand A": NaN,
        "Salaries And Wages": 21751000.0,
        "Gross Profit": NaN,
        "Cost Of Revenue": NaN,
        "Total Revenue": NaN,
        "Operating Revenue": NaN
    },
    "2022-06-30": {
        "Tax Effect Of Unusual Items": 48400.0,
        "Tax Rate For Calcs": 0.4,
        "Normalized EBITDA": -18490000.0,
        "Total Unusual Items": 121000.0,
        "Total Unusual Items Excluding Goodwill": 121000.0,
        "Net Income From Continuing Operation Net Minority Interest": -19679000.0,
        "Reconciled Depreciation": 1821000.0,
        "Reconciled Cost Of Revenue": 26387000.0,
        "EBITDA": -18369000.0,
        "EBIT": -20190000.0,
        "Normalized Income": -19751600.0,
        "Net Income From Continuing And Discontinued Operation": -19679000.0,
        "Total Expenses": 133753000.0,
        "Total Operating Income As Reported": -20190000.0,
        "Diluted Average Shares": 203949535.0,
        "Basic Average Shares": 203949535.0,
        "Diluted EPS": -0.1,
        "Basic EPS": -0.1,
        "Diluted NI Availto Com Stockholders": -19679000.0,
        "Net Income Common Stockholders": -19679000.0,
        "Net Income": -19679000.0,
        "Net Income Including Noncontrolling Interests": -19679000.0,
        "Net Income Continuous Operations": -19679000.0,
        "Tax Provision": 12000.0,
        "Pretax Income": -19667000.0,
        "Other Income Expense": 523000.0,
        "Other Non Operating Income Expenses": 402000.0,
        "Special Income Charges": NaN,
        "Restructuring And Mergern Acquisition": NaN,
        "Gain On Sale Of Security": 121000.0,
        "Operating Income": -20190000.0,
        "Operating Expense": 107366000.0,
        "Other Operating Expenses": NaN,
        "Research And Development": NaN,
        "Selling General And Administration": 107366000.0,
        "Selling And Marketing Expense": 60490000.0,
        "General And Administrative Expense": 46876000.0,
        "Other Gand A": 46876000.0,
        "Salaries And Wages": NaN,
        "Gross Profit": 87176000.0,
        "Cost Of Revenue": 26387000.0,
        "Total Revenue": 113563000.0,
        "Operating Revenue": 113563000.0
    },
    "2022-03-31": {
        "Diluted EPS": -0.08,
        "Total Revenue": 101,
        "Gross Profit": 75,
        "Operating Income": -17,
        "EBIT": -14,
        "Net Income": -16
    },
    "2021-12-31": {
        "Diluted EPS": -0.11,
        "Total Revenue": 85,
        "Gross Profit": 62,
        "Operating Income": -22,
        "EBIT": -20,
        "Net Income": -31
    },
    "2021-09-30": {
        "Diluted EPS": -0.08,
        "Total Revenue": 74,
        "Gross Profit": 55,
        "Operating Income": -28,
        "EBIT": -25,
        "Net Income": -16
    },
    "2021-06-30": {
        "Diluted EPS": -0.05,
        "Total Revenue": 61,
        "Gross Profit": 47,
        "Operating Income": -17,
        "EBIT": -17,
        "Net Income": -9
    },
    "2021-03-31": {
        "Diluted EPS": -0.34,
        "Total Revenue": 52,
        "Gross Profit": 40,
        "Operating Income": -48,
        "EBIT": -48,
        "Net Income": -51
    },
    "2020-12-31": {
        "Diluted EPS": -0.15,
        "Total Revenue": 41,
        "Gross Profit": 32,
        "Operating Income": -5,
        "EBIT": -4,
        "Net Income": -5
    },
    "2020-09-30": {
        "Diluted EPS": -0.16,
        "Total Revenue": 41,
        "Gross Profit": 31,
        "Operating Income": -3,
        "EBIT": -3,
        "Net Income": -6
    },
    "2020-06-30": {
        "Diluted EPS": -0.03,
        "Total Revenue": 36,
        "Gross Profit": 26,
        "Operating Income": -1,
        "EBIT": -1,
        "Net Income": -1
    },
    "2020-03-31": {
        "Diluted EPS": -0.17,
        "Total Revenue": 30,
        "Gross Profit": 21,
        "Operating Income": -6,
        "EBIT": -6,
        "Net Income": -6
    },
    "2019-12-31": {
        "Diluted EPS": 0.0,
        "Total Revenue": NaN,
        "Gross Profit": NaN,
        "Operating Income": NaN,
        "EBIT": NaN,
        "Net Income": NaN
    },
    "2019-09-30": {
        "Diluted EPS": -0.09,
        "Total Revenue": NaN,
        "Gross Profit": NaN,
        "Operating Income": 0,
        "EBIT": 0,
        "Net Income": 0
    },
    "2019-06-30": {
        "Diluted EPS": -0.07,
        "Total Revenue": NaN,
        "Gross Profit": NaN,
        "Operating Income": 0,
        "EBIT": 0,
        "Net Income": 0
    },
    "2023-06-30": {
        "Tax Effect Of Unusual Items": NaN,
        "Tax Rate For Calcs": NaN,
        "Normalized EBITDA": NaN,
        "Net Income From Continuing Operation Net Minority Interest": NaN,
        "Reconciled Depreciation": NaN,
        "Reconciled Cost Of Revenue": NaN,
        "EBITDA": NaN,
        "EBIT": NaN,
        "Normalized Income": NaN,
        "Net Income From Continuing And Discontinued Operation": NaN,
        "Total Expenses": NaN,
        "Total Operating Income As Reported": NaN,
        "Diluted Average Shares": 208422825.0,
        "Basic Average Shares": 208422825.0,
        "Diluted EPS": -0.03,
        "Basic EPS": -0.03,
        "Diluted NI Availto Com Stockholders": NaN,
        "Net Income Common Stockholders": NaN,
        "Net Income": NaN,
        "Net Income Including Noncontrolling Interests": NaN,
        "Net Income Continuous Operations": NaN,
        "Tax Provision": NaN,
        "Pretax Income": NaN,
        "Other Income Expense": NaN,
        "Other Non Operating Income Expenses": NaN,
        "Operating Income": NaN,
        "Operating Expense": NaN,
        "Other Operating Expenses": NaN,
        "Research And Development": NaN,
        "Selling General And Administration": NaN,
        "Selling And Marketing Expense": NaN,
        "General And Administrative Expense": NaN,
        "Other Gand A": NaN,
        "Gross Profit": NaN,
        "Cost Of Revenue": NaN,
        "Total Revenue": NaN,
        "Operating Revenue": NaN
    },
    "2023-09-30": {
        "Tax Effect Of Unusual Items": 0.0,
        "Tax Rate For Calcs": 0.21,
        "Normalized EBITDA": -6191000.0,
        "Net Income From Continuing Operation Net Minority Interest": -7567000.0,
        "Reconciled Depreciation": 2363000.0,
        "Reconciled Cost Of Revenue": 39391000.0,
        "EBITDA": -6191000.0,
        "EBIT": -8554000.0,
        "Normalized Income": -7567000.0,
        "Net Income From Continuing And Discontinued Operation": -7567000.0,
        "Total Expenses": 235253000.0,
        "Total Operating Income As Reported": -8554000.0,
        "Diluted Average Shares": 210134681.0,
        "Basic Average Shares": 210134681.0,
        "Diluted EPS": -0.04,
        "Basic EPS": -0.04,
        "Diluted NI Availto Com Stockholders": -7567000.0,
        "Net Income Common Stockholders": -7567000.0,
        "Net Income": -7567000.0,
        "Net Income Including Noncontrolling Interests": -7567000.0,
        "Net Income Continuous Operations": -7567000.0,
        "Tax Provision": 651000.0,
        "Pretax Income": -6916000.0,
        "Other Income Expense": 1638000.0,
        "Other Non Operating Income Expenses": 1638000.0,
        "Operating Income": -8554000.0,
        "Operating Expense": 195862000.0,
        "Other Operating Expenses": 31609000.0,
        "Research And Development": 12270000.0,
        "Selling General And Administration": 151983000.0,
        "Selling And Marketing Expense": 116076000.0,
        "General And Administrative Expense": 35907000.0,
        "Other Gand A": 35907000.0,
        "Gross Profit": 187308000.0,
        "Cost Of Revenue": 39391000.0,
        "Total Revenue": 226699000.0,
        "Operating Revenue": 226699000.0
    },
    "2023-12-31": {
        "Tax Effect Of Unusual Items": 0.0,
        "Tax Rate For Calcs": 0.21,
        "Normalized EBITDA": 2258000.0,
        "Net Income From Continuing Operation Net Minority Interest": 1245000.0,
        "Reconciled Depreciation": 2658000.0,
        "Reconciled Cost Of Revenue": 42561000.0,
        "EBITDA": 2258000.0,
        "EBIT": -400000.0,
        "Normalized Income": 1245000.0,
        "Net Income From Continuing And Discontinued Operation": 1245000.0,
        "Total Expenses": 247019000.0,
        "Total Operating Income As Reported": -400000.0,
        "Diluted Average Shares": NaN,
        "Basic Average Shares": NaN,
        "Diluted EPS": NaN,
        "Basic EPS": NaN,
        "Diluted NI Availto Com Stockholders": 1245000.0,
        "Net Income Common Stockholders": 1245000.0,
        "Net Income": 1245000.0,
        "Net Income Including Noncontrolling Interests": 1245000.0,
        "Net Income Continuous Operations": 1245000.0,
        "Tax Provision": 951000.0,
        "Pretax Income": 2196000.0,
        "Other Income Expense": 2596000.0,
        "Other Non Operating Income Expenses": 2596000.0,
        "Operating Income": -400000.0,
        "Operating Expense": 204458000.0,
        "Other Operating Expenses": 32839000.0,
        "Research And Development": 13405000.0,
        "Selling General And Administration": 158214000.0,
        "Selling And Marketing Expense": 125895000.0,
        "General And Administrative Expense": 32319000.0,
        "Other Gand A": 32319000.0,
        "Gross Profit": 204058000.0,
        "Cost Of Revenue": 42561000.0,
        "Total Revenue": 246619000.0,
        "Operating Revenue": 246619000.0
    },
    "2024-03-31": {
        "Tax Effect Of Unusual Items": 0.0,
        "Tax Rate For Calcs": 0.103,
        "Normalized EBITDA": 12904000.0,
        "Net Income From Continuing Operation Net Minority Interest": 11128000.0,
        "Reconciled Depreciation": 3001000.0,
        "Reconciled Cost Of Revenue": 49076000.0,
        "EBITDA": 12904000.0,
        "EBIT": 9903000.0,
        "Normalized Income": 11128000.0,
        "Net Income From Continuing And Discontinued Operation": 11128000.0,
        "Total Expenses": 268268000.0,
        "Total Operating Income As Reported": 9903000.0,
        "Diluted Average Shares": 229364585.0,
        "Basic Average Shares": 213452092.0,
        "Diluted EPS": 0.05,
        "Basic EPS": 0.05,
        "Diluted NI Availto Com Stockholders": 11128000.0,
        "Net Income Common Stockholders": 11128000.0,
        "Net Income": 11128000.0,
        "Net Income Including Noncontrolling Interests": 11128000.0,
        "Net Income Continuous Operations": 11128000.0,
        "Tax Provision": 1275000.0,
        "Pretax Income": 12403000.0,
        "Other Income Expense": 2500000.0,
        "Other Non Operating Income Expenses": 2500000.0,
        "Operating Income": 9903000.0,
        "Operating Expense": 219192000.0,
        "Other Operating Expenses": 38747000.0,
        "Research And Development": 15324000.0,
        "Selling General And Administration": 165121000.0,
        "Selling And Marketing Expense": 130553000.0,
        "General And Administrative Expense": 34568000.0,
        "Other Gand A": 34568000.0,
        "Gross Profit": 229095000.0,
        "Cost Of Revenue": 49076000.0,
        "Total Revenue": 278171000.0,
        "Operating Revenue": 278171000.0
    },
    "2024-06-30": {
        "Tax Effect Of Unusual Items": 0.0,
        "Tax Rate For Calcs": 0.009,
        "Normalized EBITDA": 14673000.0,
        "Net Income From Continuing Operation Net Minority Interest": 13297000.0,
        "Reconciled Depreciation": 3643000.0,
        "Reconciled Cost Of Revenue": 59035000.0,
        "EBITDA": 14673000.0,
        "EBIT": 11030000.0,
        "Normalized Income": 13297000.0,
        "Net Income From Continuing And Discontinued Operation": 13297000.0,
        "Total Expenses": 304618000.0,
        "Total Operating Income As Reported": 11030000.0,
        "Diluted Average Shares": 234791985.0,
        "Basic Average Shares": 214618037.0,
        "Diluted EPS": 0.06,
        "Basic EPS": 0.06,
        "Diluted NI Availto Com Stockholders": 13297000.0,
        "Net Income Common Stockholders": 13297000.0,
        "Net Income": 13297000.0,
        "Net Income Including Noncontrolling Interests": 13297000.0,
        "Net Income Continuous Operations": 13297000.0,
        "Tax Provision": 127000.0,
        "Pretax Income": 13424000.0,
        "Other Income Expense": 2394000.0,
        "Other Non Operating Income Expenses": 2394000.0,
        "Operating Income": 11030000.0,
        "Operating Expense": 245583000.0,
        "Other Operating Expenses": 41453000.0,
        "Research And Development": 18654000.0,
        "Selling General And Administration": 185476000.0,
        "Selling And Marketing Expense": 144922000.0,
        "General And Administrative Expense": 40554000.0,
        "Other Gand A": 40554000.0,
        "Gross Profit": 256613000.0,
        "Cost Of Revenue": 59035000.0,
        "Total Revenue": 315648000.0,
        "Operating Revenue": 315648000.0
    },
    "2024-09-30": {
        "Tax Effect Of Unusual Items": 0.0,
        "Tax Rate For Calcs": 0.21,
        "Normalized EBITDA": 26757000.0,
        "Net Income From Continuing Operation Net Minority Interest": 75588000.0,
        "Reconciled Depreciation": 4383000.0,
        "Reconciled Cost Of Revenue": 83670000.0,
        "EBITDA": 26757000.0,
        "EBIT": 22374000.0,
        "Normalized Income": 75588000.0,
        "Net Income From Continuing And Discontinued Operation": 75588000.0,
        "Total Expenses": 379182000.0,
        "Total Operating Income As Reported": 22374000.0,
        "Diluted Average Shares": 235069539.0,
        "Basic Average Shares": 216617143.0,
        "Diluted EPS": 0.32,
        "Basic EPS": 0.35,
        "Diluted NI Availto Com Stockholders": 75588000.0,
        "Net Income Common Stockholders": 75588000.0,
        "Net Income": 75588000.0,
        "Net Income Including Noncontrolling Interests": 75588000.0,
        "Net Income Continuous Operations": 75588000.0,
        "Tax Provision": -51995000.0,
        "Pretax Income": 23593000.0,
        "Other Income Expense": 1219000.0,
        "Other Non Operating Income Expenses": 1219000.0,
        "Operating Income": 22374000.0,
        "Operating Expense": 295512000.0,
        "Other Operating Expenses": 47519000.0,
        "Research And Development": 21092000.0,
        "Selling General And Administration": 226901000.0,
        "Selling And Marketing Expense": 182284000.0,
        "General And Administrative Expense": 44617000.0,
        "Other Gand A": 44617000.0,
        "Gross Profit": 317886000.0,
        "Cost Of Revenue": 83670000.0,
        "Total Revenue": 401556000.0,
        "Operating Revenue": 401556000.0
    }
}