{
    "2023-03-31": {
        "Tax Effect Of Unusual Items": NaN,
        "Tax Rate For Calcs": NaN,
        "Total Unusual Items": NaN,
        "Total Unusual Items Excluding Goodwill": NaN,
        "Net Income From Continuing Operation Net Minority Interest": NaN,
        "Reconciled Depreciation": NaN,
        "Net Interest Income": -300000.0,
        "Interest Income": NaN,
        "Normalized Income": NaN,
        "Net Income From Continuing And Discontinued Operation": NaN,
        "Total Expenses": NaN,
        "Diluted Average Shares": 23198491.0,
        "Basic Average Shares": 23198491.0,
        "Diluted EPS": -3.01,
        "Basic EPS": -3.01,
        "Diluted NI Availto Com Stockholders": NaN,
        "Net Income Common Stockholders": NaN,
        "Net Income": NaN,
        "Minority Interests": NaN,
        "Net Income Including Noncontrolling Interests": NaN,
        "Net Income Continuous Operations": NaN,
        "Tax Provision": NaN,
        "Pretax Income": NaN,
        "Special Income Charges": NaN,
        "Impairment Of Capital Assets": NaN,
        "Net Non Operating Interest Income Expense": -300000.0,
        "Other Operating Expenses": NaN,
        "Depreciation And Amortization In Income Statement": NaN,
        "Amortization": NaN,
        "Selling General And Administration": NaN,
        "Selling And Marketing Expense": NaN,
        "General And Administrative Expense": NaN,
        "Other Gand A": NaN,
        "Salaries And Wages": NaN,
        "Total Revenue": NaN,
        "Operating Revenue": NaN,
        "Loss Adjustment Expense": NaN,
        "Net Policyholder Benefits And Claims": NaN,
        "Policyholder Benefits Gross": NaN,
        "Policyholder Benefits Ceded": NaN
    },
    "2022-12-31": {
        "Tax Effect Of Unusual Items": NaN,
        "Tax Rate For Calcs": NaN,
        "Total Unusual Items": NaN,
        "Total Unusual Items Excluding Goodwill": NaN,
        "Net Income From Continuing Operation Net Minority Interest": NaN,
        "Reconciled Depreciation": NaN,
        "Net Interest Income": 1100000.0,
        "Interest Income": NaN,
        "Normalized Income": NaN,
        "Net Income From Continuing And Discontinued Operation": NaN,
        "Total Expenses": NaN,
        "Diluted Average Shares": NaN,
        "Basic Average Shares": NaN,
        "Diluted EPS": NaN,
        "Basic EPS": NaN,
        "Diluted NI Availto Com Stockholders": NaN,
        "Net Income Common Stockholders": NaN,
        "Net Income": NaN,
        "Minority Interests": NaN,
        "Net Income Including Noncontrolling Interests": NaN,
        "Net Income Continuous Operations": NaN,
        "Tax Provision": NaN,
        "Pretax Income": NaN,
        "Special Income Charges": NaN,
        "Impairment Of Capital Assets": NaN,
        "Net Non Operating Interest Income Expense": 1100000.0,
        "Other Operating Expenses": NaN,
        "Depreciation And Amortization In Income Statement": NaN,
        "Amortization": NaN,
        "Selling General And Administration": NaN,
        "Selling And Marketing Expense": NaN,
        "General And Administrative Expense": NaN,
        "Other Gand A": NaN,
        "Salaries And Wages": NaN,
        "Total Revenue": NaN,
        "Operating Revenue": NaN,
        "Loss Adjustment Expense": NaN,
        "Net Policyholder Benefits And Claims": NaN,
        "Policyholder Benefits Gross": NaN,
        "Policyholder Benefits Ceded": NaN
    },
    "2022-09-30": {
        "Tax Effect Of Unusual Items": NaN,
        "Tax Rate For Calcs": NaN,
        "Total Unusual Items": NaN,
        "Total Unusual Items Excluding Goodwill": NaN,
        "Net Income From Continuing Operation Net Minority Interest": NaN,
        "Reconciled Depreciation": NaN,
        "Net Interest Income": 100000.0,
        "Interest Income": NaN,
        "Normalized Income": NaN,
        "Net Income From Continuing And Discontinued Operation": NaN,
        "Total Expenses": NaN,
        "Diluted Average Shares": 22839916.0,
        "Basic Average Shares": 22839916.0,
        "Diluted EPS": -5.66,
        "Basic EPS": -5.66,
        "Diluted NI Availto Com Stockholders": NaN,
        "Net Income Common Stockholders": NaN,
        "Net Income": NaN,
        "Minority Interests": NaN,
        "Net Income Including Noncontrolling Interests": NaN,
        "Net Income Continuous Operations": NaN,
        "Tax Provision": NaN,
        "Pretax Income": NaN,
        "Special Income Charges": NaN,
        "Impairment Of Capital Assets": NaN,
        "Net Non Operating Interest Income Expense": 100000.0,
        "Other Operating Expenses": NaN,
        "Depreciation And Amortization In Income Statement": NaN,
        "Amortization": NaN,
        "Selling General And Administration": NaN,
        "Selling And Marketing Expense": NaN,
        "General And Administrative Expense": NaN,
        "Other Gand A": NaN,
        "Salaries And Wages": NaN,
        "Total Revenue": NaN,
        "Operating Revenue": NaN
    },
    "2022-06-30": {
        "Tax Effect Of Unusual Items": 0.0,
        "Tax Rate For Calcs": 0.4,
        "Total Unusual Items": NaN,
        "Total Unusual Items Excluding Goodwill": NaN,
        "Net Income From Continuing Operation Net Minority Interest": -73500000.0,
        "Reconciled Depreciation": 3500000.0,
        "Net Interest Income": 300000.0,
        "Interest Income": NaN,
        "Normalized Income": -73500000.0,
        "Net Income From Continuing And Discontinued Operation": -73500000.0,
        "Total Expenses": 100400000.0,
        "Diluted Average Shares": 22644306.0,
        "Basic Average Shares": 22644306.0,
        "Diluted EPS": -3.25,
        "Basic EPS": -3.25,
        "Diluted NI Availto Com Stockholders": -73500000.0,
        "Net Income Common Stockholders": -73500000.0,
        "Net Income": -73500000.0,
        "Minority Interests": -1500000.0,
        "Net Income Including Noncontrolling Interests": -72000000.0,
        "Net Income Continuous Operations": -72000000.0,
        "Tax Provision": 300000.0,
        "Pretax Income": -71700000.0,
        "Special Income Charges": NaN,
        "Impairment Of Capital Assets": NaN,
        "Net Non Operating Interest Income Expense": 300000.0,
        "Other Operating Expenses": 16500000.0,
        "Depreciation And Amortization In Income Statement": NaN,
        "Amortization": NaN,
        "Selling General And Administration": 37600000.0,
        "Selling And Marketing Expense": 19400000.0,
        "General And Administrative Expense": 18200000.0,
        "Other Gand A": 18200000.0,
        "Salaries And Wages": NaN,
        "Total Revenue": 28700000.0,
        "Operating Revenue": 28700000.0
    },
    "2022-03-31": {
        "Diluted EPS": -3.01,
        "Total Revenue": 25,
        "Gross Profit": 25,
        "Operating Income": -67,
        "EBIT": -63,
        "Net Income": -68
    },
    "2021-12-31": {
        "Diluted EPS": 40.14,
        "Total Revenue": 32,
        "Gross Profit": 32,
        "Operating Income": -263,
        "EBIT": -260,
        "Net Income": -61
    },
    "2021-09-30": {
        "Diluted EPS": -2.0,
        "Total Revenue": 21,
        "Gross Profit": 21,
        "Operating Income": -56,
        "EBIT": -50,
        "Net Income": -31
    },
    "2021-06-30": {
        "Diluted EPS": -21.5,
        "Total Revenue": 21,
        "Gross Profit": 21,
        "Operating Income": -48,
        "EBIT": -36,
        "Net Income": -85
    },
    "2021-03-31": {
        "Diluted EPS": -50.75,
        "Total Revenue": 17,
        "Gross Profit": 17,
        "Operating Income": -48,
        "EBIT": -37,
        "Net Income": -195
    },
    "2020-12-31": {
        "Diluted EPS": 0.0,
        "Total Revenue": NaN,
        "Gross Profit": NaN,
        "Operating Income": NaN,
        "EBIT": NaN,
        "Net Income": NaN
    },
    "2020-09-30": {
        "Diluted EPS": -11.0,
        "Total Revenue": 13,
        "Gross Profit": 13,
        "Operating Income": -41,
        "EBIT": -41,
        "Net Income": -39
    },
    "2023-06-30": {
        "Tax Effect Of Unusual Items": 0.0,
        "Tax Rate For Calcs": 0.21,
        "Total Unusual Items": 0.0,
        "Total Unusual Items Excluding Goodwill": 0.0,
        "Net Income From Continuing Operation Net Minority Interest": -107800000.0,
        "Reconciled Depreciation": 5200000.0,
        "Net Interest Income": 0.0,
        "Interest Income": 1300000.0,
        "Normalized Income": -107800000.0,
        "Net Income From Continuing And Discontinued Operation": -107800000.0,
        "Total Expenses": 152700000.0,
        "Diluted Average Shares": 23387767.0,
        "Basic Average Shares": 23387767.0,
        "Diluted EPS": -4.61,
        "Basic EPS": -4.61,
        "Diluted NI Availto Com Stockholders": -107800000.0,
        "Net Income Common Stockholders": -107800000.0,
        "Net Income": -107800000.0,
        "Minority Interests": -2600000.0,
        "Net Income Including Noncontrolling Interests": -105200000.0,
        "Net Income Continuous Operations": -105200000.0,
        "Tax Provision": 200000.0,
        "Pretax Income": -105000000.0,
        "Special Income Charges": 0.0,
        "Impairment Of Capital Assets": 0.0,
        "Net Non Operating Interest Income Expense": 0.0,
        "Other Operating Expenses": 13100000.0,
        "Depreciation And Amortization In Income Statement": 3100000.0,
        "Amortization": 3100000.0,
        "Selling General And Administration": 47500000.0,
        "Selling And Marketing Expense": 22600000.0,
        "General And Administrative Expense": 24900000.0,
        "Other Gand A": 21500000.0,
        "Salaries And Wages": 3400000.0,
        "Total Revenue": 47700000.0,
        "Operating Revenue": 47700000.0,
        "Loss Adjustment Expense": 79900000.0,
        "Net Policyholder Benefits And Claims": 79900000.0,
        "Policyholder Benefits Gross": 203200000.0,
        "Policyholder Benefits Ceded": 123300000.0
    },
    "2023-09-30": {
        "Tax Effect Of Unusual Items": 0.0,
        "Tax Rate For Calcs": 0.005929,
        "Total Unusual Items": 0.0,
        "Total Unusual Items Excluding Goodwill": 0.0,
        "Net Income From Continuing Operation Net Minority Interest": -53100000.0,
        "Reconciled Depreciation": 4900000.0,
        "Net Interest Income": 0.0,
        "Interest Income": 1500000.0,
        "Normalized Income": -53100000.0,
        "Net Income From Continuing And Discontinued Operation": -53100000.0,
        "Total Expenses": 108300000.0,
        "Diluted Average Shares": 23729570.0,
        "Basic Average Shares": 23729570.0,
        "Diluted EPS": -2.24,
        "Basic EPS": -2.24,
        "Diluted NI Availto Com Stockholders": -53100000.0,
        "Net Income Common Stockholders": -53100000.0,
        "Net Income": -53100000.0,
        "Minority Interests": -2800000.0,
        "Net Income Including Noncontrolling Interests": -50300000.0,
        "Net Income Continuous Operations": -50300000.0,
        "Tax Provision": -300000.0,
        "Pretax Income": -50600000.0,
        "Special Income Charges": 0.0,
        "Impairment Of Capital Assets": 0.0,
        "Net Non Operating Interest Income Expense": 0.0,
        "Other Operating Expenses": 11900000.0,
        "Depreciation And Amortization In Income Statement": 3400000.0,
        "Amortization": 3400000.0,
        "Selling General And Administration": 42100000.0,
        "Selling And Marketing Expense": 18900000.0,
        "General And Administrative Expense": 23200000.0,
        "Other Gand A": 20700000.0,
        "Salaries And Wages": 2500000.0,
        "Total Revenue": 57700000.0,
        "Operating Revenue": 57700000.0,
        "Loss Adjustment Expense": 40600000.0,
        "Net Policyholder Benefits And Claims": 40600000.0,
        "Policyholder Benefits Gross": 128600000.0,
        "Policyholder Benefits Ceded": 88000000.0
    },
    "2023-12-31": {
        "Tax Effect Of Unusual Items": -1155000.0,
        "Tax Rate For Calcs": 0.21,
        "Total Unusual Items": -5500000.0,
        "Total Unusual Items Excluding Goodwill": -5500000.0,
        "Net Income From Continuing Operation Net Minority Interest": -42300000.0,
        "Reconciled Depreciation": 5400000.0,
        "Net Interest Income": NaN,
        "Interest Income": 3200000.0,
        "Normalized Income": -37955000.0,
        "Net Income From Continuing And Discontinued Operation": -42300000.0,
        "Total Expenses": 103500000.0,
        "Diluted Average Shares": NaN,
        "Basic Average Shares": NaN,
        "Diluted EPS": NaN,
        "Basic EPS": NaN,
        "Diluted NI Availto Com Stockholders": -42300000.0,
        "Net Income Common Stockholders": -42300000.0,
        "Net Income": -42300000.0,
        "Minority Interests": -3000000.0,
        "Net Income Including Noncontrolling Interests": -39300000.0,
        "Net Income Continuous Operations": -39300000.0,
        "Tax Provision": 300000.0,
        "Pretax Income": -39000000.0,
        "Special Income Charges": -5500000.0,
        "Impairment Of Capital Assets": 5500000.0,
        "Net Non Operating Interest Income Expense": NaN,
        "Other Operating Expenses": 9600000.0,
        "Depreciation And Amortization In Income Statement": 3700000.0,
        "Amortization": 3700000.0,
        "Selling General And Administration": 39800000.0,
        "Selling And Marketing Expense": 16200000.0,
        "General And Administrative Expense": 23600000.0,
        "Other Gand A": 17600000.0,
        "Salaries And Wages": 6000000.0,
        "Total Revenue": 64500000.0,
        "Operating Revenue": 64500000.0,
        "Loss Adjustment Expense": 36100000.0,
        "Net Policyholder Benefits And Claims": 36100000.0,
        "Policyholder Benefits Gross": 97900000.0,
        "Policyholder Benefits Ceded": 61800000.0
    },
    "2024-03-31": {
        "Tax Effect Of Unusual Items": -756000.0,
        "Tax Rate For Calcs": 0.21,
        "Total Unusual Items": -3600000.0,
        "Total Unusual Items Excluding Goodwill": -3600000.0,
        "Net Income From Continuing Operation Net Minority Interest": -35700000.0,
        "Reconciled Depreciation": 5600000.0,
        "Net Interest Income": NaN,
        "Interest Income": 2200000.0,
        "Normalized Income": -32856000.0,
        "Net Income From Continuing And Discontinued Operation": -35700000.0,
        "Total Expenses": 118000000.0,
        "Diluted Average Shares": 24225650.0,
        "Basic Average Shares": 24225650.0,
        "Diluted EPS": -1.47,
        "Basic EPS": -1.47,
        "Diluted NI Availto Com Stockholders": -35700000.0,
        "Net Income Common Stockholders": -35700000.0,
        "Net Income": -35700000.0,
        "Minority Interests": -2600000.0,
        "Net Income Including Noncontrolling Interests": -33100000.0,
        "Net Income Continuous Operations": -33100000.0,
        "Tax Provision": 200000.0,
        "Pretax Income": -32900000.0,
        "Special Income Charges": -3600000.0,
        "Impairment Of Capital Assets": 3600000.0,
        "Net Non Operating Interest Income Expense": NaN,
        "Other Operating Expenses": 8300000.0,
        "Depreciation And Amortization In Income Statement": 3900000.0,
        "Amortization": 3900000.0,
        "Selling General And Administration": 34900000.0,
        "Selling And Marketing Expense": 14400000.0,
        "General And Administrative Expense": 20500000.0,
        "Other Gand A": 18300000.0,
        "Salaries And Wages": 2200000.0,
        "Total Revenue": 85100000.0,
        "Operating Revenue": 85100000.0,
        "Loss Adjustment Expense": 54400000.0,
        "Net Policyholder Benefits And Claims": 54400000.0,
        "Policyholder Benefits Gross": 122900000.0,
        "Policyholder Benefits Ceded": 68500000.0
    },
    "2024-06-30": {
        "Tax Effect Of Unusual Items": 0.0,
        "Tax Rate For Calcs": 0.21,
        "Total Unusual Items": 0.0,
        "Total Unusual Items Excluding Goodwill": 0.0,
        "Net Income From Continuing Operation Net Minority Interest": -40500000.0,
        "Reconciled Depreciation": 5900000.0,
        "Net Interest Income": NaN,
        "Interest Income": 2800000.0,
        "Normalized Income": -40500000.0,
        "Net Income From Continuing And Discontinued Operation": -40500000.0,
        "Total Expenses": 126100000.0,
        "Diluted Average Shares": 24633960.0,
        "Basic Average Shares": 24633960.0,
        "Diluted EPS": -1.64,
        "Basic EPS": -1.64,
        "Diluted NI Availto Com Stockholders": -40500000.0,
        "Net Income Common Stockholders": -40500000.0,
        "Net Income": -40500000.0,
        "Minority Interests": -3300000.0,
        "Net Income Including Noncontrolling Interests": -37200000.0,
        "Net Income Continuous Operations": -37200000.0,
        "Tax Provision": 700000.0,
        "Pretax Income": -36500000.0,
        "Special Income Charges": 0.0,
        "Impairment Of Capital Assets": 0.0,
        "Net Non Operating Interest Income Expense": NaN,
        "Other Operating Expenses": 7900000.0,
        "Depreciation And Amortization In Income Statement": 4100000.0,
        "Amortization": 4100000.0,
        "Selling General And Administration": 36800000.0,
        "Selling And Marketing Expense": 13400000.0,
        "General And Administrative Expense": 23400000.0,
        "Other Gand A": 19900000.0,
        "Salaries And Wages": 3500000.0,
        "Total Revenue": 89600000.0,
        "Operating Revenue": 89600000.0,
        "Loss Adjustment Expense": 63200000.0,
        "Net Policyholder Benefits And Claims": 63200000.0,
        "Policyholder Benefits Gross": 126000000.0,
        "Policyholder Benefits Ceded": 62800000.0
    }
}