{
    "2022-12-31": {
        "Tax Effect Of Unusual Items": NaN,
        "Tax Rate For Calcs": NaN,
        "Normalized EBITDA": NaN,
        "Total Unusual Items": NaN,
        "Total Unusual Items Excluding Goodwill": NaN,
        "Net Income From Continuing Operation Net Minority Interest": NaN,
        "Reconciled Depreciation": NaN,
        "Reconciled Cost Of Revenue": NaN,
        "EBITDA": NaN,
        "EBIT": NaN,
        "Net Interest Income": NaN,
        "Interest Expense": NaN,
        "Normalized Income": NaN,
        "Net Income From Continuing And Discontinued Operation": NaN,
        "Total Expenses": NaN,
        "Diluted Average Shares": 82704522.0,
        "Basic Average Shares": 82704522.0,
        "Diluted EPS": -1.13,
        "Basic EPS": -1.13,
        "Diluted NI Availto Com Stockholders": NaN,
        "Net Income Common Stockholders": NaN,
        "Net Income": NaN,
        "Net Income Including Noncontrolling Interests": NaN,
        "Net Income Continuous Operations": NaN,
        "Tax Provision": NaN,
        "Pretax Income": NaN,
        "Other Income Expense": NaN,
        "Other Non Operating Income Expenses": NaN,
        "Special Income Charges": NaN,
        "Gain On Sale Of Ppe": NaN,
        "Gain On Sale Of Business": 0.0,
        "Write Off": NaN,
        "Impairment Of Capital Assets": NaN,
        "Gain On Sale Of Security": NaN,
        "Net Non Operating Interest Income Expense": NaN,
        "Interest Expense Non Operating": NaN,
        "Operating Income": NaN,
        "Operating Expense": NaN,
        "Other Operating Expenses": 5997000.0,
        "Selling General And Administration": NaN,
        "Selling And Marketing Expense": NaN,
        "General And Administrative Expense": NaN,
        "Other Gand A": NaN,
        "Salaries And Wages": NaN,
        "Gross Profit": NaN,
        "Cost Of Revenue": NaN,
        "Total Revenue": NaN,
        "Operating Revenue": NaN
    },
    "2022-09-30": {
        "Tax Effect Of Unusual Items": NaN,
        "Tax Rate For Calcs": NaN,
        "Normalized EBITDA": NaN,
        "Total Unusual Items": NaN,
        "Total Unusual Items Excluding Goodwill": NaN,
        "Net Income From Continuing Operation Net Minority Interest": NaN,
        "Reconciled Depreciation": NaN,
        "Reconciled Cost Of Revenue": NaN,
        "EBITDA": NaN,
        "EBIT": NaN,
        "Net Interest Income": NaN,
        "Interest Expense": NaN,
        "Normalized Income": NaN,
        "Net Income From Continuing And Discontinued Operation": NaN,
        "Total Expenses": NaN,
        "Diluted Average Shares": 82253061.0,
        "Basic Average Shares": 82253061.0,
        "Diluted EPS": -0.41,
        "Basic EPS": -0.41,
        "Diluted NI Availto Com Stockholders": NaN,
        "Net Income Common Stockholders": NaN,
        "Net Income": NaN,
        "Net Income Including Noncontrolling Interests": NaN,
        "Net Income Continuous Operations": NaN,
        "Tax Provision": NaN,
        "Pretax Income": NaN,
        "Other Income Expense": NaN,
        "Other Non Operating Income Expenses": NaN,
        "Special Income Charges": NaN,
        "Gain On Sale Of Ppe": NaN,
        "Gain On Sale Of Business": 0.0,
        "Write Off": NaN,
        "Impairment Of Capital Assets": NaN,
        "Restructuring And Mergern Acquisition": 0.0,
        "Gain On Sale Of Security": NaN,
        "Net Non Operating Interest Income Expense": NaN,
        "Interest Expense Non Operating": NaN,
        "Operating Income": NaN,
        "Operating Expense": NaN,
        "Other Operating Expenses": NaN,
        "Selling General And Administration": NaN,
        "Selling And Marketing Expense": NaN,
        "General And Administrative Expense": NaN,
        "Other Gand A": NaN,
        "Salaries And Wages": NaN,
        "Gross Profit": NaN,
        "Cost Of Revenue": NaN,
        "Total Revenue": NaN,
        "Operating Revenue": NaN
    },
    "2022-06-30": {
        "Tax Effect Of Unusual Items": 0.0,
        "Tax Rate For Calcs": 0.0,
        "Normalized EBITDA": -49539896.0,
        "Total Unusual Items": -18982954.0,
        "Total Unusual Items Excluding Goodwill": -18982954.0,
        "Net Income From Continuing Operation Net Minority Interest": -95264545.0,
        "Reconciled Depreciation": 25752181.0,
        "Reconciled Cost Of Revenue": 43279154.0,
        "EBITDA": -68522850.0,
        "EBIT": -94275031.0,
        "Net Interest Income": -989514.0,
        "Interest Expense": 989514.0,
        "Normalized Income": -76281591.0,
        "Net Income From Continuing And Discontinued Operation": -95264545.0,
        "Total Expenses": 47232610.0,
        "Diluted Average Shares": 82241988.0,
        "Basic Average Shares": 82241988.0,
        "Diluted EPS": -1.41,
        "Basic EPS": -1.41,
        "Diluted NI Availto Com Stockholders": -95264545.0,
        "Net Income Common Stockholders": -95264545.0,
        "Net Income": -95264545.0,
        "Net Income Including Noncontrolling Interests": -95264545.0,
        "Net Income Continuous Operations": -95264545.0,
        "Tax Provision": NaN,
        "Pretax Income": -95264545.0,
        "Other Income Expense": -18982954.0,
        "Other Non Operating Income Expenses": NaN,
        "Special Income Charges": -11014558.0,
        "Gain On Sale Of Ppe": NaN,
        "Gain On Sale Of Business": 0.0,
        "Write Off": 4678000.0,
        "Impairment Of Capital Assets": 6336558.0,
        "Restructuring And Mergern Acquisition": 0.0,
        "Gain On Sale Of Security": -7968396.0,
        "Net Non Operating Interest Income Expense": -989514.0,
        "Interest Expense Non Operating": 989514.0,
        "Operating Income": -75292077.0,
        "Operating Expense": 3953456.0,
        "Other Operating Expenses": NaN,
        "Selling General And Administration": 3953456.0,
        "Selling And Marketing Expense": 198471.0,
        "General And Administrative Expense": 3754985.0,
        "Other Gand A": 2801623.0,
        "Salaries And Wages": 953362.0,
        "Gross Profit": -71338621.0,
        "Cost Of Revenue": 43279154.0,
        "Total Revenue": -28059467.0,
        "Operating Revenue": -28059467.0
    },
    "2023-03-31": {
        "Tax Effect Of Unusual Items": NaN,
        "Tax Rate For Calcs": NaN,
        "Normalized EBITDA": NaN,
        "Total Unusual Items": NaN,
        "Total Unusual Items Excluding Goodwill": NaN,
        "Net Income From Continuing Operation Net Minority Interest": NaN,
        "Reconciled Depreciation": NaN,
        "Reconciled Cost Of Revenue": NaN,
        "EBITDA": NaN,
        "EBIT": NaN,
        "Net Interest Income": NaN,
        "Interest Expense": NaN,
        "Normalized Income": NaN,
        "Net Income From Continuing And Discontinued Operation": NaN,
        "Total Expenses": NaN,
        "Diluted Average Shares": NaN,
        "Basic Average Shares": NaN,
        "Diluted EPS": NaN,
        "Basic EPS": NaN,
        "Diluted NI Availto Com Stockholders": NaN,
        "Net Income Common Stockholders": NaN,
        "Net Income": NaN,
        "Net Income Including Noncontrolling Interests": NaN,
        "Net Income Continuous Operations": NaN,
        "Tax Provision": NaN,
        "Pretax Income": NaN,
        "Other Income Expense": NaN,
        "Other Non Operating Income Expenses": NaN,
        "Special Income Charges": NaN,
        "Gain On Sale Of Ppe": NaN,
        "Gain On Sale Of Business": 0.0,
        "Write Off": 0.0,
        "Impairment Of Capital Assets": -1007154.0,
        "Gain On Sale Of Security": NaN,
        "Net Non Operating Interest Income Expense": NaN,
        "Interest Expense Non Operating": NaN,
        "Operating Income": NaN,
        "Operating Expense": NaN,
        "Other Operating Expenses": -7861554.0,
        "Provision For Doubtful Accounts": NaN,
        "Selling General And Administration": NaN,
        "Selling And Marketing Expense": NaN,
        "General And Administrative Expense": NaN,
        "Other Gand A": NaN,
        "Salaries And Wages": NaN,
        "Gross Profit": NaN,
        "Cost Of Revenue": NaN,
        "Total Revenue": NaN,
        "Operating Revenue": NaN
    },
    "2022-03-31": {
        "Diluted EPS": -0.47,
        "Total Revenue": 50,
        "Gross Profit": 23,
        "Operating Income": -17,
        "EBIT": 18,
        "Net Income": -34
    },
    "2021-12-31": {
        "Diluted EPS": 0.62,
        "Total Revenue": 69,
        "Gross Profit": 62,
        "Operating Income": 42,
        "EBIT": 57,
        "Net Income": 51
    },
    "2021-09-30": {
        "Diluted EPS": 0.49,
        "Total Revenue": 54,
        "Gross Profit": 46,
        "Operating Income": 35,
        "EBIT": 44,
        "Net Income": 39
    },
    "2021-06-30": {
        "Diluted EPS": 0.3,
        "Total Revenue": 39,
        "Gross Profit": 33,
        "Operating Income": 20,
        "EBIT": 27,
        "Net Income": 23
    },
    "2021-03-31": {
        "Diluted EPS": -0.07,
        "Total Revenue": 34,
        "Gross Profit": 29,
        "Operating Income": 27,
        "EBIT": 32,
        "Net Income": -4
    },
    "2020-12-31": {
        "Diluted EPS": 0.25,
        "Total Revenue": 14,
        "Gross Profit": 11,
        "Operating Income": 15,
        "EBIT": 18,
        "Net Income": 17
    },
    "2020-09-30": {
        "Diluted EPS": 0.15,
        "Total Revenue": 13,
        "Gross Profit": 9,
        "Operating Income": 10,
        "EBIT": 11,
        "Net Income": 9
    },
    "2020-06-30": {
        "Diluted EPS": 0.0,
        "Total Revenue": 7,
        "Gross Profit": 3,
        "Operating Income": 2,
        "EBIT": 3,
        "Net Income": 2
    },
    "2020-03-31": {
        "Diluted EPS": 0.0,
        "Total Revenue": 4,
        "Gross Profit": 3,
        "Operating Income": 2,
        "EBIT": 4,
        "Net Income": 1
    },
    "2019-12-31": {
        "Diluted EPS": 0.05,
        "Total Revenue": 5,
        "Gross Profit": 4,
        "Operating Income": 1,
        "EBIT": 2,
        "Net Income": 3
    },
    "2019-09-30": {
        "Diluted EPS": -0.2,
        "Total Revenue": 11,
        "Gross Profit": -2,
        "Operating Income": -10,
        "EBIT": -9,
        "Net Income": -12
    },
    "2019-06-30": {
        "Diluted EPS": 0.1,
        "Total Revenue": 9,
        "Gross Profit": 4,
        "Operating Income": 4,
        "EBIT": 6,
        "Net Income": 6
    },
    "2019-03-31": {
        "Diluted EPS": 0.0,
        "Total Revenue": NaN,
        "Gross Profit": NaN,
        "Operating Income": NaN,
        "EBIT": NaN,
        "Net Income": NaN
    },
    "2018-12-31": {
        "Diluted EPS": -0.6,
        "Total Revenue": 8,
        "Gross Profit": -2,
        "Operating Income": -20,
        "EBIT": -20,
        "Net Income": -36
    },
    "2018-03-31": {
        "Diluted EPS": 0.0,
        "Total Revenue": NaN,
        "Gross Profit": NaN,
        "Operating Income": NaN,
        "EBIT": NaN,
        "Net Income": NaN
    },
    "2023-06-30": {
        "Tax Effect Of Unusual Items": NaN,
        "Tax Rate For Calcs": NaN,
        "Normalized EBITDA": NaN,
        "Total Unusual Items": NaN,
        "Total Unusual Items Excluding Goodwill": NaN,
        "Net Income From Continuing Operation Net Minority Interest": NaN,
        "Reconciled Depreciation": NaN,
        "Reconciled Cost Of Revenue": NaN,
        "EBITDA": NaN,
        "EBIT": NaN,
        "Net Interest Income": NaN,
        "Interest Expense": NaN,
        "Normalized Income": NaN,
        "Net Income From Continuing And Discontinued Operation": NaN,
        "Total Expenses": NaN,
        "Diluted Average Shares": 84224374.0,
        "Basic Average Shares": 84224374.0,
        "Diluted EPS": -0.19,
        "Basic EPS": -0.19,
        "Diluted NI Availto Com Stockholders": NaN,
        "Net Income Common Stockholders": NaN,
        "Net Income": NaN,
        "Net Income Including Noncontrolling Interests": NaN,
        "Net Income Continuous Operations": NaN,
        "Tax Provision": NaN,
        "Pretax Income": NaN,
        "Other Income Expense": NaN,
        "Other Non Operating Income Expenses": NaN,
        "Special Income Charges": NaN,
        "Gain On Sale Of Ppe": NaN,
        "Gain On Sale Of Business": NaN,
        "Write Off": 0.0,
        "Impairment Of Capital Assets": 0.0,
        "Gain On Sale Of Security": NaN,
        "Net Non Operating Interest Income Expense": NaN,
        "Interest Expense Non Operating": NaN,
        "Operating Income": NaN,
        "Operating Expense": NaN,
        "Other Operating Expenses": NaN,
        "Provision For Doubtful Accounts": NaN,
        "Selling General And Administration": NaN,
        "Selling And Marketing Expense": NaN,
        "General And Administrative Expense": NaN,
        "Other Gand A": NaN,
        "Salaries And Wages": NaN,
        "Gross Profit": NaN,
        "Cost Of Revenue": NaN,
        "Total Revenue": NaN,
        "Operating Revenue": NaN
    },
    "2023-09-30": {
        "Tax Effect Of Unusual Items": 49200.0,
        "Tax Rate For Calcs": 0.4,
        "Normalized EBITDA": -5623000.0,
        "Total Unusual Items": 123000.0,
        "Total Unusual Items Excluding Goodwill": 123000.0,
        "Net Income From Continuing Operation Net Minority Interest": -24548000.0,
        "Reconciled Depreciation": 16567000.0,
        "Reconciled Cost Of Revenue": 34663000.0,
        "EBITDA": -5500000.0,
        "EBIT": -22067000.0,
        "Net Interest Income": -876000.0,
        "Interest Expense": 876000.0,
        "Normalized Income": -24621800.0,
        "Net Income From Continuing And Discontinued Operation": -24548000.0,
        "Total Expenses": 42270000.0,
        "Diluted Average Shares": 85052418.0,
        "Basic Average Shares": 85052418.0,
        "Diluted EPS": -0.29,
        "Basic EPS": -0.29,
        "Diluted NI Availto Com Stockholders": -24548000.0,
        "Net Income Common Stockholders": -24548000.0,
        "Net Income": -24548000.0,
        "Net Income Including Noncontrolling Interests": -24548000.0,
        "Net Income Continuous Operations": -24548000.0,
        "Tax Provision": 1605000.0,
        "Pretax Income": -22943000.0,
        "Other Income Expense": 112000.0,
        "Other Non Operating Income Expenses": -11000.0,
        "Special Income Charges": 26000.0,
        "Gain On Sale Of Ppe": 26000.0,
        "Gain On Sale Of Business": NaN,
        "Write Off": 0.0,
        "Impairment Of Capital Assets": 0.0,
        "Gain On Sale Of Security": 97000.0,
        "Net Non Operating Interest Income Expense": -876000.0,
        "Interest Expense Non Operating": 876000.0,
        "Operating Income": -22179000.0,
        "Operating Expense": 7607000.0,
        "Other Operating Expenses": NaN,
        "Provision For Doubtful Accounts": 0.0,
        "Selling General And Administration": 7607000.0,
        "Selling And Marketing Expense": 331000.0,
        "General And Administrative Expense": 7276000.0,
        "Other Gand A": 2472000.0,
        "Salaries And Wages": 4804000.0,
        "Gross Profit": -14572000.0,
        "Cost Of Revenue": 34663000.0,
        "Total Revenue": 20091000.0,
        "Operating Revenue": 20091000.0
    },
    "2023-12-31": {
        "Tax Effect Of Unusual Items": 1500000.0,
        "Tax Rate For Calcs": 0.4,
        "Normalized EBITDA": 8314000.0,
        "Total Unusual Items": 3750000.0,
        "Total Unusual Items Excluding Goodwill": 3750000.0,
        "Net Income From Continuing Operation Net Minority Interest": -6951000.0,
        "Reconciled Depreciation": 16423000.0,
        "Reconciled Cost Of Revenue": 36386000.0,
        "EBITDA": 12064000.0,
        "EBIT": -4359000.0,
        "Net Interest Income": -843000.0,
        "Interest Expense": 843000.0,
        "Normalized Income": -9201000.0,
        "Net Income From Continuing And Discontinued Operation": -6951000.0,
        "Total Expenses": 45226000.0,
        "Diluted Average Shares": 88252813.0,
        "Basic Average Shares": 88252813.0,
        "Diluted EPS": -0.08,
        "Basic EPS": -0.08,
        "Diluted NI Availto Com Stockholders": -6951000.0,
        "Net Income Common Stockholders": -6951000.0,
        "Net Income": -6951000.0,
        "Net Income Including Noncontrolling Interests": -6951000.0,
        "Net Income Continuous Operations": -6951000.0,
        "Tax Provision": 1749000.0,
        "Pretax Income": -5202000.0,
        "Other Income Expense": 3797000.0,
        "Other Non Operating Income Expenses": 47000.0,
        "Special Income Charges": 6000.0,
        "Gain On Sale Of Ppe": 6000.0,
        "Gain On Sale Of Business": NaN,
        "Write Off": 0.0,
        "Impairment Of Capital Assets": 0.0,
        "Gain On Sale Of Security": 3744000.0,
        "Net Non Operating Interest Income Expense": -843000.0,
        "Interest Expense Non Operating": 843000.0,
        "Operating Income": -8156000.0,
        "Operating Expense": 8840000.0,
        "Other Operating Expenses": -422000.0,
        "Provision For Doubtful Accounts": 4931000.0,
        "Selling General And Administration": 4331000.0,
        "Selling And Marketing Expense": 319000.0,
        "General And Administrative Expense": 4012000.0,
        "Other Gand A": 2466000.0,
        "Salaries And Wages": 1546000.0,
        "Gross Profit": 684000.0,
        "Cost Of Revenue": 36386000.0,
        "Total Revenue": 37070000.0,
        "Operating Revenue": 37070000.0
    },
    "2024-03-31": {
        "Tax Effect Of Unusual Items": 1134450.0,
        "Tax Rate For Calcs": 0.15,
        "Normalized EBITDA": 7472000.0,
        "Total Unusual Items": 7563000.0,
        "Total Unusual Items Excluding Goodwill": 7563000.0,
        "Net Income From Continuing Operation Net Minority Interest": -3454000.0,
        "Reconciled Depreciation": 16475000.0,
        "Reconciled Cost Of Revenue": 37290000.0,
        "EBITDA": 15035000.0,
        "EBIT": -1440000.0,
        "Net Interest Income": -997000.0,
        "Interest Expense": 997000.0,
        "Normalized Income": -9882550.0,
        "Net Income From Continuing And Discontinued Operation": -3454000.0,
        "Total Expenses": 42911000.0,
        "Diluted Average Shares": NaN,
        "Basic Average Shares": NaN,
        "Diluted EPS": NaN,
        "Basic EPS": NaN,
        "Diluted NI Availto Com Stockholders": -3454000.0,
        "Net Income Common Stockholders": -3454000.0,
        "Net Income": -3454000.0,
        "Net Income Including Noncontrolling Interests": -3454000.0,
        "Net Income Continuous Operations": -3454000.0,
        "Tax Provision": 1017000.0,
        "Pretax Income": -2437000.0,
        "Other Income Expense": 7579000.0,
        "Other Non Operating Income Expenses": 16000.0,
        "Special Income Charges": 5865000.0,
        "Gain On Sale Of Ppe": 5865000.0,
        "Gain On Sale Of Business": NaN,
        "Write Off": 0.0,
        "Impairment Of Capital Assets": 0.0,
        "Gain On Sale Of Security": 1698000.0,
        "Net Non Operating Interest Income Expense": -997000.0,
        "Interest Expense Non Operating": 997000.0,
        "Operating Income": -9019000.0,
        "Operating Expense": 5621000.0,
        "Other Operating Expenses": 1846000.0,
        "Provision For Doubtful Accounts": 1846000.0,
        "Selling General And Administration": 3775000.0,
        "Selling And Marketing Expense": 341000.0,
        "General And Administrative Expense": 3434000.0,
        "Other Gand A": 2150000.0,
        "Salaries And Wages": 1284000.0,
        "Gross Profit": -3398000.0,
        "Cost Of Revenue": 37290000.0,
        "Total Revenue": 33892000.0,
        "Operating Revenue": 33892000.0
    },
    "2024-06-30": {
        "Tax Effect Of Unusual Items": 2648067.510549,
        "Tax Rate For Calcs": 0.236287,
        "Normalized EBITDA": 7634000.0,
        "Total Unusual Items": 11207000.0,
        "Total Unusual Items Excluding Goodwill": 11207000.0,
        "Net Income From Continuing Operation Net Minority Interest": 3258000.0,
        "Reconciled Depreciation": 13815000.0,
        "Reconciled Cost Of Revenue": 34616000.0,
        "EBITDA": 18841000.0,
        "EBIT": 5026000.0,
        "Net Interest Income": -760000.0,
        "Interest Expense": 760000.0,
        "Normalized Income": -5300932.489451,
        "Net Income From Continuing And Discontinued Operation": 3258000.0,
        "Total Expenses": 38548000.0,
        "Diluted Average Shares": 114051399.0,
        "Basic Average Shares": 110691493.0,
        "Diluted EPS": 0.03,
        "Basic EPS": 0.03,
        "Diluted NI Availto Com Stockholders": 3258000.0,
        "Net Income Common Stockholders": 3258000.0,
        "Net Income": 3258000.0,
        "Net Income Including Noncontrolling Interests": 3258000.0,
        "Net Income Continuous Operations": 3258000.0,
        "Tax Provision": 1008000.0,
        "Pretax Income": 4266000.0,
        "Other Income Expense": 11333000.0,
        "Other Non Operating Income Expenses": 126000.0,
        "Special Income Charges": 3079000.0,
        "Gain On Sale Of Ppe": 3079000.0,
        "Gain On Sale Of Business": NaN,
        "Write Off": NaN,
        "Impairment Of Capital Assets": NaN,
        "Gain On Sale Of Security": 8128000.0,
        "Net Non Operating Interest Income Expense": -760000.0,
        "Interest Expense Non Operating": 760000.0,
        "Operating Income": -6307000.0,
        "Operating Expense": 3932000.0,
        "Other Operating Expenses": NaN,
        "Provision For Doubtful Accounts": NaN,
        "Selling General And Administration": 3932000.0,
        "Selling And Marketing Expense": 383000.0,
        "General And Administrative Expense": 3549000.0,
        "Other Gand A": 2088000.0,
        "Salaries And Wages": 1461000.0,
        "Gross Profit": -2375000.0,
        "Cost Of Revenue": 34616000.0,
        "Total Revenue": 32241000.0,
        "Operating Revenue": 32241000.0
    },
    "2024-09-30": {
        "Tax Effect Of Unusual Items": 1958100.0,
        "Tax Rate For Calcs": 0.15,
        "Normalized EBITDA": -3518000.0,
        "Total Unusual Items": 13054000.0,
        "Total Unusual Items Excluding Goodwill": 13054000.0,
        "Net Income From Continuing Operation Net Minority Interest": -7663000.0,
        "Reconciled Depreciation": 16138000.0,
        "Reconciled Cost Of Revenue": 37620000.0,
        "EBITDA": 9536000.0,
        "EBIT": -6602000.0,
        "Net Interest Income": -743000.0,
        "Interest Expense": 743000.0,
        "Normalized Income": -18758900.0,
        "Net Income From Continuing And Discontinued Operation": -7663000.0,
        "Total Expenses": 42269000.0,
        "Diluted Average Shares": 118593637.0,
        "Basic Average Shares": 118593637.0,
        "Diluted EPS": -0.06,
        "Basic EPS": -0.06,
        "Diluted NI Availto Com Stockholders": -7663000.0,
        "Net Income Common Stockholders": -7663000.0,
        "Net Income": -7663000.0,
        "Net Income Including Noncontrolling Interests": -7663000.0,
        "Net Income Continuous Operations": -7663000.0,
        "Tax Provision": 318000.0,
        "Pretax Income": -7345000.0,
        "Other Income Expense": 13185000.0,
        "Other Non Operating Income Expenses": 131000.0,
        "Special Income Charges": 5190000.0,
        "Gain On Sale Of Ppe": 5190000.0,
        "Gain On Sale Of Business": NaN,
        "Write Off": NaN,
        "Impairment Of Capital Assets": NaN,
        "Gain On Sale Of Security": 7864000.0,
        "Net Non Operating Interest Income Expense": -743000.0,
        "Interest Expense Non Operating": 743000.0,
        "Operating Income": -19787000.0,
        "Operating Expense": 4649000.0,
        "Other Operating Expenses": NaN,
        "Provision For Doubtful Accounts": -966000.0,
        "Selling General And Administration": 5615000.0,
        "Selling And Marketing Expense": 563000.0,
        "General And Administrative Expense": 5052000.0,
        "Other Gand A": 2057000.0,
        "Salaries And Wages": 2995000.0,
        "Gross Profit": -15138000.0,
        "Cost Of Revenue": 37620000.0,
        "Total Revenue": 22482000.0,
        "Operating Revenue": 22482000.0
    }
}