{
    "2023-06-30": {
        "Tax Effect Of Unusual Items": 0.0,
        "Tax Rate For Calcs": 0.196,
        "Normalized EBITDA": 79879000.0,
        "Net Income From Continuing Operation Net Minority Interest": 61390000.0,
        "Reconciled Depreciation": 6532000.0,
        "Reconciled Cost Of Revenue": 263483000.0,
        "EBITDA": 79879000.0,
        "EBIT": 73347000.0,
        "Normalized Income": 61390000.0,
        "Net Income From Continuing And Discontinued Operation": 61390000.0,
        "Total Expenses": 342482000.0,
        "Rent Expense Supplemental": 17403000.0,
        "Total Operating Income As Reported": 73347000.0,
        "Diluted Average Shares": 68000392.0,
        "Basic Average Shares": 63806156.0,
        "Diluted EPS": 0.9,
        "Basic EPS": 0.96,
        "Diluted NI Availto Com Stockholders": 61390000.0,
        "Net Income Common Stockholders": 61390000.0,
        "Net Income": 61390000.0,
        "Minority Interests": NaN,
        "Net Income Including Noncontrolling Interests": 61390000.0,
        "Net Income Continuous Operations": 61390000.0,
        "Tax Provision": 14962000.0,
        "Pretax Income": 76352000.0,
        "Other Income Expense": 3005000.0,
        "Other Non Operating Income Expenses": 3005000.0,
        "Operating Income": 73347000.0,
        "Operating Expense": 78999000.0,
        "Other Operating Expenses": 31959000.0,
        "Depreciation Amortization Depletion Income Statement": 6532000.0,
        "Depreciation And Amortization In Income Statement": 6532000.0,
        "Amortization": 3355000.0,
        "Amortization Of Intangibles Income Statement": 3355000.0,
        "Depreciation Income Statement": 3177000.0,
        "Selling General And Administration": 40508000.0,
        "General And Administrative Expense": 40508000.0,
        "Other Gand A": 23105000.0,
        "Rent And Landing Fees": 17403000.0,
        "Gross Profit": 152346000.0,
        "Cost Of Revenue": 263483000.0,
        "Total Revenue": 415829000.0,
        "Operating Revenue": 415829000.0
    },
    "2023-03-31": {
        "Tax Effect Of Unusual Items": NaN,
        "Tax Rate For Calcs": NaN,
        "Normalized EBITDA": NaN,
        "Net Income From Continuing Operation Net Minority Interest": NaN,
        "Reconciled Depreciation": NaN,
        "Reconciled Cost Of Revenue": NaN,
        "EBITDA": NaN,
        "EBIT": NaN,
        "Normalized Income": NaN,
        "Net Income From Continuing And Discontinued Operation": NaN,
        "Total Expenses": NaN,
        "Rent Expense Supplemental": NaN,
        "Total Operating Income As Reported": NaN,
        "Diluted Average Shares": NaN,
        "Basic Average Shares": NaN,
        "Diluted EPS": NaN,
        "Basic EPS": NaN,
        "Diluted NI Availto Com Stockholders": NaN,
        "Net Income Common Stockholders": NaN,
        "Net Income": NaN,
        "Minority Interests": 0.0,
        "Net Income Including Noncontrolling Interests": NaN,
        "Net Income Continuous Operations": NaN,
        "Tax Provision": NaN,
        "Pretax Income": NaN,
        "Other Income Expense": NaN,
        "Other Non Operating Income Expenses": NaN,
        "Operating Income": NaN,
        "Operating Expense": NaN,
        "Other Operating Expenses": NaN,
        "Depreciation Amortization Depletion Income Statement": NaN,
        "Depreciation And Amortization In Income Statement": NaN,
        "Amortization": NaN,
        "Amortization Of Intangibles Income Statement": NaN,
        "Depreciation Income Statement": NaN,
        "Selling General And Administration": NaN,
        "General And Administrative Expense": NaN,
        "Other Gand A": NaN,
        "Rent And Landing Fees": NaN,
        "Gross Profit": NaN,
        "Cost Of Revenue": NaN,
        "Total Revenue": NaN,
        "Operating Revenue": NaN
    },
    "2022-12-31": {
        "Tax Effect Of Unusual Items": NaN,
        "Tax Rate For Calcs": NaN,
        "Normalized EBITDA": NaN,
        "Net Income From Continuing Operation Net Minority Interest": NaN,
        "Reconciled Depreciation": NaN,
        "Reconciled Cost Of Revenue": NaN,
        "EBITDA": NaN,
        "EBIT": NaN,
        "Normalized Income": NaN,
        "Net Income From Continuing And Discontinued Operation": NaN,
        "Total Expenses": NaN,
        "Rent Expense Supplemental": NaN,
        "Total Operating Income As Reported": NaN,
        "Diluted Average Shares": NaN,
        "Basic Average Shares": NaN,
        "Diluted EPS": NaN,
        "Basic EPS": NaN,
        "Diluted NI Availto Com Stockholders": NaN,
        "Net Income Common Stockholders": NaN,
        "Net Income": NaN,
        "Minority Interests": 0.0,
        "Net Income Including Noncontrolling Interests": NaN,
        "Net Income Continuous Operations": NaN,
        "Tax Provision": NaN,
        "Pretax Income": NaN,
        "Other Income Expense": NaN,
        "Other Non Operating Income Expenses": NaN,
        "Operating Income": NaN,
        "Operating Expense": NaN,
        "Other Operating Expenses": NaN,
        "Depreciation Amortization Depletion Income Statement": NaN,
        "Depreciation And Amortization In Income Statement": NaN,
        "Amortization": NaN,
        "Amortization Of Intangibles Income Statement": NaN,
        "Depreciation Income Statement": NaN,
        "Selling General And Administration": NaN,
        "General And Administrative Expense": NaN,
        "Other Gand A": NaN,
        "Rent And Landing Fees": NaN,
        "Gross Profit": NaN,
        "Cost Of Revenue": NaN,
        "Total Revenue": NaN,
        "Operating Revenue": NaN
    },
    "2022-09-30": {
        "Tax Effect Of Unusual Items": NaN,
        "Tax Rate For Calcs": NaN,
        "Normalized EBITDA": NaN,
        "Net Income From Continuing Operation Net Minority Interest": NaN,
        "Reconciled Depreciation": NaN,
        "Reconciled Cost Of Revenue": NaN,
        "EBITDA": NaN,
        "EBIT": NaN,
        "Normalized Income": NaN,
        "Net Income From Continuing And Discontinued Operation": NaN,
        "Total Expenses": NaN,
        "Rent Expense Supplemental": NaN,
        "Total Operating Income As Reported": NaN,
        "Diluted Average Shares": NaN,
        "Basic Average Shares": NaN,
        "Diluted EPS": NaN,
        "Basic EPS": NaN,
        "Diluted NI Availto Com Stockholders": NaN,
        "Net Income Common Stockholders": NaN,
        "Net Income": NaN,
        "Minority Interests": NaN,
        "Net Income Including Noncontrolling Interests": NaN,
        "Net Income Continuous Operations": NaN,
        "Tax Provision": NaN,
        "Pretax Income": NaN,
        "Other Income Expense": NaN,
        "Other Non Operating Income Expenses": NaN,
        "Operating Income": NaN,
        "Operating Expense": NaN,
        "Other Operating Expenses": NaN,
        "Depreciation Amortization Depletion Income Statement": NaN,
        "Depreciation And Amortization In Income Statement": NaN,
        "Amortization": 15625000.0,
        "Amortization Of Intangibles Income Statement": 15625000.0,
        "Depreciation Income Statement": 3849000.0,
        "Selling General And Administration": NaN,
        "General And Administrative Expense": NaN,
        "Other Gand A": NaN,
        "Rent And Landing Fees": NaN,
        "Gross Profit": NaN,
        "Cost Of Revenue": NaN,
        "Total Revenue": NaN,
        "Operating Revenue": NaN
    },
    "2022-06-30": {
        "Tax Effect Of Unusual Items": 0.0,
        "Tax Rate For Calcs": 0.066,
        "Normalized EBITDA": 96713000.0,
        "Net Income From Continuing Operation Net Minority Interest": 70782000.0,
        "Reconciled Depreciation": 19143000.0,
        "Reconciled Cost Of Revenue": 265735000.0,
        "EBITDA": 96713000.0,
        "EBIT": 77570000.0,
        "Normalized Income": 70782000.0,
        "Net Income From Continuing And Discontinued Operation": 70782000.0,
        "Total Expenses": 341074000.0,
        "Rent Expense Supplemental": 11790000.0,
        "Total Operating Income As Reported": 77570000.0,
        "Diluted Average Shares": 68828246.0,
        "Basic Average Shares": 63277596.0,
        "Diluted EPS": 1.03,
        "Basic EPS": 1.12,
        "Diluted NI Availto Com Stockholders": 70782000.0,
        "Net Income Common Stockholders": 70782000.0,
        "Net Income": 70782000.0,
        "Minority Interests": NaN,
        "Net Income Including Noncontrolling Interests": 70782000.0,
        "Net Income Continuous Operations": 70782000.0,
        "Tax Provision": 5039000.0,
        "Pretax Income": 75821000.0,
        "Other Income Expense": -1749000.0,
        "Other Non Operating Income Expenses": -1749000.0,
        "Operating Income": 77570000.0,
        "Operating Expense": 75339000.0,
        "Other Operating Expenses": 26947000.0,
        "Depreciation Amortization Depletion Income Statement": 19143000.0,
        "Depreciation And Amortization In Income Statement": 19143000.0,
        "Amortization": NaN,
        "Amortization Of Intangibles Income Statement": NaN,
        "Depreciation Income Statement": NaN,
        "Selling General And Administration": 29249000.0,
        "General And Administrative Expense": 29249000.0,
        "Other Gand A": 17459000.0,
        "Rent And Landing Fees": 11790000.0,
        "Gross Profit": 152909000.0,
        "Cost Of Revenue": 265735000.0,
        "Total Revenue": 418644000.0,
        "Operating Revenue": 418644000.0
    },
    "2022-03-31": {
        "Diluted EPS": 0.97,
        "Total Revenue": 471,
        "Gross Profit": 173,
        "Operating Income": 99,
        "EBIT": 119,
        "Net Income": 65
    },
    "2021-12-31": {
        "Diluted EPS": 2.54,
        "Total Revenue": 889,
        "Gross Profit": 328,
        "Operating Income": 249,
        "EBIT": 269,
        "Net Income": 174
    },
    "2021-09-30": {
        "Diluted EPS": 1.65,
        "Total Revenue": 537,
        "Gross Profit": 199,
        "Operating Income": 157,
        "EBIT": 162,
        "Net Income": 113
    },
    "2021-06-30": {
        "Diluted EPS": 1.25,
        "Total Revenue": 373,
        "Gross Profit": 139,
        "Operating Income": 108,
        "EBIT": 112,
        "Net Income": 86
    },
    "2021-03-31": {
        "Diluted EPS": 1.45,
        "Total Revenue": 501,
        "Gross Profit": 182,
        "Operating Income": 140,
        "EBIT": 144,
        "Net Income": 99
    },
    "2020-12-31": {
        "Diluted EPS": 1.71,
        "Total Revenue": 538,
        "Gross Profit": 197,
        "Operating Income": 158,
        "EBIT": 162,
        "Net Income": 119
    },
    "2020-09-30": {
        "Diluted EPS": 0.7,
        "Total Revenue": 276,
        "Gross Profit": 98,
        "Operating Income": 67,
        "EBIT": 71,
        "Net Income": 49
    },
    "2020-06-30": {
        "Diluted EPS": 0.69,
        "Total Revenue": 211,
        "Gross Profit": 72,
        "Operating Income": 43,
        "EBIT": 46,
        "Net Income": 46
    },
    "2020-03-31": {
        "Diluted EPS": 0.9,
        "Total Revenue": 303,
        "Gross Profit": 107,
        "Operating Income": 69,
        "EBIT": 74,
        "Net Income": 59
    },
    "2019-12-31": {
        "Diluted EPS": 0.75,
        "Total Revenue": 334,
        "Gross Profit": 107,
        "Operating Income": 68,
        "EBIT": 72,
        "Net Income": 49
    },
    "2019-09-30": {
        "Diluted EPS": 0.5,
        "Total Revenue": 273,
        "Gross Profit": 88,
        "Operating Income": 45,
        "EBIT": 49,
        "Net Income": 33
    },
    "2019-06-30": {
        "Diluted EPS": 0.65,
        "Total Revenue": 250,
        "Gross Profit": 77,
        "Operating Income": 48,
        "EBIT": 52,
        "Net Income": 43
    },
    "2019-03-31": {
        "Diluted EPS": 0.69,
        "Total Revenue": 291,
        "Gross Profit": 91,
        "Operating Income": 61,
        "EBIT": 64,
        "Net Income": 45
    },
    "2018-12-31": {
        "Diluted EPS": 0.67,
        "Total Revenue": 298,
        "Gross Profit": 98,
        "Operating Income": 62,
        "EBIT": 66,
        "Net Income": 44
    },
    "2018-09-30": {
        "Diluted EPS": 0.61,
        "Total Revenue": 275,
        "Gross Profit": 90,
        "Operating Income": 56,
        "EBIT": 60,
        "Net Income": 40
    },
    "2018-06-30": {
        "Diluted EPS": 0.45,
        "Total Revenue": 220,
        "Gross Profit": 71,
        "Operating Income": 40,
        "EBIT": 44,
        "Net Income": 30
    },
    "2018-03-31": {
        "Diluted EPS": 0.58,
        "Total Revenue": 245,
        "Gross Profit": 83,
        "Operating Income": 60,
        "EBIT": 62,
        "Net Income": 38
    },
    "2017-12-31": {
        "Diluted EPS": 0.93,
        "Total Revenue": 259,
        "Gross Profit": 77,
        "Operating Income": 54,
        "EBIT": 56,
        "Net Income": 62
    },
    "2017-09-30": {
        "Diluted EPS": 0.5,
        "Total Revenue": 242,
        "Gross Profit": 75,
        "Operating Income": 53,
        "EBIT": 56,
        "Net Income": 33
    },
    "2017-06-30": {
        "Diluted EPS": 0.59,
        "Total Revenue": 217,
        "Gross Profit": 66,
        "Operating Income": 47,
        "EBIT": 49,
        "Net Income": 39
    },
    "2017-03-31": {
        "Diluted EPS": 0.52,
        "Total Revenue": 257,
        "Gross Profit": 81,
        "Operating Income": 57,
        "EBIT": 59,
        "Net Income": 34
    },
    "2016-12-31": {
        "Diluted EPS": 0.51,
        "Total Revenue": 248,
        "Gross Profit": 78,
        "Operating Income": 57,
        "EBIT": 60,
        "Net Income": 34
    },
    "2016-09-30": {
        "Diluted EPS": 0.31,
        "Total Revenue": 187,
        "Gross Profit": 56,
        "Operating Income": 35,
        "EBIT": 37,
        "Net Income": 21
    },
    "2016-06-30": {
        "Diluted EPS": 0.29,
        "Total Revenue": 181,
        "Gross Profit": 53,
        "Operating Income": 33,
        "EBIT": 35,
        "Net Income": 19
    },
    "2016-03-31": {
        "Diluted EPS": 0.35,
        "Total Revenue": 184,
        "Gross Profit": 59,
        "Operating Income": 41,
        "EBIT": 44,
        "Net Income": 23
    },
    "2015-12-31": {
        "Diluted EPS": 0.35,
        "Total Revenue": 206,
        "Gross Profit": 63,
        "Operating Income": 44,
        "EBIT": 46,
        "Net Income": 23
    },
    "2015-09-30": {
        "Diluted EPS": 0.15,
        "Total Revenue": 158,
        "Gross Profit": 42,
        "Operating Income": 17,
        "EBIT": 19,
        "Net Income": 9
    },
    "2015-06-30": {
        "Diluted EPS": 0.25,
        "Total Revenue": 146,
        "Gross Profit": 48,
        "Operating Income": 24,
        "EBIT": 25,
        "Net Income": 15
    },
    "2015-03-31": {
        "Diluted EPS": 0.41,
        "Total Revenue": 186,
        "Gross Profit": 53,
        "Operating Income": 41,
        "EBIT": 42,
        "Net Income": 25
    },
    "2014-12-31": {
        "Diluted EPS": 0.4,
        "Total Revenue": 197,
        "Gross Profit": 53,
        "Operating Income": 37,
        "EBIT": 38,
        "Net Income": 24
    },
    "2014-09-30": {
        "Diluted EPS": 0.27,
        "Total Revenue": 156,
        "Gross Profit": 43,
        "Operating Income": 27,
        "EBIT": 29,
        "Net Income": 17
    },
    "2014-06-30": {
        "Diluted EPS": 24.42,
        "Total Revenue": 142,
        "Gross Profit": 38,
        "Operating Income": 24,
        "EBIT": 25,
        "Net Income": 14
    },
    "2014-03-31": {
        "Diluted EPS": 0.0,
        "Total Revenue": NaN,
        "Gross Profit": NaN,
        "Operating Income": NaN,
        "EBIT": NaN,
        "Net Income": NaN
    },
    "2023-09-30": {
        "Tax Effect Of Unusual Items": 0.0,
        "Tax Rate For Calcs": 0.284,
        "Normalized EBITDA": 97363000.0,
        "Net Income From Continuing Operation Net Minority Interest": 67031000.0,
        "Reconciled Depreciation": 7086000.0,
        "Reconciled Cost Of Revenue": 296542000.0,
        "EBITDA": 97363000.0,
        "EBIT": 90277000.0,
        "Normalized Income": 67031000.0,
        "Net Income From Continuing And Discontinued Operation": 67031000.0,
        "Total Expenses": 376712000.0,
        "Rent Expense Supplemental": 19013000.0,
        "Total Operating Income As Reported": 90277000.0,
        "Diluted Average Shares": 67867381.0,
        "Basic Average Shares": 64551353.0,
        "Diluted EPS": 0.99,
        "Basic EPS": 1.04,
        "Diluted NI Availto Com Stockholders": 67031000.0,
        "Net Income Common Stockholders": 67031000.0,
        "Net Income": 67031000.0,
        "Minority Interests": NaN,
        "Net Income Including Noncontrolling Interests": 67031000.0,
        "Net Income Continuous Operations": 67031000.0,
        "Tax Provision": 26542000.0,
        "Pretax Income": 93573000.0,
        "Other Income Expense": 3296000.0,
        "Other Non Operating Income Expenses": 3296000.0,
        "Operating Income": 90277000.0,
        "Operating Expense": 80170000.0,
        "Other Operating Expenses": 28884000.0,
        "Depreciation Amortization Depletion Income Statement": 7086000.0,
        "Depreciation And Amortization In Income Statement": 7086000.0,
        "Amortization": NaN,
        "Amortization Of Intangibles Income Statement": NaN,
        "Depreciation Income Statement": NaN,
        "Selling General And Administration": 44200000.0,
        "General And Administrative Expense": 44200000.0,
        "Other Gand A": 25187000.0,
        "Rent And Landing Fees": 19013000.0,
        "Gross Profit": 170447000.0,
        "Cost Of Revenue": 296542000.0,
        "Total Revenue": 466989000.0,
        "Operating Revenue": 466989000.0
    },
    "2023-12-31": {
        "Tax Effect Of Unusual Items": 0.0,
        "Tax Rate For Calcs": 0.31,
        "Normalized EBITDA": 103197000.0,
        "Net Income From Continuing Operation Net Minority Interest": 70803000.0,
        "Reconciled Depreciation": 6657000.0,
        "Reconciled Cost Of Revenue": 324039000.0,
        "EBITDA": 103197000.0,
        "EBIT": 96540000.0,
        "Normalized Income": 70803000.0,
        "Net Income From Continuing And Discontinued Operation": 70803000.0,
        "Total Expenses": 414590000.0,
        "Rent Expense Supplemental": 19002000.0,
        "Total Operating Income As Reported": 96540000.0,
        "Diluted Average Shares": 67886301.0,
        "Basic Average Shares": 64411668.0,
        "Diluted EPS": 1.04,
        "Basic EPS": 1.1,
        "Diluted NI Availto Com Stockholders": 70803000.0,
        "Net Income Common Stockholders": 70803000.0,
        "Net Income": 70803000.0,
        "Minority Interests": NaN,
        "Net Income Including Noncontrolling Interests": 70803000.0,
        "Net Income Continuous Operations": 70803000.0,
        "Tax Provision": 31772000.0,
        "Pretax Income": 102575000.0,
        "Other Income Expense": 6035000.0,
        "Other Non Operating Income Expenses": 6035000.0,
        "Operating Income": 96540000.0,
        "Operating Expense": 90551000.0,
        "Other Operating Expenses": 34596000.0,
        "Depreciation Amortization Depletion Income Statement": 6657000.0,
        "Depreciation And Amortization In Income Statement": 6657000.0,
        "Amortization": NaN,
        "Amortization Of Intangibles Income Statement": NaN,
        "Depreciation Income Statement": NaN,
        "Selling General And Administration": 49298000.0,
        "General And Administrative Expense": 49298000.0,
        "Other Gand A": 30296000.0,
        "Rent And Landing Fees": 19002000.0,
        "Gross Profit": 187091000.0,
        "Cost Of Revenue": 324039000.0,
        "Total Revenue": 511130000.0,
        "Operating Revenue": 511130000.0
    },
    "2024-03-31": {
        "Tax Effect Of Unusual Items": 0.0,
        "Tax Rate For Calcs": 0.313134,
        "Normalized EBITDA": 110958000.0,
        "Net Income From Continuing Operation Net Minority Interest": 81077000.0,
        "Reconciled Depreciation": 8261000.0,
        "Reconciled Cost Of Revenue": 329525000.0,
        "EBITDA": 110958000.0,
        "EBIT": 102697000.0,
        "Normalized Income": 81077000.0,
        "Net Income From Continuing And Discontinued Operation": 81077000.0,
        "Total Expenses": 417759000.0,
        "Rent Expense Supplemental": 20661000.0,
        "Total Operating Income As Reported": 102697000.0,
        "Diluted Average Shares": 68492023.0,
        "Basic Average Shares": 64579004.0,
        "Diluted EPS": 1.18,
        "Basic EPS": 1.26,
        "Diluted NI Availto Com Stockholders": 81077000.0,
        "Net Income Common Stockholders": 81077000.0,
        "Net Income": 81077000.0,
        "Minority Interests": NaN,
        "Net Income Including Noncontrolling Interests": 81077000.0,
        "Net Income Continuous Operations": 81077000.0,
        "Tax Provision": 36962000.0,
        "Pretax Income": 118039000.0,
        "Other Income Expense": 15342000.0,
        "Other Non Operating Income Expenses": 15342000.0,
        "Operating Income": 102697000.0,
        "Operating Expense": 88234000.0,
        "Other Operating Expenses": 28655000.0,
        "Depreciation Amortization Depletion Income Statement": 8261000.0,
        "Depreciation And Amortization In Income Statement": 8261000.0,
        "Amortization": NaN,
        "Amortization Of Intangibles Income Statement": NaN,
        "Depreciation Income Statement": NaN,
        "Selling General And Administration": 51318000.0,
        "General And Administrative Expense": 51318000.0,
        "Other Gand A": 30657000.0,
        "Rent And Landing Fees": 20661000.0,
        "Gross Profit": 190931000.0,
        "Cost Of Revenue": 329525000.0,
        "Total Revenue": 520456000.0,
        "Operating Revenue": 520456000.0
    },
    "2024-06-30": {
        "Tax Effect Of Unusual Items": 0.0,
        "Tax Rate For Calcs": 0.109,
        "Normalized EBITDA": 104424000.0,
        "Net Income From Continuing Operation Net Minority Interest": 88940000.0,
        "Reconciled Depreciation": 8856000.0,
        "Reconciled Cost Of Revenue": 330116000.0,
        "EBITDA": 104424000.0,
        "EBIT": 95568000.0,
        "Normalized Income": 88940000.0,
        "Net Income From Continuing And Discontinued Operation": 88940000.0,
        "Total Expenses": 418041000.0,
        "Rent Expense Supplemental": 19284000.0,
        "Total Operating Income As Reported": 95568000.0,
        "Diluted Average Shares": 68501059.0,
        "Basic Average Shares": 65031216.0,
        "Diluted EPS": 1.3,
        "Basic EPS": 1.37,
        "Diluted NI Availto Com Stockholders": 88940000.0,
        "Net Income Common Stockholders": 88940000.0,
        "Net Income": 88940000.0,
        "Minority Interests": NaN,
        "Net Income Including Noncontrolling Interests": 88940000.0,
        "Net Income Continuous Operations": 88940000.0,
        "Tax Provision": 10934000.0,
        "Pretax Income": 99874000.0,
        "Other Income Expense": 4306000.0,
        "Other Non Operating Income Expenses": 4306000.0,
        "Operating Income": 95568000.0,
        "Operating Expense": 87925000.0,
        "Other Operating Expenses": 35119000.0,
        "Depreciation Amortization Depletion Income Statement": 8856000.0,
        "Depreciation And Amortization In Income Statement": 8856000.0,
        "Amortization": 3541000.0,
        "Amortization Of Intangibles Income Statement": 3541000.0,
        "Depreciation Income Statement": 5315000.0,
        "Selling General And Administration": 43950000.0,
        "General And Administrative Expense": 43950000.0,
        "Other Gand A": 24666000.0,
        "Rent And Landing Fees": 19284000.0,
        "Gross Profit": 183493000.0,
        "Cost Of Revenue": 330116000.0,
        "Total Revenue": 513609000.0,
        "Operating Revenue": 513609000.0
    }
}