{
    "2023-03-31": {
        "Tax Effect Of Unusual Items": -91200.0,
        "Tax Rate For Calcs": 0.228,
        "Normalized EBITDA": 39800000.0,
        "Total Unusual Items": -400000.0,
        "Total Unusual Items Excluding Goodwill": -400000.0,
        "Net Income From Continuing Operation Net Minority Interest": 13900000.0,
        "Reconciled Depreciation": 15200000.0,
        "Reconciled Cost Of Revenue": 135100000.0,
        "EBITDA": 39400000.0,
        "EBIT": 24200000.0,
        "Net Interest Income": -6200000.0,
        "Interest Expense": 6200000.0,
        "Normalized Income": 14208800.0,
        "Net Income From Continuing And Discontinued Operation": 13900000.0,
        "Total Expenses": 188400000.0,
        "Total Operating Income As Reported": 24800000.0,
        "Diluted NI Availto Com Stockholders": 13900000.0,
        "Net Income Common Stockholders": 13900000.0,
        "Net Income": 13900000.0,
        "Net Income Including Noncontrolling Interests": 13900000.0,
        "Net Income Continuous Operations": 13900000.0,
        "Tax Provision": 4100000.0,
        "Pretax Income": 18000000.0,
        "Other Income Expense": -600000.0,
        "Other Non Operating Income Expenses": -200000.0,
        "Gain On Sale Of Security": -400000.0,
        "Net Non Operating Interest Income Expense": -6200000.0,
        "Total Other Finance Cost": NaN,
        "Interest Expense Non Operating": 6200000.0,
        "Operating Income": 24800000.0,
        "Operating Expense": 46200000.0,
        "Depreciation Amortization Depletion Income Statement": 8100000.0,
        "Depreciation And Amortization In Income Statement": 8100000.0,
        "Amortization": 8100000.0,
        "Amortization Of Intangibles Income Statement": 8100000.0,
        "Selling General And Administration": 38100000.0,
        "Gross Profit": 71000000.0,
        "Cost Of Revenue": 142200000.0,
        "Total Revenue": 213200000.0,
        "Operating Revenue": 213200000.0
    },
    "2022-12-31": {
        "Tax Effect Of Unusual Items": -83160.0,
        "Tax Rate For Calcs": 0.21,
        "Normalized EBITDA": 36743000.0,
        "Total Unusual Items": -396000.0,
        "Total Unusual Items Excluding Goodwill": -396000.0,
        "Net Income From Continuing Operation Net Minority Interest": 17508000.0,
        "Reconciled Depreciation": 14240000.0,
        "Reconciled Cost Of Revenue": 126004000.0,
        "EBITDA": 36347000.0,
        "EBIT": 22107000.0,
        "Net Interest Income": -4981000.0,
        "Interest Expense": 4981000.0,
        "Normalized Income": 17820840.0,
        "Net Income From Continuing And Discontinued Operation": 17508000.0,
        "Total Expenses": 175285000.0,
        "Total Operating Income As Reported": 20695000.0,
        "Diluted NI Availto Com Stockholders": 17508000.0,
        "Net Income Common Stockholders": 17508000.0,
        "Net Income": 17508000.0,
        "Net Income Including Noncontrolling Interests": 17508000.0,
        "Net Income Continuous Operations": 17508000.0,
        "Tax Provision": -382000.0,
        "Pretax Income": 17126000.0,
        "Other Income Expense": 1412000.0,
        "Other Non Operating Income Expenses": 1808000.0,
        "Gain On Sale Of Security": -396000.0,
        "Net Non Operating Interest Income Expense": -4981000.0,
        "Total Other Finance Cost": NaN,
        "Interest Expense Non Operating": 4981000.0,
        "Operating Income": 20695000.0,
        "Operating Expense": 42587000.0,
        "Depreciation Amortization Depletion Income Statement": 7546000.0,
        "Depreciation And Amortization In Income Statement": 7546000.0,
        "Amortization": 7546000.0,
        "Amortization Of Intangibles Income Statement": 7546000.0,
        "Selling General And Administration": 35041000.0,
        "Gross Profit": 63282000.0,
        "Cost Of Revenue": 132698000.0,
        "Total Revenue": 195980000.0,
        "Operating Revenue": 195980000.0
    },
    "2022-09-30": {
        "Tax Effect Of Unusual Items": 46964.0,
        "Tax Rate For Calcs": 0.236,
        "Normalized EBITDA": 37340000.0,
        "Total Unusual Items": 199000.0,
        "Total Unusual Items Excluding Goodwill": 199000.0,
        "Net Income From Continuing Operation Net Minority Interest": 20378000.0,
        "Reconciled Depreciation": 6774000.0,
        "Reconciled Cost Of Revenue": 137939000.0,
        "EBITDA": 37539000.0,
        "EBIT": 30765000.0,
        "Net Interest Income": -4098000.0,
        "Interest Expense": 4098000.0,
        "Normalized Income": 20225964.0,
        "Net Income From Continuing And Discontinued Operation": 20378000.0,
        "Total Expenses": 176462000.0,
        "Total Operating Income As Reported": 30743000.0,
        "Diluted Average Shares": 32585000.0,
        "Basic Average Shares": 32541000.0,
        "Diluted EPS": 0.63,
        "Basic EPS": 0.63,
        "Diluted NI Availto Com Stockholders": 20378000.0,
        "Net Income Common Stockholders": 20378000.0,
        "Net Income": 20378000.0,
        "Net Income Including Noncontrolling Interests": 20378000.0,
        "Net Income Continuous Operations": 20378000.0,
        "Tax Provision": 6289000.0,
        "Pretax Income": 26667000.0,
        "Other Income Expense": 22000.0,
        "Other Non Operating Income Expenses": -177000.0,
        "Gain On Sale Of Security": 199000.0,
        "Net Non Operating Interest Income Expense": -4098000.0,
        "Interest Expense Non Operating": 4098000.0,
        "Operating Income": 30743000.0,
        "Operating Expense": 38523000.0,
        "Depreciation Amortization Depletion Income Statement": 6774000.0,
        "Depreciation And Amortization In Income Statement": 6774000.0,
        "Amortization": 6774000.0,
        "Amortization Of Intangibles Income Statement": 6774000.0,
        "Selling General And Administration": 31749000.0,
        "Gross Profit": 69266000.0,
        "Cost Of Revenue": 137939000.0,
        "Total Revenue": 207205000.0,
        "Operating Revenue": 207205000.0
    },
    "2022-06-30": {
        "Tax Effect Of Unusual Items": 38925.0,
        "Tax Rate For Calcs": 0.225,
        "Normalized EBITDA": 54819000.0,
        "Total Unusual Items": 173000.0,
        "Total Unusual Items Excluding Goodwill": 173000.0,
        "Net Income From Continuing Operation Net Minority Interest": 30036000.0,
        "Reconciled Depreciation": 12423000.0,
        "Reconciled Cost Of Revenue": 153734000.0,
        "EBITDA": 54992000.0,
        "EBIT": 42569000.0,
        "Net Interest Income": -3813000.0,
        "Interest Expense": 3813000.0,
        "Normalized Income": 29901925.0,
        "Net Income From Continuing And Discontinued Operation": 30036000.0,
        "Total Expenses": 198691000.0,
        "Total Operating Income As Reported": 42977000.0,
        "Diluted Average Shares": 32500000.0,
        "Basic Average Shares": 32500000.0,
        "Diluted EPS": 0.92,
        "Basic EPS": 0.92,
        "Diluted NI Availto Com Stockholders": 30036000.0,
        "Net Income Common Stockholders": 30036000.0,
        "Net Income": 30036000.0,
        "Net Income Including Noncontrolling Interests": 30036000.0,
        "Net Income Continuous Operations": 30036000.0,
        "Tax Provision": 8720000.0,
        "Pretax Income": 38756000.0,
        "Other Income Expense": -408000.0,
        "Other Non Operating Income Expenses": -581000.0,
        "Gain On Sale Of Security": 173000.0,
        "Net Non Operating Interest Income Expense": -3813000.0,
        "Interest Expense Non Operating": 3813000.0,
        "Operating Income": 42977000.0,
        "Operating Expense": 39333000.0,
        "Depreciation Amortization Depletion Income Statement": 6799000.0,
        "Depreciation And Amortization In Income Statement": 6799000.0,
        "Amortization": 6799000.0,
        "Amortization Of Intangibles Income Statement": 6799000.0,
        "Selling General And Administration": 32534000.0,
        "Gross Profit": 82310000.0,
        "Cost Of Revenue": 159358000.0,
        "Total Revenue": 241668000.0,
        "Operating Revenue": 241668000.0
    },
    "2022-03-31": {
        "Diluted EPS": 0.94,
        "Total Revenue": 241,
        "Gross Profit": 84,
        "Operating Income": 43,
        "EBIT": 56,
        "Net Income": 31
    },
    "2021-12-31": {
        "Diluted EPS": 0.72,
        "Total Revenue": 218,
        "Gross Profit": 74,
        "Operating Income": 32,
        "EBIT": 46,
        "Net Income": 24
    },
    "2021-09-30": {
        "Diluted EPS": 0.85,
        "Total Revenue": 223,
        "Gross Profit": 81,
        "Operating Income": 41,
        "EBIT": 54,
        "Net Income": 28
    },
    "2021-06-30": {
        "Diluted EPS": 0.95,
        "Total Revenue": 223,
        "Gross Profit": 82,
        "Operating Income": 42,
        "EBIT": 55,
        "Net Income": 31
    },
    "2021-03-31": {
        "Diluted EPS": 0.7,
        "Total Revenue": 205,
        "Gross Profit": 75,
        "Operating Income": 35,
        "EBIT": 50,
        "Net Income": 23
    },
    "2020-12-31": {
        "Diluted EPS": 0.18,
        "Total Revenue": 152,
        "Gross Profit": 53,
        "Operating Income": 10,
        "EBIT": 27,
        "Net Income": 6
    },
    "2020-09-30": {
        "Diluted EPS": 0.4,
        "Total Revenue": 123,
        "Gross Profit": 47,
        "Operating Income": 18,
        "EBIT": 27,
        "Net Income": 13
    },
    "2020-06-30": {
        "Diluted EPS": 0.4,
        "Total Revenue": 119,
        "Gross Profit": 45,
        "Operating Income": 17,
        "EBIT": 26,
        "Net Income": 13
    },
    "2020-03-31": {
        "Diluted EPS": -0.54,
        "Total Revenue": 129,
        "Gross Profit": 52,
        "Operating Income": -10,
        "EBIT": 30,
        "Net Income": -17
    },
    "2019-12-31": {
        "Diluted EPS": 0.43,
        "Total Revenue": 126,
        "Gross Profit": 47,
        "Operating Income": 19,
        "EBIT": 28,
        "Net Income": 14
    },
    "2019-09-30": {
        "Diluted EPS": 0.4,
        "Total Revenue": 138,
        "Gross Profit": 52,
        "Operating Income": 19,
        "EBIT": 28,
        "Net Income": 13
    },
    "2019-06-30": {
        "Diluted EPS": 0.54,
        "Total Revenue": 144,
        "Gross Profit": 56,
        "Operating Income": 26,
        "EBIT": 35,
        "Net Income": 17
    },
    "2019-03-31": {
        "Diluted EPS": 0.51,
        "Total Revenue": 147,
        "Gross Profit": 57,
        "Operating Income": 26,
        "EBIT": 35,
        "Net Income": 16
    },
    "2018-12-31": {
        "Diluted EPS": 0.51,
        "Total Revenue": 139,
        "Gross Profit": 53,
        "Operating Income": 22,
        "EBIT": 32,
        "Net Income": 16
    },
    "2018-09-30": {
        "Diluted EPS": 0.36,
        "Total Revenue": 136,
        "Gross Profit": 52,
        "Operating Income": 19,
        "EBIT": 33,
        "Net Income": 12
    },
    "2018-06-30": {
        "Diluted EPS": 0.22,
        "Total Revenue": 136,
        "Gross Profit": 50,
        "Operating Income": 17,
        "EBIT": 33,
        "Net Income": 7
    },
    "2018-03-31": {
        "Diluted EPS": 0.4,
        "Total Revenue": 97,
        "Gross Profit": 38,
        "Operating Income": 17,
        "EBIT": 22,
        "Net Income": 12
    },
    "2017-12-31": {
        "Diluted EPS": 0.1,
        "Total Revenue": 84,
        "Gross Profit": 29,
        "Operating Income": 8,
        "EBIT": 12,
        "Net Income": 3
    },
    "2017-09-30": {
        "Diluted EPS": 0.42,
        "Total Revenue": 88,
        "Gross Profit": 36,
        "Operating Income": 17,
        "EBIT": 22,
        "Net Income": 11
    },
    "2017-06-30": {
        "Diluted EPS": 0.27,
        "Total Revenue": 89,
        "Gross Profit": 39,
        "Operating Income": 21,
        "EBIT": 26,
        "Net Income": 7
    },
    "2017-03-31": {
        "Diluted EPS": 0.38,
        "Total Revenue": 81,
        "Gross Profit": 33,
        "Operating Income": 16,
        "EBIT": 23,
        "Net Income": 10
    },
    "2016-12-31": {
        "Diluted EPS": 0.11,
        "Total Revenue": 50,
        "Gross Profit": 17,
        "Operating Income": 5,
        "EBIT": 10,
        "Net Income": 3
    },
    "2016-09-30": {
        "Diluted EPS": 0.19,
        "Total Revenue": 45,
        "Gross Profit": 16,
        "Operating Income": 7,
        "EBIT": 10,
        "Net Income": 5
    },
    "2016-06-30": {
        "Diluted EPS": 0.26,
        "Total Revenue": 51,
        "Gross Profit": 19,
        "Operating Income": 10,
        "EBIT": 13,
        "Net Income": 7
    },
    "2016-03-31": {
        "Diluted EPS": 0.31,
        "Total Revenue": 51,
        "Gross Profit": 20,
        "Operating Income": 12,
        "EBIT": 14,
        "Net Income": 8
    },
    "2015-12-31": {
        "Diluted EPS": 0.18,
        "Total Revenue": 44,
        "Gross Profit": 16,
        "Operating Income": 8,
        "EBIT": 10,
        "Net Income": 5
    },
    "2015-09-30": {
        "Diluted EPS": 0.32,
        "Total Revenue": 48,
        "Gross Profit": 19,
        "Operating Income": 11,
        "EBIT": 14,
        "Net Income": 8
    },
    "2015-06-30": {
        "Diluted EPS": 0.35,
        "Total Revenue": 54,
        "Gross Profit": 21,
        "Operating Income": 14,
        "EBIT": 16,
        "Net Income": 9
    },
    "2015-03-31": {
        "Diluted EPS": 0.39,
        "Total Revenue": 54,
        "Gross Profit": 21,
        "Operating Income": 14,
        "EBIT": 16,
        "Net Income": 10
    },
    "2014-12-31": {
        "Diluted EPS": 0.39,
        "Total Revenue": 55,
        "Gross Profit": 22,
        "Operating Income": 14,
        "EBIT": 17,
        "Net Income": 10
    },
    "2014-09-30": {
        "Diluted EPS": 0.37,
        "Total Revenue": 55,
        "Gross Profit": 22,
        "Operating Income": 15,
        "EBIT": 17,
        "Net Income": 10
    },
    "2014-06-30": {
        "Diluted EPS": 0.46,
        "Total Revenue": 61,
        "Gross Profit": 26,
        "Operating Income": 18,
        "EBIT": 21,
        "Net Income": 12
    },
    "2014-03-31": {
        "Diluted EPS": 0.43,
        "Total Revenue": 57,
        "Gross Profit": 24,
        "Operating Income": 17,
        "EBIT": 19,
        "Net Income": 11
    },
    "2013-12-31": {
        "Diluted EPS": 0.31,
        "Total Revenue": 49,
        "Gross Profit": 19,
        "Operating Income": 12,
        "EBIT": 14,
        "Net Income": 8
    },
    "2013-09-30": {
        "Diluted EPS": 0.32,
        "Total Revenue": 49,
        "Gross Profit": 20,
        "Operating Income": 13,
        "EBIT": 15,
        "Net Income": 8
    },
    "2013-06-30": {
        "Diluted EPS": 0.45,
        "Total Revenue": 56,
        "Gross Profit": 23,
        "Operating Income": 17,
        "EBIT": 19,
        "Net Income": 12
    },
    "2013-03-31": {
        "Diluted EPS": 0.37,
        "Total Revenue": 51,
        "Gross Profit": 21,
        "Operating Income": 14,
        "EBIT": 16,
        "Net Income": 10
    },
    "2012-12-31": {
        "Diluted EPS": 0.26,
        "Total Revenue": 43,
        "Gross Profit": 16,
        "Operating Income": 9,
        "EBIT": 11,
        "Net Income": 7
    },
    "2012-09-30": {
        "Diluted EPS": 0.34,
        "Total Revenue": 49,
        "Gross Profit": 19,
        "Operating Income": 13,
        "EBIT": 15,
        "Net Income": 9
    },
    "2012-06-30": {
        "Diluted EPS": 0.43,
        "Total Revenue": 57,
        "Gross Profit": 23,
        "Operating Income": 16,
        "EBIT": 18,
        "Net Income": 11
    },
    "2012-03-31": {
        "Diluted EPS": 0.41,
        "Total Revenue": 55,
        "Gross Profit": 22,
        "Operating Income": 15,
        "EBIT": 17,
        "Net Income": 11
    },
    "2011-12-31": {
        "Diluted EPS": 0.24,
        "Total Revenue": 46,
        "Gross Profit": 17,
        "Operating Income": 10,
        "EBIT": 12,
        "Net Income": 6
    },
    "2011-09-30": {
        "Diluted EPS": 0.44,
        "Total Revenue": 53,
        "Gross Profit": 21,
        "Operating Income": 15,
        "EBIT": 17,
        "Net Income": 11
    },
    "2011-06-30": {
        "Diluted EPS": 0.41,
        "Total Revenue": 55,
        "Gross Profit": 22,
        "Operating Income": 15,
        "EBIT": 17,
        "Net Income": 10
    },
    "2011-03-31": {
        "Diluted EPS": 0.38,
        "Total Revenue": 51,
        "Gross Profit": 20,
        "Operating Income": 14,
        "EBIT": 16,
        "Net Income": 10
    },
    "2010-12-31": {
        "Diluted EPS": 0.25,
        "Total Revenue": 42,
        "Gross Profit": 15,
        "Operating Income": 9,
        "EBIT": 11,
        "Net Income": 6
    },
    "2010-09-30": {
        "Diluted EPS": 0.22,
        "Total Revenue": 38,
        "Gross Profit": 14,
        "Operating Income": 8,
        "EBIT": 10,
        "Net Income": 6
    },
    "2010-06-30": {
        "Diluted EPS": 0.24,
        "Total Revenue": 39,
        "Gross Profit": 14,
        "Operating Income": 9,
        "EBIT": 11,
        "Net Income": 6
    },
    "2010-03-31": {
        "Diluted EPS": 0.13,
        "Total Revenue": 32,
        "Gross Profit": 10,
        "Operating Income": 5,
        "EBIT": 7,
        "Net Income": 3
    },
    "2009-12-31": {
        "Diluted EPS": 0.05,
        "Total Revenue": 27,
        "Gross Profit": 7,
        "Operating Income": 2,
        "EBIT": 3,
        "Net Income": 1
    },
    "2009-09-30": {
        "Diluted EPS": 0.02,
        "Total Revenue": 23,
        "Gross Profit": 5,
        "Operating Income": 0,
        "EBIT": 2,
        "Net Income": 1
    },
    "2009-06-30": {
        "Diluted EPS": -0.02,
        "Total Revenue": 22,
        "Gross Profit": 4,
        "Operating Income": -1,
        "EBIT": 1,
        "Net Income": -1
    },
    "2009-03-31": {
        "Diluted EPS": 0.02,
        "Total Revenue": 25,
        "Gross Profit": 6,
        "Operating Income": 1,
        "EBIT": 3,
        "Net Income": 1
    },
    "2023-06-30": {
        "Tax Effect Of Unusual Items": -22900.0,
        "Tax Rate For Calcs": 0.229,
        "Normalized EBITDA": 45800000.0,
        "Total Unusual Items": -100000.0,
        "Total Unusual Items Excluding Goodwill": -100000.0,
        "Net Income From Continuing Operation Net Minority Interest": 16800000.0,
        "Reconciled Depreciation": 16100000.0,
        "Reconciled Cost Of Revenue": 144000000.0,
        "EBITDA": 45700000.0,
        "EBIT": 29600000.0,
        "Net Interest Income": -7800000.0,
        "Interest Expense": 7800000.0,
        "Normalized Income": 16877100.0,
        "Net Income From Continuing And Discontinued Operation": 16800000.0,
        "Total Expenses": 198100000.0,
        "Total Operating Income As Reported": 29500000.0,
        "Diluted NI Availto Com Stockholders": 16800000.0,
        "Net Income Common Stockholders": 16800000.0,
        "Net Income": 16800000.0,
        "Net Income Including Noncontrolling Interests": 16800000.0,
        "Net Income Continuous Operations": 16800000.0,
        "Tax Provision": 5000000.0,
        "Pretax Income": 21800000.0,
        "Other Income Expense": 100000.0,
        "Other Non Operating Income Expenses": 200000.0,
        "Gain On Sale Of Security": -100000.0,
        "Net Non Operating Interest Income Expense": -7800000.0,
        "Total Other Finance Cost": NaN,
        "Interest Expense Non Operating": 7800000.0,
        "Operating Income": 29500000.0,
        "Operating Expense": 46300000.0,
        "Depreciation Amortization Depletion Income Statement": 8300000.0,
        "Depreciation And Amortization In Income Statement": 8300000.0,
        "Amortization": 8300000.0,
        "Amortization Of Intangibles Income Statement": 8300000.0,
        "Selling General And Administration": 38000000.0,
        "Gross Profit": 75800000.0,
        "Cost Of Revenue": 151800000.0,
        "Total Revenue": 227600000.0,
        "Operating Revenue": 227600000.0
    },
    "2023-09-30": {
        "Tax Effect Of Unusual Items": -30500.0,
        "Tax Rate For Calcs": 0.305,
        "Normalized EBITDA": 30300000.0,
        "Total Unusual Items": -100000.0,
        "Total Unusual Items Excluding Goodwill": -100000.0,
        "Net Income From Continuing Operation Net Minority Interest": 3500000.0,
        "Reconciled Depreciation": 16400000.0,
        "Reconciled Cost Of Revenue": 133500000.0,
        "EBITDA": 30200000.0,
        "EBIT": 13800000.0,
        "Net Interest Income": -8700000.0,
        "Interest Expense": NaN,
        "Normalized Income": 3569500.0,
        "Net Income From Continuing And Discontinued Operation": 3500000.0,
        "Total Expenses": 187600000.0,
        "Total Operating Income As Reported": 13800000.0,
        "Diluted NI Availto Com Stockholders": 3500000.0,
        "Net Income Common Stockholders": 3500000.0,
        "Net Income": 3500000.0,
        "Net Income Including Noncontrolling Interests": 3500000.0,
        "Net Income Continuous Operations": 3500000.0,
        "Tax Provision": 1500000.0,
        "Pretax Income": 5000000.0,
        "Other Income Expense": -100000.0,
        "Other Non Operating Income Expenses": NaN,
        "Gain On Sale Of Security": -100000.0,
        "Net Non Operating Interest Income Expense": -8700000.0,
        "Total Other Finance Cost": 8700000.0,
        "Interest Expense Non Operating": NaN,
        "Operating Income": 13800000.0,
        "Operating Expense": 45900000.0,
        "Depreciation Amortization Depletion Income Statement": 8200000.0,
        "Depreciation And Amortization In Income Statement": 8200000.0,
        "Amortization": 8200000.0,
        "Amortization Of Intangibles Income Statement": 8200000.0,
        "Selling General And Administration": 37700000.0,
        "Gross Profit": 59700000.0,
        "Cost Of Revenue": 141700000.0,
        "Total Revenue": 201400000.0,
        "Operating Revenue": 201400000.0
    }
}