{
    "2023-03-31": {
        "Tax Effect Of Unusual Items": -861338.0,
        "Tax Rate For Calcs": 0.269,
        "Normalized EBITDA": 34848000.0,
        "Total Unusual Items": -3202000.0,
        "Total Unusual Items Excluding Goodwill": -3202000.0,
        "Net Income From Continuing Operation Net Minority Interest": 4247000.0,
        "Reconciled Depreciation": 7535000.0,
        "Reconciled Cost Of Revenue": 100636000.0,
        "EBITDA": 31646000.0,
        "EBIT": 24111000.0,
        "Net Interest Income": -18298000.0,
        "Interest Expense": 18298000.0,
        "Normalized Income": 6587662.0,
        "Net Income From Continuing And Discontinued Operation": 4247000.0,
        "Total Expenses": 144892000.0,
        "Total Operating Income As Reported": 25974000.0,
        "Diluted Average Shares": 117244762.0,
        "Basic Average Shares": 117153525.0,
        "Diluted EPS": 0.04,
        "Basic EPS": 0.04,
        "Diluted NI Availto Com Stockholders": 4247000.0,
        "Average Dilution Earnings": NaN,
        "Net Income Common Stockholders": 4247000.0,
        "Net Income": 4247000.0,
        "Net Income Including Noncontrolling Interests": 4247000.0,
        "Net Income Continuous Operations": 4247000.0,
        "Tax Provision": 1566000.0,
        "Pretax Income": 5813000.0,
        "Other Income Expense": -3202000.0,
        "Special Income Charges": -1767000.0,
        "Other Special Charges": NaN,
        "Impairment Of Capital Assets": NaN,
        "Restructuring And Mergern Acquisition": 1767000.0,
        "Gain On Sale Of Security": -1435000.0,
        "Net Non Operating Interest Income Expense": -18298000.0,
        "Interest Expense Non Operating": 18298000.0,
        "Operating Income": 27313000.0,
        "Operating Expense": 40400000.0,
        "Other Operating Expenses": 51000.0,
        "Depreciation Amortization Depletion Income Statement": 3679000.0,
        "Depreciation And Amortization In Income Statement": 3679000.0,
        "Amortization": 3679000.0,
        "Amortization Of Intangibles Income Statement": 3679000.0,
        "Research And Development": 6653000.0,
        "Selling General And Administration": 30017000.0,
        "Gross Profit": 67713000.0,
        "Cost Of Revenue": 104492000.0,
        "Total Revenue": 172205000.0,
        "Operating Revenue": 172205000.0
    },
    "2022-12-31": {
        "Tax Effect Of Unusual Items": NaN,
        "Tax Rate For Calcs": NaN,
        "Normalized EBITDA": NaN,
        "Total Unusual Items": NaN,
        "Total Unusual Items Excluding Goodwill": NaN,
        "Net Income From Continuing Operation Net Minority Interest": NaN,
        "Reconciled Depreciation": NaN,
        "Reconciled Cost Of Revenue": NaN,
        "EBITDA": NaN,
        "EBIT": NaN,
        "Net Interest Income": NaN,
        "Interest Expense": NaN,
        "Normalized Income": NaN,
        "Net Income From Continuing And Discontinued Operation": NaN,
        "Total Expenses": NaN,
        "Total Operating Income As Reported": NaN,
        "Diluted Average Shares": NaN,
        "Basic Average Shares": NaN,
        "Diluted EPS": NaN,
        "Basic EPS": NaN,
        "Diluted NI Availto Com Stockholders": NaN,
        "Average Dilution Earnings": NaN,
        "Net Income Common Stockholders": NaN,
        "Net Income": NaN,
        "Net Income Including Noncontrolling Interests": NaN,
        "Net Income Continuous Operations": NaN,
        "Tax Provision": NaN,
        "Pretax Income": NaN,
        "Other Income Expense": NaN,
        "Special Income Charges": NaN,
        "Other Special Charges": NaN,
        "Impairment Of Capital Assets": 0.0,
        "Restructuring And Mergern Acquisition": NaN,
        "Gain On Sale Of Security": NaN,
        "Net Non Operating Interest Income Expense": NaN,
        "Interest Expense Non Operating": NaN,
        "Operating Income": NaN,
        "Operating Expense": NaN,
        "Other Operating Expenses": NaN,
        "Depreciation Amortization Depletion Income Statement": NaN,
        "Depreciation And Amortization In Income Statement": NaN,
        "Amortization": NaN,
        "Amortization Of Intangibles Income Statement": NaN,
        "Research And Development": NaN,
        "Selling General And Administration": NaN,
        "Gross Profit": NaN,
        "Cost Of Revenue": NaN,
        "Total Revenue": NaN,
        "Operating Revenue": NaN
    },
    "2022-09-30": {
        "Tax Effect Of Unusual Items": NaN,
        "Tax Rate For Calcs": NaN,
        "Normalized EBITDA": NaN,
        "Total Unusual Items": NaN,
        "Total Unusual Items Excluding Goodwill": NaN,
        "Net Income From Continuing Operation Net Minority Interest": NaN,
        "Reconciled Depreciation": NaN,
        "Reconciled Cost Of Revenue": NaN,
        "EBITDA": NaN,
        "EBIT": NaN,
        "Net Interest Income": NaN,
        "Interest Expense": NaN,
        "Normalized Income": NaN,
        "Net Income From Continuing And Discontinued Operation": NaN,
        "Total Expenses": NaN,
        "Total Operating Income As Reported": NaN,
        "Diluted Average Shares": NaN,
        "Basic Average Shares": NaN,
        "Diluted EPS": NaN,
        "Basic EPS": NaN,
        "Diluted NI Availto Com Stockholders": NaN,
        "Average Dilution Earnings": 0.0,
        "Net Income Common Stockholders": NaN,
        "Net Income": NaN,
        "Net Income Including Noncontrolling Interests": NaN,
        "Net Income Continuous Operations": NaN,
        "Tax Provision": NaN,
        "Pretax Income": NaN,
        "Other Income Expense": NaN,
        "Special Income Charges": NaN,
        "Other Special Charges": NaN,
        "Impairment Of Capital Assets": 2395000.0,
        "Restructuring And Mergern Acquisition": NaN,
        "Gain On Sale Of Security": NaN,
        "Net Non Operating Interest Income Expense": NaN,
        "Interest Expense Non Operating": NaN,
        "Operating Income": NaN,
        "Operating Expense": NaN,
        "Other Operating Expenses": NaN,
        "Depreciation Amortization Depletion Income Statement": NaN,
        "Depreciation And Amortization In Income Statement": NaN,
        "Amortization": NaN,
        "Amortization Of Intangibles Income Statement": NaN,
        "Research And Development": NaN,
        "Selling General And Administration": NaN,
        "Gross Profit": NaN,
        "Cost Of Revenue": NaN,
        "Total Revenue": NaN,
        "Operating Revenue": NaN
    },
    "2022-06-30": {
        "Tax Effect Of Unusual Items": 1774059.0,
        "Tax Rate For Calcs": 0.069,
        "Normalized EBITDA": 34426000.0,
        "Total Unusual Items": 25711000.0,
        "Total Unusual Items Excluding Goodwill": 25711000.0,
        "Net Income From Continuing Operation Net Minority Interest": 40563000.0,
        "Reconciled Depreciation": 7590000.0,
        "Reconciled Cost Of Revenue": 100204000.0,
        "EBITDA": 60137000.0,
        "EBIT": 52547000.0,
        "Net Interest Income": -8961000.0,
        "Interest Expense": 8961000.0,
        "Normalized Income": 16626059.0,
        "Net Income From Continuing And Discontinued Operation": 40563000.0,
        "Total Expenses": 152584000.0,
        "Total Operating Income As Reported": 25145000.0,
        "Diluted Average Shares": 117114553.0,
        "Basic Average Shares": 116931623.0,
        "Diluted EPS": 0.35,
        "Basic EPS": 0.35,
        "Diluted NI Availto Com Stockholders": 40563000.0,
        "Average Dilution Earnings": 0.0,
        "Net Income Common Stockholders": 40563000.0,
        "Net Income": 40563000.0,
        "Net Income Including Noncontrolling Interests": 40563000.0,
        "Net Income Continuous Operations": 40563000.0,
        "Tax Provision": 3023000.0,
        "Pretax Income": 43586000.0,
        "Other Income Expense": 25711000.0,
        "Special Income Charges": 2543000.0,
        "Impairment Of Capital Assets": NaN,
        "Restructuring And Mergern Acquisition": -2543000.0,
        "Gain On Sale Of Security": 23168000.0,
        "Net Non Operating Interest Income Expense": -8961000.0,
        "Interest Expense Non Operating": 8961000.0,
        "Operating Income": 26836000.0,
        "Operating Expense": 48452000.0,
        "Other Operating Expenses": 325000.0,
        "Depreciation Amortization Depletion Income Statement": 3662000.0,
        "Depreciation And Amortization In Income Statement": 3662000.0,
        "Amortization": 3662000.0,
        "Amortization Of Intangibles Income Statement": 3662000.0,
        "Research And Development": 8196000.0,
        "Selling General And Administration": 36269000.0,
        "Gross Profit": 75288000.0,
        "Cost Of Revenue": 104132000.0,
        "Total Revenue": 179420000.0,
        "Operating Revenue": 179420000.0
    },
    "2022-03-31": {
        "Diluted EPS": 0.15,
        "Total Revenue": 200,
        "Gross Profit": 83,
        "Operating Income": 36,
        "EBIT": 44,
        "Net Income": 17
    },
    "2021-12-31": {
        "Diluted EPS": -0.33,
        "Total Revenue": 180,
        "Gross Profit": 75,
        "Operating Income": 23,
        "EBIT": 31,
        "Net Income": -18
    },
    "2021-09-30": {
        "Diluted EPS": -0.28,
        "Total Revenue": 160,
        "Gross Profit": 65,
        "Operating Income": 2,
        "EBIT": 9,
        "Net Income": -30
    },
    "2021-06-30": {
        "Diluted EPS": 0.34,
        "Total Revenue": 193,
        "Gross Profit": 81,
        "Operating Income": 40,
        "EBIT": 47,
        "Net Income": 23
    },
    "2021-03-31": {
        "Diluted EPS": -0.03,
        "Total Revenue": 160,
        "Gross Profit": 66,
        "Operating Income": 13,
        "EBIT": 19,
        "Net Income": -2
    },
    "2020-12-31": {
        "Diluted EPS": 0.0,
        "Total Revenue": NaN,
        "Gross Profit": NaN,
        "Operating Income": NaN,
        "EBIT": NaN,
        "Net Income": NaN
    },
    "2020-09-30": {
        "Diluted EPS": 0.2,
        "Total Revenue": 133,
        "Gross Profit": 56,
        "Operating Income": 28,
        "EBIT": 28,
        "Net Income": 14
    },
    "2019-12-31": {
        "Diluted EPS": 0.0,
        "Total Revenue": NaN,
        "Gross Profit": NaN,
        "Operating Income": NaN,
        "EBIT": NaN,
        "Net Income": NaN
    },
    "2023-06-30": {
        "Tax Effect Of Unusual Items": NaN,
        "Tax Rate For Calcs": NaN,
        "Normalized EBITDA": NaN,
        "Total Unusual Items": NaN,
        "Total Unusual Items Excluding Goodwill": NaN,
        "Net Income From Continuing Operation Net Minority Interest": NaN,
        "Reconciled Depreciation": NaN,
        "Reconciled Cost Of Revenue": NaN,
        "EBITDA": NaN,
        "EBIT": NaN,
        "Net Interest Income": NaN,
        "Interest Expense": NaN,
        "Normalized Income": NaN,
        "Net Income From Continuing And Discontinued Operation": NaN,
        "Total Expenses": NaN,
        "Total Operating Income As Reported": NaN,
        "Diluted Average Shares": NaN,
        "Basic Average Shares": NaN,
        "Diluted EPS": NaN,
        "Basic EPS": NaN,
        "Diluted NI Availto Com Stockholders": NaN,
        "Average Dilution Earnings": 0.0,
        "Net Income Common Stockholders": NaN,
        "Net Income": NaN,
        "Net Income Including Noncontrolling Interests": NaN,
        "Net Income Continuous Operations": NaN,
        "Tax Provision": NaN,
        "Pretax Income": NaN,
        "Other Income Expense": NaN,
        "Special Income Charges": NaN,
        "Other Special Charges": NaN,
        "Write Off": NaN,
        "Impairment Of Capital Assets": NaN,
        "Restructuring And Mergern Acquisition": NaN,
        "Gain On Sale Of Security": NaN,
        "Net Non Operating Interest Income Expense": NaN,
        "Interest Expense Non Operating": NaN,
        "Operating Income": NaN,
        "Operating Expense": NaN,
        "Other Operating Expenses": NaN,
        "Depreciation Amortization Depletion Income Statement": NaN,
        "Depreciation And Amortization In Income Statement": NaN,
        "Amortization": NaN,
        "Amortization Of Intangibles Income Statement": NaN,
        "Research And Development": NaN,
        "Selling General And Administration": NaN,
        "Gross Profit": NaN,
        "Cost Of Revenue": NaN,
        "Total Revenue": NaN,
        "Operating Revenue": NaN
    },
    "2023-09-30": {
        "Tax Effect Of Unusual Items": -667590.0,
        "Tax Rate For Calcs": 0.21,
        "Normalized EBITDA": 27514000.0,
        "Total Unusual Items": -3179000.0,
        "Total Unusual Items Excluding Goodwill": -3179000.0,
        "Net Income From Continuing Operation Net Minority Interest": 752000.0,
        "Reconciled Depreciation": 7779000.0,
        "Reconciled Cost Of Revenue": 94064000.0,
        "EBITDA": 24335000.0,
        "EBIT": 16556000.0,
        "Net Interest Income": -13712000.0,
        "Interest Expense": 13712000.0,
        "Normalized Income": 3263410.0,
        "Net Income From Continuing And Discontinued Operation": 752000.0,
        "Total Expenses": 136795000.0,
        "Total Operating Income As Reported": 19320000.0,
        "Diluted Average Shares": 119245956.0,
        "Basic Average Shares": 117397069.0,
        "Diluted EPS": 0.01,
        "Basic EPS": 0.01,
        "Diluted NI Availto Com Stockholders": 752000.0,
        "Average Dilution Earnings": 0.0,
        "Net Income Common Stockholders": 752000.0,
        "Net Income": 752000.0,
        "Net Income Including Noncontrolling Interests": 752000.0,
        "Net Income Continuous Operations": 752000.0,
        "Tax Provision": 2092000.0,
        "Pretax Income": 2844000.0,
        "Other Income Expense": -3179000.0,
        "Special Income Charges": -1115000.0,
        "Other Special Charges": NaN,
        "Write Off": 0.0,
        "Impairment Of Capital Assets": 0.0,
        "Restructuring And Mergern Acquisition": 1115000.0,
        "Gain On Sale Of Security": -2064000.0,
        "Net Non Operating Interest Income Expense": -13712000.0,
        "Interest Expense Non Operating": 13712000.0,
        "Operating Income": 19735000.0,
        "Operating Expense": 38639000.0,
        "Other Operating Expenses": -28000.0,
        "Depreciation Amortization Depletion Income Statement": 3687000.0,
        "Depreciation And Amortization In Income Statement": 3687000.0,
        "Amortization": 3687000.0,
        "Amortization Of Intangibles Income Statement": 3687000.0,
        "Research And Development": 6100000.0,
        "Selling General And Administration": 28880000.0,
        "Gross Profit": 58374000.0,
        "Cost Of Revenue": 98156000.0,
        "Total Revenue": 156530000.0,
        "Operating Revenue": 156530000.0
    },
    "2023-12-31": {
        "Tax Effect Of Unusual Items": 472927.371274,
        "Tax Rate For Calcs": 0.348509,
        "Normalized EBITDA": 26878000.0,
        "Total Unusual Items": 1357000.0,
        "Total Unusual Items Excluding Goodwill": 1357000.0,
        "Net Income From Continuing Operation Net Minority Interest": 1202000.0,
        "Reconciled Depreciation": 7553000.0,
        "Reconciled Cost Of Revenue": 91417000.0,
        "EBITDA": 28235000.0,
        "EBIT": 20682000.0,
        "Net Interest Income": -18837000.0,
        "Interest Expense": 18837000.0,
        "Normalized Income": 317927.371274,
        "Net Income From Continuing And Discontinued Operation": 1202000.0,
        "Total Expenses": 136382000.0,
        "Total Operating Income As Reported": 18790000.0,
        "Diluted Average Shares": 119573000.0,
        "Basic Average Shares": 117707000.0,
        "Diluted EPS": 0.01,
        "Basic EPS": 0.01,
        "Diluted NI Availto Com Stockholders": 1202000.0,
        "Average Dilution Earnings": 0.0,
        "Net Income Common Stockholders": 1202000.0,
        "Net Income": 1202000.0,
        "Net Income Including Noncontrolling Interests": 1202000.0,
        "Net Income Continuous Operations": 1202000.0,
        "Tax Provision": 643000.0,
        "Pretax Income": 1845000.0,
        "Other Income Expense": 1357000.0,
        "Special Income Charges": -48000.0,
        "Other Special Charges": NaN,
        "Write Off": NaN,
        "Impairment Of Capital Assets": 0.0,
        "Restructuring And Mergern Acquisition": 749000.0,
        "Gain On Sale Of Security": 1405000.0,
        "Net Non Operating Interest Income Expense": -18837000.0,
        "Interest Expense Non Operating": 18837000.0,
        "Operating Income": 19325000.0,
        "Operating Expense": 40929000.0,
        "Other Operating Expenses": 257000.0,
        "Depreciation Amortization Depletion Income Statement": 3517000.0,
        "Depreciation And Amortization In Income Statement": 3517000.0,
        "Amortization": 3517000.0,
        "Amortization Of Intangibles Income Statement": 3517000.0,
        "Research And Development": 4909000.0,
        "Selling General And Administration": 32246000.0,
        "Gross Profit": 60254000.0,
        "Cost Of Revenue": 95453000.0,
        "Total Revenue": 155707000.0,
        "Operating Revenue": 155707000.0
    },
    "2024-03-31": {
        "Tax Effect Of Unusual Items": 634200.0,
        "Tax Rate For Calcs": 0.21,
        "Normalized EBITDA": 18144000.0,
        "Total Unusual Items": 3020000.0,
        "Total Unusual Items Excluding Goodwill": 3020000.0,
        "Net Income From Continuing Operation Net Minority Interest": 3730000.0,
        "Reconciled Depreciation": 7321000.0,
        "Reconciled Cost Of Revenue": 102692000.0,
        "EBITDA": 21164000.0,
        "EBIT": 13843000.0,
        "Net Interest Income": -11004000.0,
        "Interest Expense": 11004000.0,
        "Normalized Income": 1344200.0,
        "Net Income From Continuing And Discontinued Operation": 3730000.0,
        "Total Expenses": 147813000.0,
        "Total Operating Income As Reported": 10208000.0,
        "Diluted Average Shares": 119505330.0,
        "Basic Average Shares": 117871829.0,
        "Diluted EPS": 0.03,
        "Basic EPS": 0.03,
        "Diluted NI Availto Com Stockholders": 3730000.0,
        "Average Dilution Earnings": NaN,
        "Net Income Common Stockholders": 3730000.0,
        "Net Income": 3730000.0,
        "Net Income Including Noncontrolling Interests": 3730000.0,
        "Net Income Continuous Operations": 3730000.0,
        "Tax Provision": -891000.0,
        "Pretax Income": 2839000.0,
        "Other Income Expense": 3020000.0,
        "Special Income Charges": -107000.0,
        "Other Special Charges": 141000.0,
        "Write Off": NaN,
        "Impairment Of Capital Assets": NaN,
        "Restructuring And Mergern Acquisition": -34000.0,
        "Gain On Sale Of Security": 3127000.0,
        "Net Non Operating Interest Income Expense": -11004000.0,
        "Interest Expense Non Operating": 11004000.0,
        "Operating Income": 10823000.0,
        "Operating Expense": 41236000.0,
        "Other Operating Expenses": -8000.0,
        "Depreciation Amortization Depletion Income Statement": 3436000.0,
        "Depreciation And Amortization In Income Statement": 3436000.0,
        "Amortization": 3436000.0,
        "Amortization Of Intangibles Income Statement": 3436000.0,
        "Research And Development": 4812000.0,
        "Selling General And Administration": 32996000.0,
        "Gross Profit": 52059000.0,
        "Cost Of Revenue": 106577000.0,
        "Total Revenue": 158636000.0,
        "Operating Revenue": 158636000.0
    },
    "2024-06-30": {
        "Tax Effect Of Unusual Items": 477541.0,
        "Tax Rate For Calcs": 0.107,
        "Normalized EBITDA": 35368000.0,
        "Total Unusual Items": 4463000.0,
        "Total Unusual Items Excluding Goodwill": 4463000.0,
        "Net Income From Continuing Operation Net Minority Interest": 17105000.0,
        "Reconciled Depreciation": 7493000.0,
        "Reconciled Cost Of Revenue": 95145000.0,
        "EBITDA": 39831000.0,
        "EBIT": 32338000.0,
        "Net Interest Income": -13178000.0,
        "Interest Expense": 13178000.0,
        "Normalized Income": 13119541.0,
        "Net Income From Continuing And Discontinued Operation": 17105000.0,
        "Total Expenses": 141621000.0,
        "Total Operating Income As Reported": 27878000.0,
        "Diluted Average Shares": 119261236.0,
        "Basic Average Shares": 118470358.0,
        "Diluted EPS": 0.14,
        "Basic EPS": 0.14,
        "Diluted NI Availto Com Stockholders": 17105000.0,
        "Average Dilution Earnings": NaN,
        "Net Income Common Stockholders": 17105000.0,
        "Net Income": 17105000.0,
        "Net Income Including Noncontrolling Interests": 17105000.0,
        "Net Income Continuous Operations": 17105000.0,
        "Tax Provision": 2055000.0,
        "Pretax Income": 19160000.0,
        "Other Income Expense": 4463000.0,
        "Special Income Charges": 1061000.0,
        "Other Special Charges": NaN,
        "Write Off": NaN,
        "Impairment Of Capital Assets": NaN,
        "Restructuring And Mergern Acquisition": -1061000.0,
        "Gain On Sale Of Security": 3402000.0,
        "Net Non Operating Interest Income Expense": -13178000.0,
        "Interest Expense Non Operating": 13178000.0,
        "Operating Income": 27875000.0,
        "Operating Expense": 42418000.0,
        "Other Operating Expenses": 102000.0,
        "Depreciation Amortization Depletion Income Statement": 3435000.0,
        "Depreciation And Amortization In Income Statement": 3435000.0,
        "Amortization": 3435000.0,
        "Amortization Of Intangibles Income Statement": 3435000.0,
        "Research And Development": 4311000.0,
        "Selling General And Administration": 34570000.0,
        "Gross Profit": 70293000.0,
        "Cost Of Revenue": 99203000.0,
        "Total Revenue": 169496000.0,
        "Operating Revenue": 169496000.0
    },
    "2024-09-30": {
        "Tax Effect Of Unusual Items": -1295349.459599,
        "Tax Rate For Calcs": 0.190942,
        "Normalized EBITDA": 20982000.0,
        "Total Unusual Items": -6784000.0,
        "Total Unusual Items Excluding Goodwill": -6784000.0,
        "Net Income From Continuing Operation Net Minority Interest": -6288000.0,
        "Reconciled Depreciation": 6960000.0,
        "Reconciled Cost Of Revenue": 78208000.0,
        "EBITDA": 14198000.0,
        "EBIT": 7238000.0,
        "Net Interest Income": -15010000.0,
        "Interest Expense": 15010000.0,
        "Normalized Income": -799349.459599,
        "Net Income From Continuing And Discontinued Operation": -6288000.0,
        "Total Expenses": 120016000.0,
        "Total Operating Income As Reported": 5563000.0,
        "Diluted Average Shares": 118694139.0,
        "Basic Average Shares": 118694139.0,
        "Diluted EPS": -0.05,
        "Basic EPS": -0.05,
        "Diluted NI Availto Com Stockholders": -6288000.0,
        "Average Dilution Earnings": NaN,
        "Net Income Common Stockholders": -6288000.0,
        "Net Income": -6288000.0,
        "Net Income Including Noncontrolling Interests": -6288000.0,
        "Net Income Continuous Operations": -6288000.0,
        "Tax Provision": -1484000.0,
        "Pretax Income": -7772000.0,
        "Other Income Expense": -6784000.0,
        "Special Income Charges": -7825000.0,
        "Other Special Charges": NaN,
        "Write Off": 7505000.0,
        "Impairment Of Capital Assets": NaN,
        "Restructuring And Mergern Acquisition": 320000.0,
        "Gain On Sale Of Security": 1041000.0,
        "Net Non Operating Interest Income Expense": -15010000.0,
        "Interest Expense Non Operating": 15010000.0,
        "Operating Income": 14022000.0,
        "Operating Expense": 38284000.0,
        "Other Operating Expenses": 119000.0,
        "Depreciation Amortization Depletion Income Statement": 3436000.0,
        "Depreciation And Amortization In Income Statement": 3436000.0,
        "Amortization": 3436000.0,
        "Amortization Of Intangibles Income Statement": 3436000.0,
        "Research And Development": 4620000.0,
        "Selling General And Administration": 30109000.0,
        "Gross Profit": 52306000.0,
        "Cost Of Revenue": 81732000.0,
        "Total Revenue": 134038000.0,
        "Operating Revenue": 134038000.0
    }
}