{
    "2023-03-31": {
        "Tax Effect Of Unusual Items": 0.0,
        "Tax Rate For Calcs": 0.0,
        "Normalized EBITDA": -74041000.0,
        "Total Unusual Items": -7873000.0,
        "Total Unusual Items Excluding Goodwill": -7873000.0,
        "Net Income From Continuing Operation Net Minority Interest": -94198000.0,
        "Reconciled Depreciation": 12064000.0,
        "Reconciled Cost Of Revenue": 39823000.0,
        "EBITDA": -81914000.0,
        "EBIT": -93978000.0,
        "Net Interest Income": -220000.0,
        "Interest Expense": 220000.0,
        "Normalized Income": -86325000.0,
        "Net Income From Continuing And Discontinued Operation": -94198000.0,
        "Total Expenses": 112471000.0,
        "Total Operating Income As Reported": -95850000.0,
        "Diluted Average Shares": 151083716.0,
        "Basic Average Shares": 151083716.0,
        "Diluted EPS": -0.62,
        "Basic EPS": -0.62,
        "Diluted NI Availto Com Stockholders": -94198000.0,
        "Average Dilution Earnings": NaN,
        "Net Income Common Stockholders": -94198000.0,
        "Otherunder Preferred Stock Dividend": NaN,
        "Net Income": -94198000.0,
        "Net Income Including Noncontrolling Interests": -94198000.0,
        "Net Income Continuous Operations": -94198000.0,
        "Tax Provision": 0.0,
        "Pretax Income": -94198000.0,
        "Other Income Expense": -6001000.0,
        "Other Non Operating Income Expenses": 1872000.0,
        "Special Income Charges": -7873000.0,
        "Restructuring And Mergern Acquisition": 7873000.0,
        "Net Non Operating Interest Income Expense": -220000.0,
        "Interest Expense Non Operating": 220000.0,
        "Operating Income": -87977000.0,
        "Operating Expense": 72648000.0,
        "Other Operating Expenses": -271000.0,
        "Other Taxes": NaN,
        "Research And Development": 44733000.0,
        "Selling General And Administration": 28186000.0,
        "Selling And Marketing Expense": 11248000.0,
        "General And Administrative Expense": 16938000.0,
        "Other Gand A": 16938000.0,
        "Gross Profit": -15329000.0,
        "Cost Of Revenue": 39823000.0,
        "Total Revenue": 24494000.0,
        "Operating Revenue": 24494000.0
    },
    "2022-12-31": {
        "Tax Effect Of Unusual Items": 0.0,
        "Tax Rate For Calcs": 0.144347,
        "Normalized EBITDA": -24636000.0,
        "Total Unusual Items": 0.0,
        "Total Unusual Items Excluding Goodwill": 0.0,
        "Net Income From Continuing Operation Net Minority Interest": -31506000.0,
        "Reconciled Depreciation": 11953000.0,
        "Reconciled Cost Of Revenue": 90783000.0,
        "EBITDA": -24636000.0,
        "EBIT": -36589000.0,
        "Net Interest Income": -232000.0,
        "Interest Expense": 232000.0,
        "Normalized Income": -31506000.0,
        "Net Income From Continuing And Discontinued Operation": -31506000.0,
        "Total Expenses": 184325000.0,
        "Total Operating Income As Reported": -38624000.0,
        "Diluted Average Shares": 149711419.0,
        "Basic Average Shares": 149711419.0,
        "Diluted EPS": -0.21,
        "Basic EPS": -0.21,
        "Diluted NI Availto Com Stockholders": -31506000.0,
        "Average Dilution Earnings": NaN,
        "Net Income Common Stockholders": -31506000.0,
        "Otherunder Preferred Stock Dividend": 0.0,
        "Net Income": -31506000.0,
        "Net Income Including Noncontrolling Interests": -31506000.0,
        "Net Income Continuous Operations": -31506000.0,
        "Tax Provision": -5315000.0,
        "Pretax Income": -36821000.0,
        "Other Income Expense": 2035000.0,
        "Other Non Operating Income Expenses": 2035000.0,
        "Special Income Charges": 0.0,
        "Restructuring And Mergern Acquisition": 0.0,
        "Net Non Operating Interest Income Expense": -232000.0,
        "Interest Expense Non Operating": 232000.0,
        "Operating Income": -38624000.0,
        "Operating Expense": 93542000.0,
        "Other Operating Expenses": -1076000.0,
        "Other Taxes": NaN,
        "Research And Development": 56149000.0,
        "Selling General And Administration": 38469000.0,
        "Selling And Marketing Expense": 19312000.0,
        "General And Administrative Expense": 19157000.0,
        "Other Gand A": 19157000.0,
        "Gross Profit": 54918000.0,
        "Cost Of Revenue": 90783000.0,
        "Total Revenue": 145701000.0,
        "Operating Revenue": 145701000.0
    },
    "2022-09-30": {
        "Tax Effect Of Unusual Items": NaN,
        "Tax Rate For Calcs": NaN,
        "Normalized EBITDA": NaN,
        "Total Unusual Items": NaN,
        "Total Unusual Items Excluding Goodwill": NaN,
        "Net Income From Continuing Operation Net Minority Interest": NaN,
        "Reconciled Depreciation": NaN,
        "Reconciled Cost Of Revenue": NaN,
        "EBITDA": NaN,
        "EBIT": NaN,
        "Net Interest Income": NaN,
        "Interest Expense": NaN,
        "Normalized Income": NaN,
        "Net Income From Continuing And Discontinued Operation": NaN,
        "Total Expenses": NaN,
        "Total Operating Income As Reported": NaN,
        "Diluted Average Shares": 148582721.0,
        "Basic Average Shares": 148582721.0,
        "Diluted EPS": -0.45,
        "Basic EPS": -0.45,
        "Diluted NI Availto Com Stockholders": NaN,
        "Average Dilution Earnings": 0.0,
        "Net Income Common Stockholders": NaN,
        "Otherunder Preferred Stock Dividend": 0.0,
        "Net Income": NaN,
        "Net Income Including Noncontrolling Interests": NaN,
        "Net Income Continuous Operations": NaN,
        "Tax Provision": NaN,
        "Pretax Income": NaN,
        "Other Income Expense": NaN,
        "Other Non Operating Income Expenses": NaN,
        "Special Income Charges": NaN,
        "Restructuring And Mergern Acquisition": NaN,
        "Net Non Operating Interest Income Expense": NaN,
        "Interest Expense Non Operating": NaN,
        "Operating Income": NaN,
        "Operating Expense": NaN,
        "Other Operating Expenses": NaN,
        "Other Taxes": 0.0,
        "Research And Development": NaN,
        "Selling General And Administration": NaN,
        "Selling And Marketing Expense": NaN,
        "General And Administrative Expense": NaN,
        "Other Gand A": NaN,
        "Gross Profit": NaN,
        "Cost Of Revenue": NaN,
        "Total Revenue": NaN,
        "Operating Revenue": NaN
    },
    "2022-06-30": {
        "Tax Effect Of Unusual Items": -62139.0,
        "Tax Rate For Calcs": 0.033,
        "Normalized EBITDA": -89558000.0,
        "Total Unusual Items": -1883000.0,
        "Total Unusual Items Excluding Goodwill": -1883000.0,
        "Net Income From Continuing Operation Net Minority Interest": -99050000.0,
        "Reconciled Depreciation": 10979000.0,
        "Reconciled Cost Of Revenue": 101898000.0,
        "EBITDA": -91441000.0,
        "EBIT": -102420000.0,
        "Net Interest Income": -16000.0,
        "Interest Expense": 16000.0,
        "Normalized Income": -97229139.0,
        "Net Income From Continuing And Discontinued Operation": -99050000.0,
        "Total Expenses": 184931000.0,
        "Total Operating Income As Reported": -102463000.0,
        "Diluted Average Shares": 147498162.0,
        "Basic Average Shares": 147498162.0,
        "Diluted EPS": -0.67,
        "Basic EPS": -0.67,
        "Diluted NI Availto Com Stockholders": -99050000.0,
        "Average Dilution Earnings": 0.0,
        "Net Income Common Stockholders": -99050000.0,
        "Otherunder Preferred Stock Dividend": 0.0,
        "Net Income": -99050000.0,
        "Net Income Including Noncontrolling Interests": -99050000.0,
        "Net Income Continuous Operations": -99050000.0,
        "Tax Provision": -3386000.0,
        "Pretax Income": -102436000.0,
        "Other Income Expense": -1840000.0,
        "Other Non Operating Income Expenses": 43000.0,
        "Special Income Charges": -1883000.0,
        "Restructuring And Mergern Acquisition": 1883000.0,
        "Net Non Operating Interest Income Expense": -16000.0,
        "Interest Expense Non Operating": 16000.0,
        "Operating Income": -100580000.0,
        "Operating Expense": 83033000.0,
        "Other Operating Expenses": -3349000.0,
        "Research And Development": 44000000.0,
        "Selling General And Administration": 42382000.0,
        "Selling And Marketing Expense": 16971000.0,
        "General And Administrative Expense": 25411000.0,
        "Other Gand A": 25411000.0,
        "Gross Profit": -17547000.0,
        "Cost Of Revenue": 101898000.0,
        "Total Revenue": 84351000.0,
        "Operating Revenue": 84351000.0
    },
    "2022-03-31": {
        "Diluted EPS": 0.02,
        "Total Revenue": 179,
        "Gross Profit": 93,
        "Operating Income": 3,
        "EBIT": 13,
        "Net Income": 3
    },
    "2021-12-31": {
        "Diluted EPS": 0.24,
        "Total Revenue": 193,
        "Gross Profit": 90,
        "Operating Income": 23,
        "EBIT": 30,
        "Net Income": 24
    },
    "2021-09-30": {
        "Diluted EPS": 0.13,
        "Total Revenue": 224,
        "Gross Profit": 135,
        "Operating Income": 87,
        "EBIT": 99,
        "Net Income": 4
    },
    "2021-06-30": {
        "Diluted EPS": 0.14,
        "Total Revenue": 137,
        "Gross Profit": 82,
        "Operating Income": 65,
        "EBIT": 74,
        "Net Income": 3
    },
    "2021-03-31": {
        "Diluted EPS": 0.08,
        "Total Revenue": 64,
        "Gross Profit": 34,
        "Operating Income": 15,
        "EBIT": 20,
        "Net Income": 2
    },
    "2020-12-31": {
        "Diluted EPS": 0.0,
        "Total Revenue": NaN,
        "Gross Profit": NaN,
        "Operating Income": NaN,
        "EBIT": NaN,
        "Net Income": NaN
    },
    "2020-09-30": {
        "Diluted EPS": -0.52,
        "Total Revenue": 5,
        "Gross Profit": 2,
        "Operating Income": -9,
        "EBIT": -9,
        "Net Income": -9
    },
    "2019-12-31": {
        "Diluted EPS": 0.0,
        "Total Revenue": NaN,
        "Gross Profit": NaN,
        "Operating Income": NaN,
        "EBIT": NaN,
        "Net Income": NaN
    },
    "2023-06-30": {
        "Tax Effect Of Unusual Items": 0.0,
        "Tax Rate For Calcs": 0.0,
        "Normalized EBITDA": -64572000.0,
        "Total Unusual Items": -6645000.0,
        "Total Unusual Items Excluding Goodwill": -6645000.0,
        "Net Income From Continuing Operation Net Minority Interest": -83864000.0,
        "Reconciled Depreciation": 12356000.0,
        "Reconciled Cost Of Revenue": 29346000.0,
        "EBITDA": -71217000.0,
        "EBIT": -83573000.0,
        "Net Interest Income": -291000.0,
        "Interest Expense": 291000.0,
        "Normalized Income": -77219000.0,
        "Net Income From Continuing And Discontinued Operation": -83864000.0,
        "Total Expenses": 86339000.0,
        "Total Operating Income As Reported": -85393000.0,
        "Diluted Average Shares": 151869131.0,
        "Basic Average Shares": 151869131.0,
        "Diluted EPS": -0.55,
        "Basic EPS": -0.55,
        "Diluted NI Availto Com Stockholders": -83864000.0,
        "Average Dilution Earnings": NaN,
        "Net Income Common Stockholders": -83864000.0,
        "Otherunder Preferred Stock Dividend": NaN,
        "Net Income": -83864000.0,
        "Net Income Including Noncontrolling Interests": -83864000.0,
        "Net Income Continuous Operations": -83864000.0,
        "Tax Provision": 0.0,
        "Pretax Income": -83864000.0,
        "Other Income Expense": -4825000.0,
        "Other Non Operating Income Expenses": 1820000.0,
        "Special Income Charges": -6645000.0,
        "Restructuring And Mergern Acquisition": 6645000.0,
        "Net Non Operating Interest Income Expense": -291000.0,
        "Interest Expense Non Operating": 291000.0,
        "Operating Income": -78748000.0,
        "Operating Expense": 56993000.0,
        "Other Operating Expenses": -2305000.0,
        "Other Taxes": NaN,
        "Research And Development": 36536000.0,
        "Selling General And Administration": 22762000.0,
        "Selling And Marketing Expense": 8059000.0,
        "General And Administrative Expense": 14703000.0,
        "Other Gand A": 14703000.0,
        "Gross Profit": -21755000.0,
        "Cost Of Revenue": 29346000.0,
        "Total Revenue": 7591000.0,
        "Operating Revenue": 7591000.0
    },
    "2023-09-30": {
        "Tax Effect Of Unusual Items": 0.0,
        "Tax Rate For Calcs": 0.21,
        "Normalized EBITDA": -28361000.0,
        "Total Unusual Items": 0.0,
        "Total Unusual Items Excluding Goodwill": 0.0,
        "Net Income From Continuing Operation Net Minority Interest": -46970000.0,
        "Reconciled Depreciation": 13572000.0,
        "Reconciled Cost Of Revenue": 22180000.0,
        "EBITDA": -28361000.0,
        "EBIT": -41933000.0,
        "Net Interest Income": -304000.0,
        "Interest Expense": 304000.0,
        "Normalized Income": -46970000.0,
        "Net Income From Continuing And Discontinued Operation": -46970000.0,
        "Total Expenses": 58523000.0,
        "Total Operating Income As Reported": -64705000.0,
        "Diluted Average Shares": 153699408.0,
        "Basic Average Shares": 153699408.0,
        "Diluted EPS": -0.31,
        "Basic EPS": -0.31,
        "Diluted NI Availto Com Stockholders": -46970000.0,
        "Average Dilution Earnings": NaN,
        "Net Income Common Stockholders": -46970000.0,
        "Otherunder Preferred Stock Dividend": NaN,
        "Net Income": -46970000.0,
        "Net Income Including Noncontrolling Interests": -46970000.0,
        "Net Income Continuous Operations": -46970000.0,
        "Tax Provision": 4733000.0,
        "Pretax Income": -42237000.0,
        "Other Income Expense": 1833000.0,
        "Other Non Operating Income Expenses": 1833000.0,
        "Special Income Charges": 0.0,
        "Restructuring And Mergern Acquisition": 0.0,
        "Net Non Operating Interest Income Expense": -304000.0,
        "Interest Expense Non Operating": 304000.0,
        "Operating Income": -43766000.0,
        "Operating Expense": 36343000.0,
        "Other Operating Expenses": -2720000.0,
        "Other Taxes": -20939000.0,
        "Research And Development": 37103000.0,
        "Selling General And Administration": 22899000.0,
        "Selling And Marketing Expense": 7051000.0,
        "General And Administrative Expense": 15848000.0,
        "Other Gand A": 15848000.0,
        "Gross Profit": -7423000.0,
        "Cost Of Revenue": 22180000.0,
        "Total Revenue": 14757000.0,
        "Operating Revenue": 14757000.0
    },
    "2023-12-31": {
        "Tax Effect Of Unusual Items": -17560410.0,
        "Tax Rate For Calcs": 0.21,
        "Normalized EBITDA": -46121000.0,
        "Total Unusual Items": -83621000.0,
        "Total Unusual Items Excluding Goodwill": -83621000.0,
        "Net Income From Continuing Operation Net Minority Interest": -148432000.0,
        "Reconciled Depreciation": 18286000.0,
        "Reconciled Cost Of Revenue": 35742000.0,
        "EBITDA": -129742000.0,
        "EBIT": -148028000.0,
        "Net Interest Income": 5896000.0,
        "Interest Expense": 344000.0,
        "Normalized Income": -82371410.0,
        "Net Income From Continuing And Discontinued Operation": -148432000.0,
        "Total Expenses": 82665000.0,
        "Total Operating Income As Reported": -148905000.0,
        "Diluted Average Shares": NaN,
        "Basic Average Shares": NaN,
        "Diluted EPS": NaN,
        "Basic EPS": NaN,
        "Diluted NI Availto Com Stockholders": -148432000.0,
        "Average Dilution Earnings": NaN,
        "Net Income Common Stockholders": -148432000.0,
        "Otherunder Preferred Stock Dividend": NaN,
        "Net Income": -148432000.0,
        "Net Income Including Noncontrolling Interests": -148432000.0,
        "Net Income Continuous Operations": -148432000.0,
        "Tax Provision": 60000.0,
        "Pretax Income": -148372000.0,
        "Other Income Expense": -88984000.0,
        "Other Non Operating Income Expenses": -5363000.0,
        "Special Income Charges": -83621000.0,
        "Restructuring And Mergern Acquisition": -18000.0,
        "Net Non Operating Interest Income Expense": 5896000.0,
        "Interest Expense Non Operating": 344000.0,
        "Operating Income": -65284000.0,
        "Operating Expense": 46923000.0,
        "Other Operating Expenses": -1417000.0,
        "Other Taxes": 0.0,
        "Research And Development": 32248000.0,
        "Selling General And Administration": 16092000.0,
        "Selling And Marketing Expense": 6226000.0,
        "General And Administrative Expense": 9866000.0,
        "Other Gand A": 9866000.0,
        "Gross Profit": -18361000.0,
        "Cost Of Revenue": 35742000.0,
        "Total Revenue": 17381000.0,
        "Operating Revenue": 17381000.0
    }
}