{
    "2023-06-30": {
        "Tax Effect Of Unusual Items": -3541566.0,
        "Tax Rate For Calcs": 0.318,
        "Normalized EBITDA": 65633000.0,
        "Total Unusual Items": -11137000.0,
        "Total Unusual Items Excluding Goodwill": -11137000.0,
        "Net Income From Continuing Operation Net Minority Interest": 7100000.0,
        "Reconciled Depreciation": 39227000.0,
        "Reconciled Cost Of Revenue": 253468000.0,
        "EBITDA": 54496000.0,
        "EBIT": 15269000.0,
        "Net Interest Income": -4228000.0,
        "Interest Expense": 4857000.0,
        "Interest Income": 629000.0,
        "Normalized Income": 14695434.0,
        "Net Income From Continuing And Discontinued Operation": 7100000.0,
        "Total Expenses": 277475000.0,
        "Total Operating Income As Reported": 20205000.0,
        "Diluted Average Shares": 153404000.0,
        "Basic Average Shares": 150791000.0,
        "Diluted EPS": 0.05,
        "Basic EPS": 0.05,
        "Diluted NI Availto Com Stockholders": 7088000.0,
        "Average Dilution Earnings": NaN,
        "Net Income Common Stockholders": 7088000.0,
        "Otherunder Preferred Stock Dividend": 12000.0,
        "Net Income": 7100000.0,
        "Net Income Including Noncontrolling Interests": 7100000.0,
        "Net Income Continuous Operations": 7100000.0,
        "Tax Provision": 3312000.0,
        "Pretax Income": 10412000.0,
        "Other Income Expense": -16702000.0,
        "Other Non Operating Income Expenses": -5565000.0,
        "Special Income Charges": -11137000.0,
        "Gain On Sale Of Ppe": 0.0,
        "Other Special Charges": NaN,
        "Restructuring And Mergern Acquisition": 11137000.0,
        "Earnings From Equity Interest": 0.0,
        "Net Non Operating Interest Income Expense": -4228000.0,
        "Interest Expense Non Operating": 4857000.0,
        "Interest Income Non Operating": 629000.0,
        "Operating Income": 31342000.0,
        "Operating Expense": 24007000.0,
        "Selling General And Administration": 24007000.0,
        "Gross Profit": 55349000.0,
        "Cost Of Revenue": 253468000.0,
        "Total Revenue": 308817000.0,
        "Operating Revenue": 308817000.0
    },
    "2023-03-31": {
        "Tax Effect Of Unusual Items": -1083308.923848,
        "Tax Rate For Calcs": 0.280941,
        "Normalized EBITDA": 39079000.0,
        "Total Unusual Items": -3856000.0,
        "Total Unusual Items Excluding Goodwill": -3856000.0,
        "Net Income From Continuing Operation Net Minority Interest": -5165000.0,
        "Reconciled Depreciation": 37537000.0,
        "Reconciled Cost Of Revenue": 234900000.0,
        "EBITDA": 35223000.0,
        "EBIT": -2314000.0,
        "Net Interest Income": -4187000.0,
        "Interest Expense": 4869000.0,
        "Interest Income": 682000.0,
        "Normalized Income": -2392308.923848,
        "Net Income From Continuing And Discontinued Operation": -5165000.0,
        "Total Expenses": 254531000.0,
        "Total Operating Income As Reported": -8303000.0,
        "Diluted Average Shares": 151764000.0,
        "Basic Average Shares": 151764000.0,
        "Diluted EPS": -0.03,
        "Basic EPS": -0.03,
        "Diluted NI Availto Com Stockholders": -5165000.0,
        "Average Dilution Earnings": NaN,
        "Net Income Common Stockholders": -5165000.0,
        "Otherunder Preferred Stock Dividend": NaN,
        "Net Income": -5165000.0,
        "Net Income Including Noncontrolling Interests": -5165000.0,
        "Net Income Continuous Operations": -5165000.0,
        "Tax Provision": -2018000.0,
        "Pretax Income": -7183000.0,
        "Other Income Expense": 1451000.0,
        "Other Non Operating Income Expenses": 5307000.0,
        "Special Income Charges": -3856000.0,
        "Gain On Sale Of Ppe": 367000.0,
        "Other Special Charges": NaN,
        "Restructuring And Mergern Acquisition": 4223000.0,
        "Earnings From Equity Interest": NaN,
        "Net Non Operating Interest Income Expense": -4187000.0,
        "Interest Expense Non Operating": 4869000.0,
        "Interest Income Non Operating": 682000.0,
        "Operating Income": -4447000.0,
        "Operating Expense": 19631000.0,
        "Selling General And Administration": 19631000.0,
        "Gross Profit": 15184000.0,
        "Cost Of Revenue": 234900000.0,
        "Total Revenue": 250084000.0,
        "Operating Revenue": 250084000.0
    },
    "2022-12-31": {
        "Tax Effect Of Unusual Items": -2878050.0,
        "Tax Rate For Calcs": 0.21,
        "Normalized EBITDA": 63951000.0,
        "Total Unusual Items": -13705000.0,
        "Total Unusual Items Excluding Goodwill": -13705000.0,
        "Net Income From Continuing Operation Net Minority Interest": 2709000.0,
        "Reconciled Depreciation": 40096000.0,
        "Reconciled Cost Of Revenue": 256452000.0,
        "EBITDA": 50246000.0,
        "EBIT": 10150000.0,
        "Net Interest Income": -4333000.0,
        "Interest Expense": 4912000.0,
        "Interest Income": 579000.0,
        "Normalized Income": 13535950.0,
        "Net Income From Continuing And Discontinued Operation": 2709000.0,
        "Total Expenses": 279239000.0,
        "Total Operating Income As Reported": -5128000.0,
        "Diluted Average Shares": 151425000.0,
        "Basic Average Shares": 151425000.0,
        "Diluted EPS": 0.02,
        "Basic EPS": 0.02,
        "Diluted NI Availto Com Stockholders": 2709000.0,
        "Average Dilution Earnings": NaN,
        "Net Income Common Stockholders": 2709000.0,
        "Otherunder Preferred Stock Dividend": 0.0,
        "Net Income": 2709000.0,
        "Minority Interests": 0.0,
        "Net Income Including Noncontrolling Interests": 2709000.0,
        "Net Income Continuous Operations": 2709000.0,
        "Tax Provision": 2529000.0,
        "Pretax Income": 5238000.0,
        "Other Income Expense": 994000.0,
        "Other Non Operating Income Expenses": 14699000.0,
        "Special Income Charges": -13705000.0,
        "Gain On Sale Of Ppe": 0.0,
        "Restructuring And Mergern Acquisition": 13705000.0,
        "Earnings From Equity Interest": 0.0,
        "Net Non Operating Interest Income Expense": -4333000.0,
        "Interest Expense Non Operating": 4912000.0,
        "Interest Income Non Operating": 579000.0,
        "Operating Income": 8577000.0,
        "Operating Expense": 22787000.0,
        "Selling General And Administration": 22787000.0,
        "Gross Profit": 31364000.0,
        "Cost Of Revenue": 256452000.0,
        "Total Revenue": 287816000.0,
        "Operating Revenue": 287816000.0
    },
    "2022-09-30": {
        "Tax Effect Of Unusual Items": -719460.0,
        "Tax Rate For Calcs": 0.21,
        "Normalized EBITDA": -4193000.0,
        "Total Unusual Items": -3426000.0,
        "Total Unusual Items Excluding Goodwill": -3426000.0,
        "Net Income From Continuing Operation Net Minority Interest": -18763000.0,
        "Reconciled Depreciation": 35944000.0,
        "Reconciled Cost Of Revenue": 233332000.0,
        "EBITDA": -7619000.0,
        "EBIT": -7619000.0,
        "Net Interest Income": -4644000.0,
        "Interest Expense": 4644000.0,
        "Interest Income": 279000.0,
        "Normalized Income": -16056460.0,
        "Net Income From Continuing And Discontinued Operation": -18763000.0,
        "Total Expenses": 256895000.0,
        "Total Operating Income As Reported": 12226000.0,
        "Diluted Average Shares": 151331000.0,
        "Basic Average Shares": 151331000.0,
        "Diluted EPS": -0.12,
        "Basic EPS": -0.12,
        "Diluted NI Availto Com Stockholders": -18763000.0,
        "Average Dilution Earnings": NaN,
        "Net Income Common Stockholders": -18763000.0,
        "Otherunder Preferred Stock Dividend": NaN,
        "Net Income": -18763000.0,
        "Minority Interests": 0.0,
        "Net Income Including Noncontrolling Interests": -18763000.0,
        "Net Income Continuous Operations": -18763000.0,
        "Tax Provision": 6500000.0,
        "Pretax Income": -12263000.0,
        "Other Income Expense": -23271000.0,
        "Other Non Operating Income Expenses": -19923000.0,
        "Special Income Charges": -3426000.0,
        "Gain On Sale Of Ppe": 0.0,
        "Restructuring And Mergern Acquisition": 3426000.0,
        "Earnings From Equity Interest": 78000.0,
        "Net Non Operating Interest Income Expense": -4644000.0,
        "Interest Expense Non Operating": 4644000.0,
        "Interest Income Non Operating": 279000.0,
        "Operating Income": 15652000.0,
        "Operating Expense": 23563000.0,
        "Selling General And Administration": 23563000.0,
        "Gross Profit": 39215000.0,
        "Cost Of Revenue": 233332000.0,
        "Total Revenue": 272547000.0,
        "Operating Revenue": 272547000.0
    },
    "2022-06-30": {
        "Tax Effect Of Unusual Items": 0.0,
        "Tax Rate For Calcs": 0.4,
        "Normalized EBITDA": -23466000.0,
        "Total Unusual Items": 0.0,
        "Total Unusual Items Excluding Goodwill": 0.0,
        "Net Income From Continuing Operation Net Minority Interest": -29699000.0,
        "Reconciled Depreciation": 33158000.0,
        "Reconciled Cost Of Revenue": 163966000.0,
        "EBITDA": -23466000.0,
        "EBIT": -23466000.0,
        "Net Interest Income": -4799000.0,
        "Interest Expense": 4799000.0,
        "Interest Income": 235000.0,
        "Normalized Income": -29699000.0,
        "Net Income From Continuing And Discontinued Operation": -29699000.0,
        "Total Expenses": 181588000.0,
        "Total Operating Income As Reported": -18976000.0,
        "Diluted Average Shares": 151205000.0,
        "Basic Average Shares": 151205000.0,
        "Diluted EPS": -0.2,
        "Basic EPS": -0.2,
        "Diluted NI Availto Com Stockholders": -29699000.0,
        "Net Income Common Stockholders": -29699000.0,
        "Otherunder Preferred Stock Dividend": NaN,
        "Net Income": -29699000.0,
        "Minority Interests": 0.0,
        "Net Income Including Noncontrolling Interests": -29699000.0,
        "Net Income Continuous Operations": -29699000.0,
        "Tax Provision": 1434000.0,
        "Pretax Income": -28265000.0,
        "Other Income Expense": -4490000.0,
        "Other Non Operating Income Expenses": -12674000.0,
        "Special Income Charges": 0.0,
        "Gain On Sale Of Ppe": 0.0,
        "Restructuring And Mergern Acquisition": NaN,
        "Earnings From Equity Interest": 8184000.0,
        "Net Non Operating Interest Income Expense": -4799000.0,
        "Interest Expense Non Operating": 4799000.0,
        "Interest Income Non Operating": 235000.0,
        "Operating Income": -18976000.0,
        "Operating Expense": 17622000.0,
        "Selling General And Administration": 17622000.0,
        "Gross Profit": -1354000.0,
        "Cost Of Revenue": 163966000.0,
        "Total Revenue": 162612000.0,
        "Operating Revenue": 162612000.0
    },
    "2022-03-31": {
        "Diluted EPS": -0.28,
        "Total Revenue": 150,
        "Gross Profit": -19,
        "Operating Income": -33,
        "EBIT": 1,
        "Net Income": -42
    },
    "2021-12-31": {
        "Diluted EPS": -0.17,
        "Total Revenue": 169,
        "Gross Profit": -5,
        "Operating Income": -27,
        "EBIT": 9,
        "Net Income": -26
    },
    "2021-09-30": {
        "Diluted EPS": -0.13,
        "Total Revenue": 181,
        "Gross Profit": 3,
        "Operating Income": -10,
        "EBIT": 27,
        "Net Income": -19
    },
    "2021-06-30": {
        "Diluted EPS": -0.09,
        "Total Revenue": 162,
        "Gross Profit": 3,
        "Operating Income": -11,
        "EBIT": 25,
        "Net Income": -14
    },
    "2021-03-31": {
        "Diluted EPS": -0.02,
        "Total Revenue": 163,
        "Gross Profit": 15,
        "Operating Income": -1,
        "EBIT": 35,
        "Net Income": -3
    },
    "2020-12-31": {
        "Diluted EPS": 0.02,
        "Total Revenue": 160,
        "Gross Profit": 14,
        "Operating Income": 1,
        "EBIT": 38,
        "Net Income": 2
    },
    "2020-09-30": {
        "Diluted EPS": 0.16,
        "Total Revenue": 193,
        "Gross Profit": 35,
        "Operating Income": 19,
        "EBIT": 56,
        "Net Income": 24
    },
    "2020-06-30": {
        "Diluted EPS": 0.04,
        "Total Revenue": 199,
        "Gross Profit": 30,
        "Operating Income": 14,
        "EBIT": 51,
        "Net Income": 5
    },
    "2020-03-31": {
        "Diluted EPS": -0.09,
        "Total Revenue": 181,
        "Gross Profit": 2,
        "Operating Income": -21,
        "EBIT": 20,
        "Net Income": -12
    },
    "2019-12-31": {
        "Diluted EPS": 0.05,
        "Total Revenue": 171,
        "Gross Profit": 27,
        "Operating Income": 6,
        "EBIT": 36,
        "Net Income": 8
    },
    "2019-09-30": {
        "Diluted EPS": 0.21,
        "Total Revenue": 213,
        "Gross Profit": 55,
        "Operating Income": 39,
        "EBIT": 69,
        "Net Income": 32
    },
    "2019-06-30": {
        "Diluted EPS": 0.11,
        "Total Revenue": 202,
        "Gross Profit": 40,
        "Operating Income": 23,
        "EBIT": 54,
        "Net Income": 17
    },
    "2019-03-31": {
        "Diluted EPS": 0.01,
        "Total Revenue": 167,
        "Gross Profit": 16,
        "Operating Income": 0,
        "EBIT": 31,
        "Net Income": 1
    },
    "2018-12-31": {
        "Diluted EPS": -0.09,
        "Total Revenue": 158,
        "Gross Profit": 14,
        "Operating Income": -3,
        "EBIT": 26,
        "Net Income": -13
    },
    "2018-09-30": {
        "Diluted EPS": 0.18,
        "Total Revenue": 213,
        "Gross Profit": 52,
        "Operating Income": 31,
        "EBIT": 62,
        "Net Income": 27
    },
    "2018-06-30": {
        "Diluted EPS": 0.12,
        "Total Revenue": 205,
        "Gross Profit": 43,
        "Operating Income": 25,
        "EBIT": 55,
        "Net Income": 18
    },
    "2018-03-31": {
        "Diluted EPS": -0.02,
        "Total Revenue": 164,
        "Gross Profit": 13,
        "Operating Income": -1,
        "EBIT": 29,
        "Net Income": -3
    },
    "2017-12-31": {
        "Diluted EPS": 0.33,
        "Total Revenue": 163,
        "Gross Profit": 23,
        "Operating Income": 7,
        "EBIT": 35,
        "Net Income": 50
    },
    "2017-09-30": {
        "Diluted EPS": 0.02,
        "Total Revenue": 163,
        "Gross Profit": 21,
        "Operating Income": 5,
        "EBIT": 33,
        "Net Income": 2
    },
    "2017-06-30": {
        "Diluted EPS": -0.04,
        "Total Revenue": 150,
        "Gross Profit": 18,
        "Operating Income": 5,
        "EBIT": 35,
        "Net Income": -6
    },
    "2017-03-31": {
        "Diluted EPS": -0.11,
        "Total Revenue": 105,
        "Gross Profit": -1,
        "Operating Income": -18,
        "EBIT": 16,
        "Net Income": -16
    },
    "2016-12-31": {
        "Diluted EPS": -0.47,
        "Total Revenue": 128,
        "Gross Profit": 18,
        "Operating Income": -45,
        "EBIT": -13,
        "Net Income": -54
    },
    "2016-09-30": {
        "Diluted EPS": 0.1,
        "Total Revenue": 161,
        "Gross Profit": 40,
        "Operating Income": 21,
        "EBIT": 52,
        "Net Income": 11
    },
    "2016-06-30": {
        "Diluted EPS": -0.1,
        "Total Revenue": 107,
        "Gross Profit": 6,
        "Operating Income": -9,
        "EBIT": 19,
        "Net Income": -11
    },
    "2016-03-31": {
        "Diluted EPS": -0.26,
        "Total Revenue": 91,
        "Gross Profit": -17,
        "Operating Income": -31,
        "EBIT": 6,
        "Net Income": -28
    },
    "2015-12-31": {
        "Diluted EPS": -3.83,
        "Total Revenue": 158,
        "Gross Profit": -325,
        "Operating Income": -356,
        "EBIT": -319,
        "Net Income": -404
    },
    "2015-09-30": {
        "Diluted EPS": 0.09,
        "Total Revenue": 182,
        "Gross Profit": 32,
        "Operating Income": 18,
        "EBIT": 54,
        "Net Income": 10
    },
    "2015-06-30": {
        "Diluted EPS": -0.03,
        "Total Revenue": 166,
        "Gross Profit": 24,
        "Operating Income": 8,
        "EBIT": 38,
        "Net Income": -3
    },
    "2015-03-31": {
        "Diluted EPS": 0.19,
        "Total Revenue": 190,
        "Gross Profit": 35,
        "Operating Income": 22,
        "EBIT": 51,
        "Net Income": 20
    },
    "2014-12-31": {
        "Diluted EPS": 0.08,
        "Total Revenue": 207,
        "Gross Profit": 33,
        "Operating Income": 10,
        "EBIT": 40,
        "Net Income": 8
    },
    "2014-09-30": {
        "Diluted EPS": 0.71,
        "Total Revenue": 341,
        "Gross Profit": 126,
        "Operating Income": 106,
        "EBIT": 137,
        "Net Income": 76
    },
    "2014-06-30": {
        "Diluted EPS": 0.55,
        "Total Revenue": 306,
        "Gross Profit": 109,
        "Operating Income": 79,
        "EBIT": 109,
        "Net Income": 57
    },
    "2014-03-31": {
        "Diluted EPS": 0.51,
        "Total Revenue": 254,
        "Gross Profit": 76,
        "Operating Income": 67,
        "EBIT": 94,
        "Net Income": 54
    },
    "2013-12-31": {
        "Diluted EPS": 0.34,
        "Total Revenue": 227,
        "Gross Profit": 71,
        "Operating Income": 54,
        "EBIT": 83,
        "Net Income": 37
    },
    "2013-09-30": {
        "Diluted EPS": 0.42,
        "Total Revenue": 220,
        "Gross Profit": 69,
        "Operating Income": 63,
        "EBIT": 87,
        "Net Income": 45
    },
    "2013-06-30": {
        "Diluted EPS": 0.26,
        "Total Revenue": 232,
        "Gross Profit": 67,
        "Operating Income": 47,
        "EBIT": 75,
        "Net Income": 27
    },
    "2013-03-31": {
        "Diluted EPS": 0.02,
        "Total Revenue": 197,
        "Gross Profit": 53,
        "Operating Income": 15,
        "EBIT": 42,
        "Net Income": 2
    },
    "2012-12-31": {
        "Diluted EPS": -1.64,
        "Total Revenue": 202,
        "Gross Profit": -109,
        "Operating Income": -146,
        "EBIT": -114,
        "Net Income": -172
    },
    "2012-09-30": {
        "Diluted EPS": 0.14,
        "Total Revenue": 217,
        "Gross Profit": 58,
        "Operating Income": 20,
        "EBIT": 49,
        "Net Income": 15
    },
    "2012-06-30": {
        "Diluted EPS": 0.42,
        "Total Revenue": 197,
        "Gross Profit": 28,
        "Operating Income": 7,
        "EBIT": 34,
        "Net Income": 45
    },
    "2012-03-31": {
        "Diluted EPS": 0.62,
        "Total Revenue": 230,
        "Gross Profit": 72,
        "Operating Income": 50,
        "EBIT": 79,
        "Net Income": 66
    },
    "2011-12-31": {
        "Diluted EPS": 0.16,
        "Total Revenue": 200,
        "Gross Profit": 26,
        "Operating Income": 0,
        "EBIT": -144,
        "Net Income": 17
    },
    "2011-09-30": {
        "Diluted EPS": 0.43,
        "Total Revenue": 372,
        "Gross Profit": 122,
        "Operating Income": 100,
        "EBIT": 177,
        "Net Income": 45
    },
    "2011-06-30": {
        "Diluted EPS": 0.39,
        "Total Revenue": 338,
        "Gross Profit": 100,
        "Operating Income": 76,
        "EBIT": 156,
        "Net Income": 41
    },
    "2011-03-31": {
        "Diluted EPS": 0.24,
        "Total Revenue": 292,
        "Gross Profit": 77,
        "Operating Income": 52,
        "EBIT": 148,
        "Net Income": 26
    },
    "2010-12-31": {
        "Diluted EPS": -0.48,
        "Total Revenue": 306,
        "Gross Profit": 16,
        "Operating Income": -29,
        "EBIT": -149,
        "Net Income": -50
    },
    "2010-09-30": {
        "Diluted EPS": 0.25,
        "Total Revenue": 393,
        "Gross Profit": 87,
        "Operating Income": 60,
        "EBIT": 141,
        "Net Income": 26
    },
    "2010-06-30": {
        "Diluted EPS": -0.82,
        "Total Revenue": 299,
        "Gross Profit": -95,
        "Operating Income": -117,
        "EBIT": -27,
        "Net Income": -86
    },
    "2010-03-31": {
        "Diluted EPS": -0.17,
        "Total Revenue": 202,
        "Gross Profit": 26,
        "Operating Income": -8,
        "EBIT": 56,
        "Net Income": -18
    },
    "2009-12-31": {
        "Diluted EPS": -0.52,
        "Total Revenue": 180,
        "Gross Profit": -56,
        "Operating Income": -78,
        "EBIT": -20,
        "Net Income": -56
    },
    "2009-09-30": {
        "Diluted EPS": 0.04,
        "Total Revenue": 216,
        "Gross Profit": 3,
        "Operating Income": -15,
        "EBIT": 40,
        "Net Income": 4
    },
    "2009-06-30": {
        "Diluted EPS": 0.94,
        "Total Revenue": 495,
        "Gross Profit": 136,
        "Operating Income": 102,
        "EBIT": 180,
        "Net Income": 100
    },
    "2009-03-31": {
        "Diluted EPS": 0.5,
        "Total Revenue": 571,
        "Gross Profit": 161,
        "Operating Income": 195,
        "EBIT": 281,
        "Net Income": 53
    },
    "2023-09-30": {
        "Tax Effect Of Unusual Items": -5758151.0,
        "Tax Rate For Calcs": 0.349,
        "Normalized EBITDA": 88475000.0,
        "Total Unusual Items": -16499000.0,
        "Total Unusual Items Excluding Goodwill": -16499000.0,
        "Net Income From Continuing Operation Net Minority Interest": 15560000.0,
        "Reconciled Depreciation": 43249000.0,
        "Reconciled Cost Of Revenue": 315125000.0,
        "EBITDA": 71976000.0,
        "EBIT": 28727000.0,
        "Net Interest Income": -4152000.0,
        "Interest Expense": 4830000.0,
        "Interest Income": 678000.0,
        "Normalized Income": 26300849.0,
        "Net Income From Continuing And Discontinued Operation": 15560000.0,
        "Total Expenses": 342943000.0,
        "Total Operating Income As Reported": 36228000.0,
        "Diluted Average Shares": 153622000.0,
        "Basic Average Shares": 150550000.0,
        "Diluted EPS": 0.1,
        "Basic EPS": 0.1,
        "Diluted NI Availto Com Stockholders": 15534000.0,
        "Average Dilution Earnings": 1000.0,
        "Net Income Common Stockholders": 15533000.0,
        "Otherunder Preferred Stock Dividend": 27000.0,
        "Net Income": 15560000.0,
        "Net Income Including Noncontrolling Interests": 15560000.0,
        "Net Income Continuous Operations": 15560000.0,
        "Tax Provision": 8337000.0,
        "Pretax Income": 23897000.0,
        "Other Income Expense": -24678000.0,
        "Other Non Operating Income Expenses": -8179000.0,
        "Special Income Charges": -16499000.0,
        "Gain On Sale Of Ppe": 0.0,
        "Other Special Charges": NaN,
        "Restructuring And Mergern Acquisition": 16499000.0,
        "Earnings From Equity Interest": 0.0,
        "Net Non Operating Interest Income Expense": -4152000.0,
        "Interest Expense Non Operating": 4830000.0,
        "Interest Income Non Operating": 678000.0,
        "Operating Income": 52727000.0,
        "Operating Expense": 27818000.0,
        "Selling General And Administration": 27818000.0,
        "Gross Profit": 80545000.0,
        "Cost Of Revenue": 315125000.0,
        "Total Revenue": 395670000.0,
        "Operating Revenue": 395670000.0
    },
    "2023-12-31": {
        "Tax Effect Of Unusual Items": -10122840.0,
        "Tax Rate For Calcs": 0.21,
        "Normalized EBITDA": 79498000.0,
        "Total Unusual Items": -48204000.0,
        "Total Unusual Items Excluding Goodwill": -48204000.0,
        "Net Income From Continuing Operation Net Minority Interest": -28333000.0,
        "Reconciled Depreciation": 44103000.0,
        "Reconciled Cost Of Revenue": 285879000.0,
        "EBITDA": 31294000.0,
        "EBIT": -12809000.0,
        "Net Interest Income": -4771000.0,
        "Interest Expense": 6803000.0,
        "Interest Income": 2032000.0,
        "Normalized Income": 9748160.0,
        "Net Income From Continuing And Discontinued Operation": -28333000.0,
        "Total Expenses": 308850000.0,
        "Total Operating Income As Reported": 15380000.0,
        "Diluted Average Shares": NaN,
        "Basic Average Shares": NaN,
        "Diluted EPS": NaN,
        "Basic EPS": NaN,
        "Diluted NI Availto Com Stockholders": -28304000.0,
        "Average Dilution Earnings": NaN,
        "Net Income Common Stockholders": -28303000.0,
        "Otherunder Preferred Stock Dividend": -30000.0,
        "Net Income": -28333000.0,
        "Net Income Including Noncontrolling Interests": -28333000.0,
        "Net Income Continuous Operations": -28333000.0,
        "Tax Provision": 8721000.0,
        "Pretax Income": -19612000.0,
        "Other Income Expense": -41148000.0,
        "Other Non Operating Income Expenses": 7056000.0,
        "Special Income Charges": -48204000.0,
        "Gain On Sale Of Ppe": 0.0,
        "Other Special Charges": NaN,
        "Restructuring And Mergern Acquisition": 10927000.0,
        "Earnings From Equity Interest": 0.0,
        "Net Non Operating Interest Income Expense": -4771000.0,
        "Interest Expense Non Operating": 6803000.0,
        "Interest Income Non Operating": 2032000.0,
        "Operating Income": 26307000.0,
        "Operating Expense": 22971000.0,
        "Selling General And Administration": 22971000.0,
        "Gross Profit": 49278000.0,
        "Cost Of Revenue": 285879000.0,
        "Total Revenue": 335157000.0,
        "Operating Revenue": 335157000.0
    },
    "2024-03-31": {
        "Tax Effect Of Unusual Items": -1278551.22387,
        "Tax Rate For Calcs": 0.060675,
        "Normalized EBITDA": 48218000.0,
        "Total Unusual Items": -21072000.0,
        "Total Unusual Items Excluding Goodwill": -21072000.0,
        "Net Income From Continuing Operation Net Minority Interest": -26287000.0,
        "Reconciled Depreciation": 46353000.0,
        "Reconciled Cost Of Revenue": 276657000.0,
        "EBITDA": 27146000.0,
        "EBIT": -19207000.0,
        "Net Interest Income": -5477000.0,
        "Interest Expense": 8778000.0,
        "Interest Income": 3301000.0,
        "Normalized Income": -6493551.22387,
        "Net Income From Continuing And Discontinued Operation": -26287000.0,
        "Total Expenses": 297337000.0,
        "Total Operating Income As Reported": -1276000.0,
        "Diluted Average Shares": 152369000.0,
        "Basic Average Shares": 152369000.0,
        "Diluted EPS": -0.17,
        "Basic EPS": -0.17,
        "Diluted NI Availto Com Stockholders": -26287000.0,
        "Average Dilution Earnings": NaN,
        "Net Income Common Stockholders": -26287000.0,
        "Otherunder Preferred Stock Dividend": NaN,
        "Net Income": -26287000.0,
        "Net Income Including Noncontrolling Interests": -26287000.0,
        "Net Income Continuous Operations": -26287000.0,
        "Tax Provision": -1698000.0,
        "Pretax Income": -27985000.0,
        "Other Income Expense": -21382000.0,
        "Other Non Operating Income Expenses": -310000.0,
        "Special Income Charges": -21072000.0,
        "Gain On Sale Of Ppe": -150000.0,
        "Other Special Charges": 20922000.0,
        "Restructuring And Mergern Acquisition": 0.0,
        "Earnings From Equity Interest": NaN,
        "Net Non Operating Interest Income Expense": -5477000.0,
        "Interest Expense Non Operating": 8778000.0,
        "Interest Income Non Operating": 3301000.0,
        "Operating Income": -1126000.0,
        "Operating Expense": 20680000.0,
        "Selling General And Administration": 20680000.0,
        "Gross Profit": 19554000.0,
        "Cost Of Revenue": 276657000.0,
        "Total Revenue": 296211000.0,
        "Operating Revenue": 296211000.0
    }
}