{
    "2023-03-31": {
        "Tax Effect Of Unusual Items": 0.0,
        "Tax Rate For Calcs": 0.185185,
        "Total Unusual Items": NaN,
        "Total Unusual Items Excluding Goodwill": NaN,
        "Net Income From Continuing Operation Net Minority Interest": 6600000.0,
        "Reconciled Depreciation": 3700000.0,
        "EBIT": 14800000.0,
        "Net Interest Income": -6700000.0,
        "Interest Expense": 6700000.0,
        "Normalized Income": 6600000.0,
        "Net Income From Continuing And Discontinued Operation": 6600000.0,
        "Total Expenses": 345800000.0,
        "Diluted Average Shares": 41400000.0,
        "Basic Average Shares": 40867496.0,
        "Diluted EPS": 0.16,
        "Basic EPS": 0.161498,
        "Diluted NI Availto Com Stockholders": 6600000.0,
        "Net Income Common Stockholders": 6600000.0,
        "Net Income": 6600000.0,
        "Net Income Including Noncontrolling Interests": 6600000.0,
        "Net Income Continuous Operations": 6600000.0,
        "Tax Provision": 1500000.0,
        "Pretax Income": 8100000.0,
        "Other Income Expense": 1500000.0,
        "Special Income Charges": NaN,
        "Impairment Of Capital Assets": NaN,
        "Net Non Operating Interest Income Expense": -6700000.0,
        "Interest Expense Non Operating": 6700000.0,
        "Other Operating Expenses": 79800000.0,
        "Depreciation And Amortization In Income Statement": 3700000.0,
        "Amortization": 3700000.0,
        "Total Revenue": 353900000.0,
        "Operating Revenue": 353900000.0,
        "Gross Profit": 122,
        "Operating Income": 15
    },
    "2022-12-31": {
        "Tax Effect Of Unusual Items": -1705019.305019,
        "Tax Rate For Calcs": 0.355212,
        "Total Unusual Items": -4800000.0,
        "Total Unusual Items Excluding Goodwill": -4800000.0,
        "Net Income From Continuing Operation Net Minority Interest": -16700000.0,
        "Reconciled Depreciation": 4200000.0,
        "EBIT": -20000000.0,
        "Net Interest Income": -5900000.0,
        "Interest Expense": 5900000.0,
        "Normalized Income": -13605019.305019,
        "Net Income From Continuing And Discontinued Operation": -16700000.0,
        "Total Expenses": 372300000.0,
        "Diluted Average Shares": 41600000.0,
        "Basic Average Shares": 41400000.0,
        "Diluted EPS": -0.4,
        "Basic EPS": -0.4,
        "Diluted NI Availto Com Stockholders": -16700000.0,
        "Net Income Common Stockholders": -16700000.0,
        "Net Income": -16700000.0,
        "Net Income Including Noncontrolling Interests": -16700000.0,
        "Net Income Continuous Operations": -16700000.0,
        "Tax Provision": -9200000.0,
        "Pretax Income": -25900000.0,
        "Other Income Expense": -200000.0,
        "Special Income Charges": -4800000.0,
        "Impairment Of Capital Assets": 4800000.0,
        "Net Non Operating Interest Income Expense": -5900000.0,
        "Interest Expense Non Operating": 5900000.0,
        "Other Operating Expenses": 86100000.0,
        "Depreciation And Amortization In Income Statement": 4200000.0,
        "Amortization": 4200000.0,
        "Total Revenue": 346400000.0,
        "Operating Revenue": 346400000.0,
        "Gross Profit": 92,
        "Operating Income": -25
    },
    "2022-09-30": {
        "Tax Effect Of Unusual Items": 0.0,
        "Tax Rate For Calcs": 0.07947,
        "Total Unusual Items": NaN,
        "Total Unusual Items Excluding Goodwill": NaN,
        "Net Income From Continuing Operation Net Minority Interest": 13900000.0,
        "Reconciled Depreciation": 4200000.0,
        "EBIT": 20400000.0,
        "Net Interest Income": -5300000.0,
        "Interest Expense": 5300000.0,
        "Normalized Income": 13900000.0,
        "Net Income From Continuing And Discontinued Operation": 13900000.0,
        "Total Expenses": 327900000.0,
        "Diluted Average Shares": 41600000.0,
        "Basic Average Shares": 41400000.0,
        "Diluted EPS": 0.33,
        "Basic EPS": 0.33,
        "Diluted NI Availto Com Stockholders": 13900000.0,
        "Net Income Common Stockholders": 13900000.0,
        "Net Income": 13900000.0,
        "Net Income Including Noncontrolling Interests": 13900000.0,
        "Net Income Continuous Operations": 13900000.0,
        "Tax Provision": 1200000.0,
        "Pretax Income": 15100000.0,
        "Other Income Expense": 400000.0,
        "Special Income Charges": NaN,
        "Impairment Of Capital Assets": NaN,
        "Net Non Operating Interest Income Expense": -5300000.0,
        "Interest Expense Non Operating": 5300000.0,
        "Other Operating Expenses": 75600000.0,
        "Depreciation And Amortization In Income Statement": 4200000.0,
        "Amortization": 4200000.0,
        "Total Revenue": 343000000.0,
        "Operating Revenue": 343000000.0,
        "Gross Profit": 124,
        "Operating Income": 20
    },
    "2022-06-30": {
        "Tax Effect Of Unusual Items": 0.0,
        "Tax Rate For Calcs": 0.242424,
        "Total Unusual Items": NaN,
        "Total Unusual Items Excluding Goodwill": NaN,
        "Net Income From Continuing Operation Net Minority Interest": -12500000.0,
        "Reconciled Depreciation": 4200000.0,
        "EBIT": -12200000.0,
        "Net Interest Income": -4300000.0,
        "Interest Expense": 4300000.0,
        "Normalized Income": -12500000.0,
        "Net Income From Continuing And Discontinued Operation": -12500000.0,
        "Total Expenses": 362800000.0,
        "Diluted Average Shares": 41800000.0,
        "Basic Average Shares": 41800000.0,
        "Diluted EPS": -0.3,
        "Basic EPS": -0.3,
        "Diluted NI Availto Com Stockholders": -12500000.0,
        "Net Income Common Stockholders": -12500000.0,
        "Net Income": -12500000.0,
        "Net Income Including Noncontrolling Interests": -12500000.0,
        "Net Income Continuous Operations": -12500000.0,
        "Tax Provision": -4000000.0,
        "Pretax Income": -16500000.0,
        "Other Income Expense": 800000.0,
        "Special Income Charges": NaN,
        "Impairment Of Capital Assets": NaN,
        "Net Non Operating Interest Income Expense": -4300000.0,
        "Interest Expense Non Operating": 4300000.0,
        "Other Operating Expenses": 77300000.0,
        "Depreciation And Amortization In Income Statement": 4200000.0,
        "Amortization": 4200000.0,
        "Total Revenue": 346300000.0,
        "Operating Revenue": 346300000.0,
        "Gross Profit": 96,
        "Operating Income": -12
    },
    "2023-06-30": {
        "Tax Effect Of Unusual Items": 0.0,
        "Tax Rate For Calcs": 0.179487,
        "Total Unusual Items": NaN,
        "Total Unusual Items Excluding Goodwill": NaN,
        "Net Income From Continuing Operation Net Minority Interest": -12800000.0,
        "Reconciled Depreciation": 3700000.0,
        "EBIT": -8700000.0,
        "Net Interest Income": -6900000.0,
        "Interest Expense": 6900000.0,
        "Normalized Income": -12800000.0,
        "Net Income From Continuing And Discontinued Operation": -12800000.0,
        "Total Expenses": 372000000.0,
        "Diluted Average Shares": 41400000.0,
        "Basic Average Shares": 40867358.0,
        "Diluted EPS": -0.313208,
        "Basic EPS": -0.313208,
        "Diluted NI Availto Com Stockholders": -12800000.0,
        "Net Income Common Stockholders": -12800000.0,
        "Net Income": -12800000.0,
        "Net Income Including Noncontrolling Interests": -12800000.0,
        "Net Income Continuous Operations": -12800000.0,
        "Tax Provision": -2800000.0,
        "Pretax Income": -15600000.0,
        "Other Income Expense": 4600000.0,
        "Special Income Charges": NaN,
        "Impairment Of Capital Assets": NaN,
        "Net Non Operating Interest Income Expense": -6900000.0,
        "Interest Expense Non Operating": 6900000.0,
        "Other Operating Expenses": 80100000.0,
        "Depreciation And Amortization In Income Statement": 3700000.0,
        "Amortization": 3700000.0,
        "Total Revenue": 356400000.0,
        "Operating Revenue": 356400000.0,
        "Gross Profit": 101,
        "Operating Income": -9
    },
    "2022-03-31": {
        "Diluted EPS": 0.48,
        "Total Revenue": 347,
        "Gross Profit": 132,
        "Operating Income": 29,
        "EBIT": 33,
        "Net Income": 20
    },
    "2021-12-31": {
        "Diluted EPS": 0.96,
        "Total Revenue": 331,
        "Gross Profit": 149,
        "Operating Income": 53,
        "EBIT": 55,
        "Net Income": 41
    },
    "2021-09-30": {
        "Diluted EPS": 0.39,
        "Total Revenue": 330,
        "Gross Profit": 113,
        "Operating Income": 22,
        "EBIT": 28,
        "Net Income": 16
    },
    "2021-06-30": {
        "Diluted EPS": 1.11,
        "Total Revenue": 347,
        "Gross Profit": 149,
        "Operating Income": 62,
        "EBIT": 67,
        "Net Income": 47
    },
    "2021-03-31": {
        "Diluted EPS": 0.93,
        "Total Revenue": 322,
        "Gross Profit": 137,
        "Operating Income": 52,
        "EBIT": 57,
        "Net Income": 39
    },
    "2020-12-31": {
        "Diluted EPS": 1.13,
        "Total Revenue": 351,
        "Gross Profit": 164,
        "Operating Income": 72,
        "EBIT": 73,
        "Net Income": 48
    },
    "2020-09-30": {
        "Diluted EPS": 0.87,
        "Total Revenue": 337,
        "Gross Profit": 135,
        "Operating Income": 49,
        "EBIT": 57,
        "Net Income": 37
    },
    "2020-06-30": {
        "Diluted EPS": 0.73,
        "Total Revenue": 315,
        "Gross Profit": 121,
        "Operating Income": 41,
        "EBIT": 50,
        "Net Income": 31
    },
    "2020-03-31": {
        "Diluted EPS": 0.44,
        "Total Revenue": 307,
        "Gross Profit": 117,
        "Operating Income": 23,
        "EBIT": 29,
        "Net Income": 19
    },
    "2019-12-31": {
        "Diluted EPS": 0.79,
        "Total Revenue": 324,
        "Gross Profit": 132,
        "Operating Income": 45,
        "EBIT": 50,
        "Net Income": 33
    },
    "2019-09-30": {
        "Diluted EPS": 0.6,
        "Total Revenue": 337,
        "Gross Profit": 129,
        "Operating Income": 35,
        "EBIT": 42,
        "Net Income": 25
    },
    "2019-06-30": {
        "Diluted EPS": 2.24,
        "Total Revenue": 454,
        "Gross Profit": 248,
        "Operating Income": 158,
        "EBIT": 161,
        "Net Income": 94
    },
    "2019-03-31": {
        "Diluted EPS": 0.77,
        "Total Revenue": 316,
        "Gross Profit": 124,
        "Operating Income": 42,
        "EBIT": 44,
        "Net Income": 32
    },
    "2018-12-31": {
        "Diluted EPS": -0.48,
        "Total Revenue": 279,
        "Gross Profit": 62,
        "Operating Income": -25,
        "EBIT": -25,
        "Net Income": -20
    },
    "2018-09-30": {
        "Diluted EPS": 0.3,
        "Total Revenue": 311,
        "Gross Profit": 97,
        "Operating Income": 20,
        "EBIT": 20,
        "Net Income": 13
    },
    "2018-06-30": {
        "Diluted EPS": 0.14,
        "Total Revenue": 306,
        "Gross Profit": 87,
        "Operating Income": 10,
        "EBIT": 10,
        "Net Income": 6
    },
    "2018-03-31": {
        "Diluted EPS": 0.48,
        "Total Revenue": 295,
        "Gross Profit": 102,
        "Operating Income": 27,
        "EBIT": 27,
        "Net Income": 20
    },
    "2017-12-31": {
        "Diluted EPS": 3.02,
        "Total Revenue": 303,
        "Gross Profit": 115,
        "Operating Income": 38,
        "EBIT": 38,
        "Net Income": 125
    },
    "2017-09-30": {
        "Diluted EPS": 0.64,
        "Total Revenue": 290,
        "Gross Profit": 105,
        "Operating Income": 36,
        "EBIT": 36,
        "Net Income": 27
    },
    "2017-06-30": {
        "Diluted EPS": 0.05,
        "Total Revenue": 291,
        "Gross Profit": 76,
        "Operating Income": 5,
        "EBIT": 5,
        "Net Income": 2
    },
    "2017-03-31": {
        "Diluted EPS": 0.37,
        "Total Revenue": 287,
        "Gross Profit": 94,
        "Operating Income": 21,
        "EBIT": 21,
        "Net Income": 15
    },
    "2016-12-31": {
        "Diluted EPS": 0.47,
        "Total Revenue": 283,
        "Gross Profit": 96,
        "Operating Income": 30,
        "EBIT": 30,
        "Net Income": 20
    },
    "2016-09-30": {
        "Diluted EPS": 0.65,
        "Total Revenue": 291,
        "Gross Profit": 107,
        "Operating Income": 38,
        "EBIT": 38,
        "Net Income": 27
    },
    "2016-06-30": {
        "Diluted EPS": 0.29,
        "Total Revenue": 284,
        "Gross Profit": 88,
        "Operating Income": 20,
        "EBIT": 20,
        "Net Income": 12
    },
    "2016-03-31": {
        "Diluted EPS": 0.61,
        "Total Revenue": 271,
        "Gross Profit": 105,
        "Operating Income": 38,
        "EBIT": 38,
        "Net Income": 25
    },
    "2015-12-31": {
        "Diluted EPS": 0.49,
        "Total Revenue": 276,
        "Gross Profit": 101,
        "Operating Income": 34,
        "EBIT": 34,
        "Net Income": 21
    },
    "2015-09-30": {
        "Diluted EPS": 0.52,
        "Total Revenue": 266,
        "Gross Profit": 98,
        "Operating Income": 33,
        "EBIT": 33,
        "Net Income": 22
    },
    "2015-06-30": {
        "Diluted EPS": 0.38,
        "Total Revenue": 268,
        "Gross Profit": 90,
        "Operating Income": 26,
        "EBIT": 26,
        "Net Income": 16
    },
    "2015-03-31": {
        "Diluted EPS": 0.81,
        "Total Revenue": 270,
        "Gross Profit": 112,
        "Operating Income": 52,
        "EBIT": 52,
        "Net Income": 34
    },
    "2014-12-31": {
        "Diluted EPS": 0.72,
        "Total Revenue": 269,
        "Gross Profit": 112,
        "Operating Income": 46,
        "EBIT": 46,
        "Net Income": 30
    },
    "2014-09-30": {
        "Diluted EPS": 0.6,
        "Total Revenue": 266,
        "Gross Profit": 104,
        "Operating Income": 39,
        "EBIT": 39,
        "Net Income": 25
    },
    "2014-06-30": {
        "Diluted EPS": 0.48,
        "Total Revenue": 265,
        "Gross Profit": 94,
        "Operating Income": 32,
        "EBIT": 32,
        "Net Income": 20
    },
    "2014-03-31": {
        "Diluted EPS": 0.67,
        "Total Revenue": 261,
        "Gross Profit": 106,
        "Operating Income": 43,
        "EBIT": 43,
        "Net Income": 28
    },
    "2013-12-31": {
        "Diluted EPS": 0.8,
        "Total Revenue": 259,
        "Gross Profit": 114,
        "Operating Income": 52,
        "EBIT": 52,
        "Net Income": 34
    },
    "2013-09-30": {
        "Diluted EPS": 0.57,
        "Total Revenue": 252,
        "Gross Profit": 96,
        "Operating Income": 34,
        "EBIT": 34,
        "Net Income": 24
    },
    "2013-06-30": {
        "Diluted EPS": 0.63,
        "Total Revenue": 266,
        "Gross Profit": 103,
        "Operating Income": 41,
        "EBIT": 41,
        "Net Income": 26
    },
    "2013-03-31": {
        "Diluted EPS": 0.66,
        "Total Revenue": 255,
        "Gross Profit": 100,
        "Operating Income": 42,
        "EBIT": 42,
        "Net Income": 27
    },
    "2012-12-31": {
        "Diluted EPS": 0.77,
        "Total Revenue": 255,
        "Gross Profit": 110,
        "Operating Income": 50,
        "EBIT": 50,
        "Net Income": 32
    },
    "2012-09-30": {
        "Diluted EPS": 0.78,
        "Total Revenue": 257,
        "Gross Profit": 109,
        "Operating Income": 51,
        "EBIT": 51,
        "Net Income": 32
    },
    "2012-06-30": {
        "Diluted EPS": 0.32,
        "Total Revenue": 254,
        "Gross Profit": 83,
        "Operating Income": 22,
        "EBIT": 22,
        "Net Income": 13
    },
    "2012-03-31": {
        "Diluted EPS": 0.64,
        "Total Revenue": 245,
        "Gross Profit": 97,
        "Operating Income": 41,
        "EBIT": 41,
        "Net Income": 27
    },
    "2011-12-31": {
        "Diluted EPS": 0.81,
        "Total Revenue": 248,
        "Gross Profit": 104,
        "Operating Income": 46,
        "EBIT": 46,
        "Net Income": 33
    },
    "2011-09-30": {
        "Diluted EPS": 0.57,
        "Total Revenue": 261,
        "Gross Profit": 97,
        "Operating Income": 36,
        "EBIT": 36,
        "Net Income": 24
    },
    "2011-06-30": {
        "Diluted EPS": -0.3,
        "Total Revenue": 245,
        "Gross Profit": 43,
        "Operating Income": -13,
        "EBIT": -13,
        "Net Income": -12
    },
    "2011-03-31": {
        "Diluted EPS": 0.62,
        "Total Revenue": 244,
        "Gross Profit": 96,
        "Operating Income": 40,
        "EBIT": 40,
        "Net Income": 26
    },
    "2010-12-31": {
        "Diluted EPS": 0.35,
        "Total Revenue": 238,
        "Gross Profit": 81,
        "Operating Income": 23,
        "EBIT": 23,
        "Net Income": 14
    },
    "2010-09-30": {
        "Diluted EPS": 0.49,
        "Total Revenue": 250,
        "Gross Profit": 88,
        "Operating Income": 32,
        "EBIT": 32,
        "Net Income": 20
    },
    "2010-06-30": {
        "Diluted EPS": 0.56,
        "Total Revenue": 248,
        "Gross Profit": 93,
        "Operating Income": 34,
        "EBIT": 34,
        "Net Income": 23
    },
    "2010-03-31": {
        "Diluted EPS": 0.55,
        "Total Revenue": 239,
        "Gross Profit": 90,
        "Operating Income": 35,
        "EBIT": 35,
        "Net Income": 23
    },
    "2009-12-31": {
        "Diluted EPS": 0.54,
        "Total Revenue": 236,
        "Gross Profit": 90,
        "Operating Income": 34,
        "EBIT": 34,
        "Net Income": 22
    },
    "2009-09-30": {
        "Diluted EPS": 0.48,
        "Total Revenue": 242,
        "Gross Profit": 84,
        "Operating Income": 31,
        "EBIT": 31,
        "Net Income": 19
    },
    "2009-06-30": {
        "Diluted EPS": 0.46,
        "Total Revenue": 238,
        "Gross Profit": 85,
        "Operating Income": 31,
        "EBIT": 31,
        "Net Income": 19
    },
    "2009-03-31": {
        "Diluted EPS": 0.33,
        "Total Revenue": 222,
        "Gross Profit": 81,
        "Operating Income": 22,
        "EBIT": 22,
        "Net Income": 13
    }
}