{
    "2023-06-30": {
        "Tax Effect Of Unusual Items": -5659694.0,
        "Tax Rate For Calcs": 0.142,
        "Total Unusual Items": -39857000.0,
        "Total Unusual Items Excluding Goodwill": -39857000.0,
        "Net Income From Continuing Operation Net Minority Interest": -31442000.0,
        "Reconciled Depreciation": 4033000.0,
        "Net Interest Income": 43476000.0,
        "Interest Expense": 57231000.0,
        "Interest Income": 100707000.0,
        "Normalized Income": 2755306.0,
        "Net Income From Continuing And Discontinued Operation": -31442000.0,
        "Diluted Average Shares": 18775022.0,
        "Basic Average Shares": 18775022.0,
        "Diluted EPS": -1.67,
        "Basic EPS": -1.67,
        "Diluted NI Availto Com Stockholders": -31442000.0,
        "Net Income Common Stockholders": -31442000.0,
        "Net Income": -31442000.0,
        "Net Income Including Noncontrolling Interests": -31442000.0,
        "Net Income Continuous Operations": -31442000.0,
        "Tax Provision": -5183000.0,
        "Pretax Income": -36625000.0,
        "Special Income Charges": -39857000.0,
        "Impairment Of Capital Assets": 39857000.0,
        "Selling General And Administration": 37651000.0,
        "General And Administrative Expense": 37651000.0,
        "Other Gand A": 9875000.0,
        "Salaries And Wages": 27776000.0,
        "Total Revenue": 46304000.0,
        "Operating Revenue": 46304000.0
    },
    "2023-03-31": {
        "Tax Effect Of Unusual Items": 0.0,
        "Tax Rate For Calcs": 0.22,
        "Total Unusual Items": NaN,
        "Total Unusual Items Excluding Goodwill": NaN,
        "Net Income From Continuing Operation Net Minority Interest": 5058000.0,
        "Reconciled Depreciation": 4021000.0,
        "Net Interest Income": 49376000.0,
        "Interest Expense": 47675000.0,
        "Interest Income": 97051000.0,
        "Normalized Income": 5058000.0,
        "Net Income From Continuing And Discontinued Operation": 5058000.0,
        "Diluted Average Shares": 18771899.0,
        "Basic Average Shares": 18755453.0,
        "Diluted EPS": 0.27,
        "Basic EPS": 0.27,
        "Diluted NI Availto Com Stockholders": 5058000.0,
        "Net Income Common Stockholders": 5058000.0,
        "Net Income": 5058000.0,
        "Net Income Including Noncontrolling Interests": 5058000.0,
        "Net Income Continuous Operations": 5058000.0,
        "Tax Provision": 1424000.0,
        "Pretax Income": 6482000.0,
        "Special Income Charges": NaN,
        "Impairment Of Capital Assets": NaN,
        "Selling General And Administration": 39608000.0,
        "General And Administrative Expense": 39608000.0,
        "Other Gand A": 10355000.0,
        "Salaries And Wages": 29253000.0,
        "Total Revenue": 52421000.0,
        "Operating Revenue": 52421000.0
    },
    "2022-12-31": {
        "Tax Effect Of Unusual Items": 0.0,
        "Tax Rate For Calcs": 0.237305,
        "Total Unusual Items": NaN,
        "Total Unusual Items Excluding Goodwill": NaN,
        "Net Income From Continuing Operation Net Minority Interest": 8501000.0,
        "Reconciled Depreciation": 4449000.0,
        "Net Interest Income": 55687000.0,
        "Interest Expense": 38479000.0,
        "Interest Income": 94166000.0,
        "Normalized Income": 8501000.0,
        "Net Income From Continuing And Discontinued Operation": 8501000.0,
        "Diluted Average Shares": 18753147.0,
        "Basic Average Shares": 18726654.0,
        "Diluted EPS": 0.45,
        "Basic EPS": 0.45,
        "Diluted NI Availto Com Stockholders": 8501000.0,
        "Net Income Common Stockholders": 8501000.0,
        "Net Income": 8501000.0,
        "Net Income Including Noncontrolling Interests": 8501000.0,
        "Net Income Continuous Operations": 8501000.0,
        "Tax Provision": 2645000.0,
        "Pretax Income": 11146000.0,
        "Special Income Charges": NaN,
        "Impairment Of Capital Assets": NaN,
        "Selling General And Administration": 36106000.0,
        "General And Administrative Expense": 36106000.0,
        "Other Gand A": 10136000.0,
        "Salaries And Wages": 25970000.0,
        "Total Revenue": 57263000.0,
        "Operating Revenue": 57263000.0
    },
    "2022-09-30": {
        "Tax Effect Of Unusual Items": 0.0,
        "Tax Rate For Calcs": 0.23,
        "Total Unusual Items": NaN,
        "Total Unusual Items Excluding Goodwill": NaN,
        "Net Income From Continuing Operation Net Minority Interest": 20367000.0,
        "Reconciled Depreciation": 4240000.0,
        "Net Interest Income": 63018000.0,
        "Interest Expense": 20385000.0,
        "Interest Income": 83403000.0,
        "Normalized Income": 20367000.0,
        "Net Income From Continuing And Discontinued Operation": 20367000.0,
        "Diluted Average Shares": 18796737.0,
        "Basic Average Shares": 18716864.0,
        "Diluted EPS": 1.08,
        "Basic EPS": 1.09,
        "Diluted NI Availto Com Stockholders": 20367000.0,
        "Net Income Common Stockholders": 20367000.0,
        "Net Income": 20367000.0,
        "Net Income Including Noncontrolling Interests": 20367000.0,
        "Net Income Continuous Operations": 20367000.0,
        "Tax Provision": 6084000.0,
        "Pretax Income": 26451000.0,
        "Special Income Charges": NaN,
        "Impairment Of Capital Assets": NaN,
        "Selling General And Administration": 36799000.0,
        "General And Administrative Expense": 36799000.0,
        "Other Gand A": 9458000.0,
        "Salaries And Wages": 27341000.0,
        "Total Revenue": 69302000.0,
        "Operating Revenue": 69302000.0
    },
    "2022-06-30": {
        "Tax Effect Of Unusual Items": 0.0,
        "Tax Rate For Calcs": 0.21,
        "Total Unusual Items": NaN,
        "Total Unusual Items Excluding Goodwill": NaN,
        "Net Income From Continuing Operation Net Minority Interest": 17721000.0,
        "Reconciled Depreciation": 5123000.0,
        "Net Interest Income": 60056000.0,
        "Interest Expense": 7635000.0,
        "Interest Income": 67691000.0,
        "Normalized Income": 17721000.0,
        "Net Income From Continuing And Discontinued Operation": 17721000.0,
        "Diluted Average Shares": 18834443.0,
        "Basic Average Shares": 18706953.0,
        "Diluted EPS": 0.94,
        "Basic EPS": 0.95,
        "Diluted NI Availto Com Stockholders": 17721000.0,
        "Net Income Common Stockholders": 17721000.0,
        "Net Income": 17721000.0,
        "Net Income Including Noncontrolling Interests": 17721000.0,
        "Net Income Continuous Operations": 17721000.0,
        "Tax Provision": 4711000.0,
        "Pretax Income": 22432000.0,
        "Special Income Charges": NaN,
        "Impairment Of Capital Assets": NaN,
        "Selling General And Administration": 36959000.0,
        "General And Administrative Expense": 36959000.0,
        "Other Gand A": 6768000.0,
        "Salaries And Wages": 30191000.0,
        "Total Revenue": 65289000.0,
        "Operating Revenue": 65289000.0
    },
    "2022-03-31": {
        "Diluted EPS": 1.01,
        "Total Revenue": 75,
        "Gross Profit": 70,
        "Operating Income": 25,
        "EBIT": NaN,
        "Net Income": 20
    },
    "2021-12-31": {
        "Diluted EPS": 1.43,
        "Total Revenue": 90,
        "Gross Profit": 86,
        "Operating Income": 38,
        "EBIT": NaN,
        "Net Income": 29
    },
    "2021-09-30": {
        "Diluted EPS": 1.31,
        "Total Revenue": 86,
        "Gross Profit": 82,
        "Operating Income": 35,
        "EBIT": NaN,
        "Net Income": 27
    },
    "2021-06-30": {
        "Diluted EPS": 1.37,
        "Total Revenue": 90,
        "Gross Profit": 86,
        "Operating Income": 37,
        "EBIT": NaN,
        "Net Income": 29
    },
    "2021-03-31": {
        "Diluted EPS": 1.35,
        "Total Revenue": 99,
        "Gross Profit": 93,
        "Operating Income": 37,
        "EBIT": NaN,
        "Net Income": 30
    },
    "2020-12-31": {
        "Diluted EPS": 1.21,
        "Total Revenue": 107,
        "Gross Profit": 100,
        "Operating Income": 35,
        "EBIT": NaN,
        "Net Income": 28
    },
    "2020-09-30": {
        "Diluted EPS": 1.15,
        "Total Revenue": 100,
        "Gross Profit": 92,
        "Operating Income": 34,
        "EBIT": NaN,
        "Net Income": 26
    },
    "2020-06-30": {
        "Diluted EPS": 0.81,
        "Total Revenue": 98,
        "Gross Profit": 88,
        "Operating Income": 24,
        "EBIT": NaN,
        "Net Income": 19
    },
    "2020-03-31": {
        "Diluted EPS": 0.3,
        "Total Revenue": 96,
        "Gross Profit": 78,
        "Operating Income": 9,
        "EBIT": NaN,
        "Net Income": 7
    },
    "2019-12-31": {
        "Diluted EPS": 0.38,
        "Total Revenue": 89,
        "Gross Profit": 67,
        "Operating Income": 16,
        "EBIT": NaN,
        "Net Income": 11
    },
    "2019-09-30": {
        "Diluted EPS": 0.55,
        "Total Revenue": 95,
        "Gross Profit": 72,
        "Operating Income": 16,
        "EBIT": NaN,
        "Net Income": 14
    },
    "2019-06-30": {
        "Diluted EPS": -0.22,
        "Total Revenue": 92,
        "Gross Profit": 69,
        "Operating Income": 10,
        "EBIT": NaN,
        "Net Income": -6
    },
    "2019-03-31": {
        "Diluted EPS": -0.06,
        "Total Revenue": 77,
        "Gross Profit": 56,
        "Operating Income": 6,
        "EBIT": NaN,
        "Net Income": -2
    },
    "2018-12-31": {
        "Diluted EPS": 0.55,
        "Total Revenue": 79,
        "Gross Profit": 59,
        "Operating Income": 10,
        "EBIT": NaN,
        "Net Income": 15
    },
    "2018-09-30": {
        "Diluted EPS": 0.44,
        "Total Revenue": 75,
        "Gross Profit": 59,
        "Operating Income": 10,
        "EBIT": NaN,
        "Net Income": 12
    },
    "2018-06-30": {
        "Diluted EPS": 0.26,
        "Total Revenue": 70,
        "Gross Profit": 56,
        "Operating Income": 5,
        "EBIT": NaN,
        "Net Income": 7
    },
    "2018-03-31": {
        "Diluted EPS": 0.22,
        "Total Revenue": 64,
        "Gross Profit": 53,
        "Operating Income": 2,
        "EBIT": NaN,
        "Net Income": 6
    },
    "2017-12-31": {
        "Diluted EPS": 1.29,
        "Total Revenue": -158,
        "Gross Profit": -166,
        "Operating Income": -23,
        "EBIT": NaN,
        "Net Income": 35
    },
    "2017-09-30": {
        "Diluted EPS": 0.51,
        "Total Revenue": 146,
        "Gross Profit": 135,
        "Operating Income": 20,
        "EBIT": NaN,
        "Net Income": 14
    },
    "2017-06-30": {
        "Diluted EPS": 0.41,
        "Total Revenue": 138,
        "Gross Profit": 128,
        "Operating Income": 16,
        "EBIT": NaN,
        "Net Income": 11
    },
    "2017-03-31": {
        "Diluted EPS": 0.33,
        "Total Revenue": 130,
        "Gross Profit": 120,
        "Operating Income": 13,
        "EBIT": NaN,
        "Net Income": 9
    },
    "2016-12-31": {
        "Diluted EPS": 0.09,
        "Total Revenue": 130,
        "Gross Profit": 121,
        "Operating Income": 3,
        "EBIT": NaN,
        "Net Income": 2
    },
    "2016-09-30": {
        "Diluted EPS": 1.11,
        "Total Revenue": 167,
        "Gross Profit": 159,
        "Operating Income": 43,
        "EBIT": NaN,
        "Net Income": 28
    },
    "2016-06-30": {
        "Diluted EPS": 0.87,
        "Total Revenue": 154,
        "Gross Profit": 147,
        "Operating Income": 35,
        "EBIT": NaN,
        "Net Income": 22
    },
    "2016-03-31": {
        "Diluted EPS": 0.27,
        "Total Revenue": 118,
        "Gross Profit": 112,
        "Operating Income": 10,
        "EBIT": NaN,
        "Net Income": 6
    },
    "2015-12-31": {
        "Diluted EPS": 0.36,
        "Total Revenue": 110,
        "Gross Profit": 105,
        "Operating Income": 11,
        "EBIT": NaN,
        "Net Income": 9
    },
    "2015-09-30": {
        "Diluted EPS": 0.45,
        "Total Revenue": 111,
        "Gross Profit": 107,
        "Operating Income": 14,
        "EBIT": NaN,
        "Net Income": 10
    },
    "2015-06-30": {
        "Diluted EPS": 0.56,
        "Total Revenue": 115,
        "Gross Profit": 111,
        "Operating Income": 18,
        "EBIT": NaN,
        "Net Income": 12
    },
    "2015-03-31": {
        "Diluted EPS": 0.59,
        "Total Revenue": 110,
        "Gross Profit": 106,
        "Operating Income": 14,
        "EBIT": NaN,
        "Net Income": 10
    },
    "2014-12-31": {
        "Diluted EPS": 0.38,
        "Total Revenue": 82,
        "Gross Profit": 79,
        "Operating Income": 11,
        "EBIT": NaN,
        "Net Income": 6
    },
    "2014-09-30": {
        "Diluted EPS": 0.33,
        "Total Revenue": 74,
        "Gross Profit": 71,
        "Operating Income": 7,
        "EBIT": NaN,
        "Net Income": 5
    },
    "2014-06-30": {
        "Diluted EPS": 0.63,
        "Total Revenue": 80,
        "Gross Profit": 77,
        "Operating Income": 14,
        "EBIT": NaN,
        "Net Income": 9
    },
    "2014-03-31": {
        "Diluted EPS": 0.15,
        "Total Revenue": 61,
        "Gross Profit": 57,
        "Operating Income": 3,
        "EBIT": NaN,
        "Net Income": 2
    },
    "2013-12-31": {
        "Diluted EPS": -0.06,
        "Total Revenue": 60,
        "Gross Profit": 57,
        "Operating Income": -1,
        "EBIT": NaN,
        "Net Income": -1
    },
    "2013-09-30": {
        "Diluted EPS": 0.11,
        "Total Revenue": 62,
        "Gross Profit": 59,
        "Operating Income": 2,
        "EBIT": NaN,
        "Net Income": 2
    },
    "2013-06-30": {
        "Diluted EPS": 0.82,
        "Total Revenue": 78,
        "Gross Profit": 75,
        "Operating Income": 18,
        "EBIT": NaN,
        "Net Income": 12
    },
    "2013-03-31": {
        "Diluted EPS": 0.74,
        "Total Revenue": 80,
        "Gross Profit": 74,
        "Operating Income": 16,
        "EBIT": NaN,
        "Net Income": 11
    },
    "2012-12-31": {
        "Diluted EPS": 1.36,
        "Total Revenue": 93,
        "Gross Profit": 89,
        "Operating Income": 29,
        "EBIT": NaN,
        "Net Income": 21
    },
    "2012-09-30": {
        "Diluted EPS": 1.5,
        "Total Revenue": 90,
        "Gross Profit": 86,
        "Operating Income": 34,
        "EBIT": NaN,
        "Net Income": 22
    },
    "2012-06-30": {
        "Diluted EPS": 1.26,
        "Total Revenue": 77,
        "Gross Profit": 72,
        "Operating Income": 23,
        "EBIT": NaN,
        "Net Income": 19
    },
    "2012-03-31": {
        "Diluted EPS": 1.86,
        "Total Revenue": 59,
        "Gross Profit": 53,
        "Operating Income": 18,
        "EBIT": NaN,
        "Net Income": 20
    },
    "2011-12-31": {
        "Diluted EPS": 1.3,
        "Total Revenue": 47,
        "Gross Profit": 40,
        "Operating Income": 7,
        "EBIT": NaN,
        "Net Income": 7
    },
    "2011-09-30": {
        "Diluted EPS": 2.66,
        "Total Revenue": 56,
        "Gross Profit": 49,
        "Operating Income": 16,
        "EBIT": NaN,
        "Net Income": 15
    },
    "2011-06-30": {
        "Diluted EPS": 0.23,
        "Total Revenue": 38,
        "Gross Profit": 31,
        "Operating Income": 1,
        "EBIT": NaN,
        "Net Income": 1
    },
    "2011-03-31": {
        "Diluted EPS": -1.38,
        "Total Revenue": 35,
        "Gross Profit": 26,
        "Operating Income": -7,
        "EBIT": NaN,
        "Net Income": -7
    },
    "2010-12-31": {
        "Diluted EPS": 0.0,
        "Total Revenue": NaN,
        "Gross Profit": NaN,
        "Operating Income": NaN,
        "EBIT": NaN,
        "Net Income": NaN
    },
    "2009-12-31": {
        "Diluted EPS": 0.0,
        "Total Revenue": NaN,
        "Gross Profit": NaN,
        "Operating Income": NaN,
        "EBIT": NaN,
        "Net Income": NaN
    },
    "2023-09-30": {
        "Tax Effect Of Unusual Items": 0.0,
        "Tax Rate For Calcs": 0.21,
        "Total Unusual Items": 0.0,
        "Total Unusual Items Excluding Goodwill": 0.0,
        "Net Income From Continuing Operation Net Minority Interest": 2295000.0,
        "Reconciled Depreciation": 3913000.0,
        "Net Interest Income": 38912000.0,
        "Interest Expense": 61794000.0,
        "Interest Income": 100706000.0,
        "Normalized Income": 2295000.0,
        "Net Income From Continuing And Discontinued Operation": 2295000.0,
        "Diluted Average Shares": 18792893.0,
        "Basic Average Shares": 18792893.0,
        "Diluted EPS": 0.12,
        "Basic EPS": 0.12,
        "Diluted NI Availto Com Stockholders": 2295000.0,
        "Net Income Common Stockholders": 2295000.0,
        "Net Income": 2295000.0,
        "Net Income Including Noncontrolling Interests": 2295000.0,
        "Net Income Continuous Operations": 2295000.0,
        "Tax Provision": -898000.0,
        "Pretax Income": 1397000.0,
        "Special Income Charges": 0.0,
        "Impairment Of Capital Assets": 0.0,
        "Selling General And Administration": 36204000.0,
        "General And Administrative Expense": 36204000.0,
        "Other Gand A": 9202000.0,
        "Salaries And Wages": 27002000.0,
        "Total Revenue": 41797000.0,
        "Operating Revenue": 41797000.0
    },
    "2023-12-31": {
        "Tax Effect Of Unusual Items": 0.0,
        "Tax Rate For Calcs": 0.147594,
        "Total Unusual Items": 0.0,
        "Total Unusual Items Excluding Goodwill": 0.0,
        "Net Income From Continuing Operation Net Minority Interest": -3419000.0,
        "Reconciled Depreciation": 3908000.0,
        "Net Interest Income": 34989000.0,
        "Interest Expense": 66290000.0,
        "Interest Income": 101279000.0,
        "Normalized Income": -3419000.0,
        "Net Income From Continuing And Discontinued Operation": -3419000.0,
        "Diluted Average Shares": 18807965.0,
        "Basic Average Shares": 18807965.0,
        "Diluted EPS": -0.18,
        "Basic EPS": -0.18,
        "Diluted NI Availto Com Stockholders": -3419000.0,
        "Net Income Common Stockholders": -3419000.0,
        "Net Income": -3419000.0,
        "Net Income Including Noncontrolling Interests": -3419000.0,
        "Net Income Continuous Operations": -3419000.0,
        "Tax Provision": -592000.0,
        "Pretax Income": -4011000.0,
        "Special Income Charges": 0.0,
        "Impairment Of Capital Assets": 0.0,
        "Selling General And Administration": 36410000.0,
        "General And Administrative Expense": 36410000.0,
        "Other Gand A": 9377000.0,
        "Salaries And Wages": 27033000.0,
        "Total Revenue": 38251000.0,
        "Operating Revenue": 38251000.0
    }
}