{
    "2023-03-31": {
        "Tax Effect Of Unusual Items": 0.0,
        "Tax Rate For Calcs": 0.4,
        "Normalized EBITDA": 26600000.0,
        "Total Unusual Items": NaN,
        "Total Unusual Items Excluding Goodwill": NaN,
        "Net Income From Continuing Operation Net Minority Interest": 1600000.0,
        "Reconciled Depreciation": 20100000.0,
        "Reconciled Cost Of Revenue": 304800000.0,
        "EBIT": 6500000.0,
        "Net Interest Income": -2700000.0,
        "Interest Expense": 2700000.0,
        "Normalized Income": 1600000.0,
        "Net Income From Continuing And Discontinued Operation": 1600000.0,
        "Total Expenses": 472700000.0,
        "Total Operating Income As Reported": 6400000.0,
        "Diluted Average Shares": 42100000.0,
        "Basic Average Shares": 41500000.0,
        "Diluted EPS": 0.04,
        "Basic EPS": 0.04,
        "Diluted NI Availto Com Stockholders": 1600000.0,
        "Net Income Common Stockholders": 1600000.0,
        "Net Income": 1600000.0,
        "Minority Interests": 0.0,
        "Net Income Including Noncontrolling Interests": 1600000.0,
        "Net Income Continuous Operations": 1600000.0,
        "Tax Provision": 2200000.0,
        "Pretax Income": 3800000.0,
        "Other Income Expense": NaN,
        "Special Income Charges": NaN,
        "Gain On Sale Of Business": NaN,
        "Write Off": NaN,
        "Restructuring And Mergern Acquisition": NaN,
        "Net Non Operating Interest Income Expense": -2700000.0,
        "Interest Expense Non Operating": 2700000.0,
        "Operating Income": 6400000.0,
        "Operating Expense": 167900000.0,
        "Selling General And Administration": 167900000.0,
        "Gross Profit": 174300000.0,
        "Cost Of Revenue": 304800000.0,
        "Total Revenue": 479100000.0,
        "Operating Revenue": 479100000.0
    },
    "2022-12-31": {
        "Tax Effect Of Unusual Items": -1260000.0,
        "Tax Rate For Calcs": 0.21,
        "Normalized EBITDA": 49600000.0,
        "Total Unusual Items": -6000000.0,
        "Total Unusual Items Excluding Goodwill": -6000000.0,
        "Net Income From Continuing Operation Net Minority Interest": 16300000.0,
        "Reconciled Depreciation": 20700000.0,
        "Reconciled Cost Of Revenue": 361000000.0,
        "EBIT": 22900000.0,
        "Net Interest Income": -2300000.0,
        "Interest Expense": 2300000.0,
        "Normalized Income": 21040000.0,
        "Net Income From Continuing And Discontinued Operation": 16300000.0,
        "Total Expenses": 540100000.0,
        "Total Operating Income As Reported": 23000000.0,
        "Diluted Average Shares": 41900000.0,
        "Basic Average Shares": 41400000.0,
        "Diluted EPS": 0.39,
        "Basic EPS": 0.39,
        "Diluted NI Availto Com Stockholders": 16300000.0,
        "Net Income Common Stockholders": 16300000.0,
        "Net Income": 16300000.0,
        "Minority Interests": 0.0,
        "Net Income Including Noncontrolling Interests": 16300000.0,
        "Net Income Continuous Operations": 16300000.0,
        "Tax Provision": 4300000.0,
        "Pretax Income": 20600000.0,
        "Other Income Expense": -6000000.0,
        "Special Income Charges": -6000000.0,
        "Gain On Sale Of Business": -300000.0,
        "Write Off": NaN,
        "Restructuring And Mergern Acquisition": 5700000.0,
        "Net Non Operating Interest Income Expense": -2300000.0,
        "Interest Expense Non Operating": 2300000.0,
        "Operating Income": 28900000.0,
        "Operating Expense": 179100000.0,
        "Selling General And Administration": 179100000.0,
        "Gross Profit": 208000000.0,
        "Cost Of Revenue": 361000000.0,
        "Total Revenue": 568900000.0,
        "Operating Revenue": 568900000.0
    },
    "2022-09-30": {
        "Tax Effect Of Unusual Items": 10474200.0,
        "Tax Rate For Calcs": 0.207,
        "Normalized EBITDA": 52400000.0,
        "Total Unusual Items": 50600000.0,
        "Total Unusual Items Excluding Goodwill": 50600000.0,
        "Net Income From Continuing Operation Net Minority Interest": 63100000.0,
        "Reconciled Depreciation": 21100000.0,
        "Reconciled Cost Of Revenue": 389300000.0,
        "EBIT": 81900000.0,
        "Net Interest Income": -2400000.0,
        "Interest Expense": 2400000.0,
        "Normalized Income": 22974200.0,
        "Net Income From Continuing And Discontinued Operation": 63100000.0,
        "Total Expenses": 567500000.0,
        "Total Operating Income As Reported": 81900000.0,
        "Diluted Average Shares": 41800000.0,
        "Basic Average Shares": 41300000.0,
        "Diluted EPS": 1.51,
        "Basic EPS": 1.53,
        "Diluted NI Availto Com Stockholders": 63100000.0,
        "Net Income Common Stockholders": 63100000.0,
        "Net Income": 63100000.0,
        "Minority Interests": 0.0,
        "Net Income Including Noncontrolling Interests": 63100000.0,
        "Net Income Continuous Operations": 63100000.0,
        "Tax Provision": 16400000.0,
        "Pretax Income": 79500000.0,
        "Other Income Expense": 50600000.0,
        "Special Income Charges": 50600000.0,
        "Gain On Sale Of Business": 50600000.0,
        "Write Off": 0.0,
        "Restructuring And Mergern Acquisition": NaN,
        "Net Non Operating Interest Income Expense": -2400000.0,
        "Interest Expense Non Operating": 2400000.0,
        "Operating Income": 31300000.0,
        "Operating Expense": 178200000.0,
        "Selling General And Administration": 178200000.0,
        "Gross Profit": 209500000.0,
        "Cost Of Revenue": 389300000.0,
        "Total Revenue": 598800000.0,
        "Operating Revenue": 598800000.0
    },
    "2022-06-30": {
        "Tax Effect Of Unusual Items": -400000.0,
        "Tax Rate For Calcs": 0.4,
        "Normalized EBITDA": 52202000.0,
        "Total Unusual Items": -1000000.0,
        "Total Unusual Items Excluding Goodwill": -1000000.0,
        "Net Income From Continuing Operation Net Minority Interest": 30300000.0,
        "Reconciled Depreciation": 21302000.0,
        "Reconciled Cost Of Revenue": 401200000.0,
        "EBIT": 29900000.0,
        "Net Interest Income": -2100000.0,
        "Interest Expense": 2100000.0,
        "Normalized Income": 30900000.0,
        "Net Income From Continuing And Discontinued Operation": 30300000.0,
        "Total Expenses": 590900000.0,
        "Total Operating Income As Reported": 29900000.0,
        "Diluted Average Shares": 42400000.0,
        "Basic Average Shares": 41800000.0,
        "Diluted EPS": 0.72,
        "Basic EPS": 0.73,
        "Diluted NI Availto Com Stockholders": 30300000.0,
        "Net Income Common Stockholders": 30300000.0,
        "Net Income": 30300000.0,
        "Minority Interests": 0.0,
        "Net Income Including Noncontrolling Interests": 30300000.0,
        "Net Income Continuous Operations": 30300000.0,
        "Tax Provision": -2500000.0,
        "Pretax Income": 27800000.0,
        "Other Income Expense": -1000000.0,
        "Special Income Charges": -1000000.0,
        "Gain On Sale Of Business": NaN,
        "Write Off": 1000000.0,
        "Restructuring And Mergern Acquisition": NaN,
        "Net Non Operating Interest Income Expense": -2100000.0,
        "Interest Expense Non Operating": 2100000.0,
        "Operating Income": 30900000.0,
        "Operating Expense": 189700000.0,
        "Selling General And Administration": 189700000.0,
        "Gross Profit": 220600000.0,
        "Cost Of Revenue": 401200000.0,
        "Total Revenue": 621700000.0,
        "Operating Revenue": 621700000.0
    },
    "2022-03-31": {
        "Diluted EPS": 0.33,
        "Total Revenue": 572,
        "Gross Profit": 197,
        "Operating Income": 20,
        "EBIT": 42,
        "Net Income": 14
    },
    "2021-12-31": {
        "Diluted EPS": 0.2,
        "Total Revenue": 603,
        "Gross Profit": 194,
        "Operating Income": 12,
        "EBIT": 33,
        "Net Income": 8
    },
    "2021-09-30": {
        "Diluted EPS": 0.43,
        "Total Revenue": 587,
        "Gross Profit": 195,
        "Operating Income": 26,
        "EBIT": 47,
        "Net Income": 19
    },
    "2021-06-30": {
        "Diluted EPS": 0.39,
        "Total Revenue": 511,
        "Gross Profit": 188,
        "Operating Income": 25,
        "EBIT": 45,
        "Net Income": 17
    },
    "2021-03-31": {
        "Diluted EPS": 0.34,
        "Total Revenue": 484,
        "Gross Profit": 180,
        "Operating Income": 23,
        "EBIT": 43,
        "Net Income": 15
    },
    "2020-12-31": {
        "Diluted EPS": 0.54,
        "Total Revenue": 562,
        "Gross Profit": 209,
        "Operating Income": 32,
        "EBIT": 19,
        "Net Income": 23
    },
    "2020-09-30": {
        "Diluted EPS": 0.71,
        "Total Revenue": 507,
        "Gross Profit": 186,
        "Operating Income": 39,
        "EBIT": 58,
        "Net Income": 31
    },
    "2020-06-30": {
        "Diluted EPS": 0.29,
        "Total Revenue": 417,
        "Gross Profit": 151,
        "Operating Income": 15,
        "EBIT": 34,
        "Net Income": 13
    },
    "2020-03-31": {
        "Diluted EPS": -0.56,
        "Total Revenue": 469,
        "Gross Profit": 176,
        "Operating Income": -24,
        "EBIT": 28,
        "Net Income": -24
    },
    "2019-12-31": {
        "Diluted EPS": 1.09,
        "Total Revenue": 616,
        "Gross Profit": 234,
        "Operating Income": 64,
        "EBIT": 83,
        "Net Income": 48
    },
    "2019-09-30": {
        "Diluted EPS": 1.07,
        "Total Revenue": 625,
        "Gross Profit": 238,
        "Operating Income": 61,
        "EBIT": 80,
        "Net Income": 46
    },
    "2019-06-30": {
        "Diluted EPS": 0.36,
        "Total Revenue": 526,
        "Gross Profit": 193,
        "Operating Income": 23,
        "EBIT": 43,
        "Net Income": 16
    },
    "2019-03-31": {
        "Diluted EPS": 0.02,
        "Total Revenue": 479,
        "Gross Profit": 170,
        "Operating Income": 4,
        "EBIT": 23,
        "Net Income": 1
    },
    "2018-12-31": {
        "Diluted EPS": 0.74,
        "Total Revenue": 598,
        "Gross Profit": 224,
        "Operating Income": 44,
        "EBIT": 75,
        "Net Income": 32
    },
    "2018-09-30": {
        "Diluted EPS": 0.89,
        "Total Revenue": 611,
        "Gross Profit": 233,
        "Operating Income": 54,
        "EBIT": 72,
        "Net Income": 40
    },
    "2018-06-30": {
        "Diluted EPS": 0.42,
        "Total Revenue": 544,
        "Gross Profit": 201,
        "Operating Income": 27,
        "EBIT": 46,
        "Net Income": 19
    },
    "2018-03-31": {
        "Diluted EPS": 0.06,
        "Total Revenue": 505,
        "Gross Profit": 177,
        "Operating Income": 4,
        "EBIT": 22,
        "Net Income": 3
    },
    "2017-12-31": {
        "Diluted EPS": 0.74,
        "Total Revenue": 584,
        "Gross Profit": 204,
        "Operating Income": -11,
        "EBIT": 8,
        "Net Income": 34
    },
    "2017-09-30": {
        "Diluted EPS": 0.84,
        "Total Revenue": 599,
        "Gross Profit": 221,
        "Operating Income": 58,
        "EBIT": 76,
        "Net Income": 37
    },
    "2017-06-30": {
        "Diluted EPS": 0.31,
        "Total Revenue": 514,
        "Gross Profit": 185,
        "Operating Income": 22,
        "EBIT": 39,
        "Net Income": 14
    },
    "2017-03-31": {
        "Diluted EPS": 0.11,
        "Total Revenue": 478,
        "Gross Profit": 174,
        "Operating Income": 8,
        "EBIT": 27,
        "Net Income": 5
    },
    "2016-12-31": {
        "Diluted EPS": 0.24,
        "Total Revenue": 581,
        "Gross Profit": 219,
        "Operating Income": 16,
        "EBIT": 37,
        "Net Income": 11
    },
    "2016-09-30": {
        "Diluted EPS": 0.74,
        "Total Revenue": 585,
        "Gross Profit": 222,
        "Operating Income": 52,
        "EBIT": 69,
        "Net Income": 34
    },
    "2016-06-30": {
        "Diluted EPS": 0.64,
        "Total Revenue": 537,
        "Gross Profit": 209,
        "Operating Income": 46,
        "EBIT": 62,
        "Net Income": 29
    },
    "2016-03-31": {
        "Diluted EPS": 0.26,
        "Total Revenue": 501,
        "Gross Profit": 186,
        "Operating Income": 20,
        "EBIT": 35,
        "Net Income": 12
    },
    "2015-12-31": {
        "Diluted EPS": 0.71,
        "Total Revenue": 597,
        "Gross Profit": 225,
        "Operating Income": 48,
        "EBIT": 63,
        "Net Income": 32
    },
    "2015-09-30": {
        "Diluted EPS": 0.9,
        "Total Revenue": 616,
        "Gross Profit": 232,
        "Operating Income": 61,
        "EBIT": 76,
        "Net Income": 41
    },
    "2015-06-30": {
        "Diluted EPS": 0.52,
        "Total Revenue": 568,
        "Gross Profit": 206,
        "Operating Income": 39,
        "EBIT": 53,
        "Net Income": 24
    },
    "2015-03-31": {
        "Diluted EPS": 0.19,
        "Total Revenue": 523,
        "Gross Profit": 185,
        "Operating Income": 15,
        "EBIT": 29,
        "Net Income": 8
    },
    "2014-12-31": {
        "Diluted EPS": 0.16,
        "Total Revenue": 647,
        "Gross Profit": 228,
        "Operating Income": 25,
        "EBIT": 40,
        "Net Income": 7
    },
    "2014-09-30": {
        "Diluted EPS": 0.74,
        "Total Revenue": 615,
        "Gross Profit": 220,
        "Operating Income": 53,
        "EBIT": 68,
        "Net Income": 34
    },
    "2014-06-30": {
        "Diluted EPS": 0.21,
        "Total Revenue": 509,
        "Gross Profit": 181,
        "Operating Income": 17,
        "EBIT": 32,
        "Net Income": 10
    },
    "2014-03-31": {
        "Diluted EPS": 0.24,
        "Total Revenue": 452,
        "Gross Profit": 155,
        "Operating Income": 18,
        "EBIT": 30,
        "Net Income": 11
    },
    "2013-12-31": {
        "Diluted EPS": 0.5,
        "Total Revenue": 541,
        "Gross Profit": 193,
        "Operating Income": 38,
        "EBIT": 50,
        "Net Income": 23
    },
    "2013-09-30": {
        "Diluted EPS": 0.61,
        "Total Revenue": 566,
        "Gross Profit": 200,
        "Operating Income": 45,
        "EBIT": 57,
        "Net Income": 28
    },
    "2013-06-30": {
        "Diluted EPS": 0.25,
        "Total Revenue": 511,
        "Gross Profit": 175,
        "Operating Income": 20,
        "EBIT": 32,
        "Net Income": 11
    },
    "2013-03-31": {
        "Diluted EPS": 0.03,
        "Total Revenue": 442,
        "Gross Profit": 148,
        "Operating Income": 3,
        "EBIT": 14,
        "Net Income": 1
    },
    "2012-12-31": {
        "Diluted EPS": 0.39,
        "Total Revenue": 528,
        "Gross Profit": 186,
        "Operating Income": 30,
        "EBIT": 42,
        "Net Income": 18
    },
    "2012-09-30": {
        "Diluted EPS": 0.53,
        "Total Revenue": 551,
        "Gross Profit": 191,
        "Operating Income": 42,
        "EBIT": 52,
        "Net Income": 24
    },
    "2012-06-30": {
        "Diluted EPS": 0.15,
        "Total Revenue": 480,
        "Gross Profit": 165,
        "Operating Income": 13,
        "EBIT": 24,
        "Net Income": 7
    },
    "2012-03-31": {
        "Diluted EPS": 0.0,
        "Total Revenue": 445,
        "Gross Profit": 147,
        "Operating Income": 2,
        "EBIT": 13,
        "Net Income": 0
    },
    "2011-12-31": {
        "Diluted EPS": 0.4,
        "Total Revenue": 500,
        "Gross Profit": 178,
        "Operating Income": 30,
        "EBIT": 41,
        "Net Income": 18
    },
    "2011-09-30": {
        "Diluted EPS": 0.55,
        "Total Revenue": 504,
        "Gross Profit": 179,
        "Operating Income": 40,
        "EBIT": 52,
        "Net Income": 25
    },
    "2011-06-30": {
        "Diluted EPS": 0.1,
        "Total Revenue": 433,
        "Gross Profit": 147,
        "Operating Income": 10,
        "EBIT": 22,
        "Net Income": 5
    },
    "2011-03-31": {
        "Diluted EPS": -0.04,
        "Total Revenue": 396,
        "Gross Profit": 135,
        "Operating Income": 1,
        "EBIT": 13,
        "Net Income": -2
    },
    "2010-12-31": {
        "Diluted EPS": 0.28,
        "Total Revenue": 466,
        "Gross Profit": 164,
        "Operating Income": 20,
        "EBIT": 34,
        "Net Income": 13
    },
    "2010-09-30": {
        "Diluted EPS": 0.34,
        "Total Revenue": 459,
        "Gross Profit": 161,
        "Operating Income": 31,
        "EBIT": 45,
        "Net Income": 16
    },
    "2010-06-30": {
        "Diluted EPS": 0.1,
        "Total Revenue": 398,
        "Gross Profit": 141,
        "Operating Income": 12,
        "EBIT": 27,
        "Net Income": 5
    },
    "2010-03-31": {
        "Diluted EPS": -0.13,
        "Total Revenue": 364,
        "Gross Profit": 119,
        "Operating Income": -5,
        "EBIT": 11,
        "Net Income": -6
    },
    "2009-12-31": {
        "Diluted EPS": -0.23,
        "Total Revenue": 406,
        "Gross Profit": 148,
        "Operating Income": -10,
        "EBIT": 9,
        "Net Income": -11
    },
    "2009-09-30": {
        "Diluted EPS": 0.39,
        "Total Revenue": 446,
        "Gross Profit": 165,
        "Operating Income": 34,
        "EBIT": 52,
        "Net Income": 18
    },
    "2009-06-30": {
        "Diluted EPS": -0.03,
        "Total Revenue": 375,
        "Gross Profit": 128,
        "Operating Income": 1,
        "EBIT": 20,
        "Net Income": -1
    },
    "2009-03-31": {
        "Diluted EPS": -0.27,
        "Total Revenue": 397,
        "Gross Profit": 123,
        "Operating Income": -16,
        "EBIT": 3,
        "Net Income": -12
    },
    "2023-06-30": {
        "Tax Effect Of Unusual Items": -3240000.0,
        "Tax Rate For Calcs": 0.4,
        "Normalized EBITDA": 27200000.0,
        "Total Unusual Items": -8100000.0,
        "Total Unusual Items Excluding Goodwill": -8100000.0,
        "Net Income From Continuing Operation Net Minority Interest": -12800000.0,
        "Reconciled Depreciation": 22600000.0,
        "Reconciled Cost Of Revenue": 347900000.0,
        "EBIT": -3500000.0,
        "Net Interest Income": -5500000.0,
        "Interest Expense": 5500000.0,
        "Normalized Income": -7940000.0,
        "Net Income From Continuing And Discontinued Operation": -12800000.0,
        "Total Expenses": 558900000.0,
        "Total Operating Income As Reported": -3600000.0,
        "Diluted Average Shares": 43300000.0,
        "Basic Average Shares": 43300000.0,
        "Diluted EPS": -0.3,
        "Basic EPS": -0.3,
        "Diluted NI Availto Com Stockholders": -12800000.0,
        "Net Income Common Stockholders": -12800000.0,
        "Net Income": -12800000.0,
        "Minority Interests": 0.0,
        "Net Income Including Noncontrolling Interests": -12800000.0,
        "Net Income Continuous Operations": -12800000.0,
        "Tax Provision": 3800000.0,
        "Pretax Income": -9000000.0,
        "Other Income Expense": -8100000.0,
        "Special Income Charges": -8100000.0,
        "Gain On Sale Of Business": NaN,
        "Write Off": NaN,
        "Restructuring And Mergern Acquisition": 8100000.0,
        "Net Non Operating Interest Income Expense": -5500000.0,
        "Interest Expense Non Operating": 5500000.0,
        "Operating Income": 4500000.0,
        "Operating Expense": 211000000.0,
        "Selling General And Administration": 211000000.0,
        "Gross Profit": 215500000.0,
        "Cost Of Revenue": 347900000.0,
        "Total Revenue": 563500000.0,
        "Operating Revenue": 563500000.0
    }
}