{
    "2023-03-31": {
        "Tax Effect Of Unusual Items": 0.0,
        "Tax Rate For Calcs": 0.13,
        "Normalized EBITDA": 46066000.0,
        "Total Unusual Items": NaN,
        "Total Unusual Items Excluding Goodwill": NaN,
        "Net Income From Continuing Operation Net Minority Interest": 22051000.0,
        "Reconciled Depreciation": 17976000.0,
        "Reconciled Cost Of Revenue": 151497000.0,
        "EBITDA": 46066000.0,
        "EBIT": 28090000.0,
        "Net Interest Income": -3899000.0,
        "Interest Expense": 2687000.0,
        "Normalized Income": 22051000.0,
        "Net Income From Continuing And Discontinued Operation": 22051000.0,
        "Total Expenses": 159101000.0,
        "Total Operating Income As Reported": 29233000.0,
        "Diluted Average Shares": 36740000.0,
        "Basic Average Shares": 32983000.0,
        "Diluted EPS": 0.61,
        "Basic EPS": 0.67,
        "Diluted NI Availto Com Stockholders": 22344000.0,
        "Average Dilution Earnings": 293000.0,
        "Net Income Common Stockholders": 22051000.0,
        "Otherunder Preferred Stock Dividend": NaN,
        "Net Income": 22051000.0,
        "Net Income Including Noncontrolling Interests": 22051000.0,
        "Net Income Continuous Operations": 22051000.0,
        "Tax Provision": 3352000.0,
        "Pretax Income": 25403000.0,
        "Other Income Expense": 69000.0,
        "Special Income Charges": NaN,
        "Other Special Charges": NaN,
        "Earnings From Equity Interest": 69000.0,
        "Net Non Operating Interest Income Expense": -3899000.0,
        "Total Other Finance Cost": 1212000.0,
        "Interest Expense Non Operating": 2687000.0,
        "Operating Income": 29233000.0,
        "Operating Expense": 7604000.0,
        "Other Operating Expenses": 657000.0,
        "Selling General And Administration": 6947000.0,
        "General And Administrative Expense": 6947000.0,
        "Other Gand A": 6947000.0,
        "Gross Profit": 36837000.0,
        "Cost Of Revenue": 151497000.0,
        "Total Revenue": 188334000.0,
        "Operating Revenue": 186994000.0
    },
    "2022-12-31": {
        "Tax Effect Of Unusual Items": 0.0,
        "Tax Rate For Calcs": 0.029616,
        "Normalized EBITDA": 48360000.0,
        "Total Unusual Items": 0.0,
        "Total Unusual Items Excluding Goodwill": 0.0,
        "Net Income From Continuing Operation Net Minority Interest": 30013000.0,
        "Reconciled Depreciation": 14993000.0,
        "Reconciled Cost Of Revenue": 111049000.0,
        "EBITDA": 48360000.0,
        "EBIT": 33367000.0,
        "Net Interest Income": -3536000.0,
        "Interest Expense": 2438000.0,
        "Normalized Income": 30013000.0,
        "Net Income From Continuing And Discontinued Operation": 30013000.0,
        "Total Expenses": 117543000.0,
        "Total Operating Income As Reported": 34528000.0,
        "Diluted Average Shares": NaN,
        "Basic Average Shares": NaN,
        "Diluted EPS": NaN,
        "Basic EPS": NaN,
        "Diluted NI Availto Com Stockholders": 30540000.0,
        "Average Dilution Earnings": NaN,
        "Net Income Common Stockholders": 30013000.0,
        "Otherunder Preferred Stock Dividend": NaN,
        "Net Income": 30013000.0,
        "Net Income Including Noncontrolling Interests": 30013000.0,
        "Net Income Continuous Operations": 30013000.0,
        "Tax Provision": 916000.0,
        "Pretax Income": 30929000.0,
        "Other Income Expense": -63000.0,
        "Special Income Charges": 0.0,
        "Other Special Charges": NaN,
        "Earnings From Equity Interest": -63000.0,
        "Gain On Sale Of Security": 0.0,
        "Net Non Operating Interest Income Expense": -3536000.0,
        "Total Other Finance Cost": 1098000.0,
        "Interest Expense Non Operating": 2438000.0,
        "Operating Income": 34528000.0,
        "Operating Expense": 6494000.0,
        "Other Operating Expenses": 517000.0,
        "Selling General And Administration": 5977000.0,
        "General And Administrative Expense": 5977000.0,
        "Other Gand A": 5977000.0,
        "Gross Profit": 41022000.0,
        "Cost Of Revenue": 111049000.0,
        "Total Revenue": 152071000.0,
        "Operating Revenue": 150895000.0
    },
    "2022-09-30": {
        "Tax Effect Of Unusual Items": 0.0,
        "Tax Rate For Calcs": 0.269928,
        "Normalized EBITDA": 15755000.0,
        "Total Unusual Items": 0.0,
        "Total Unusual Items Excluding Goodwill": 0.0,
        "Net Income From Continuing Operation Net Minority Interest": 1612000.0,
        "Reconciled Depreciation": 11187000.0,
        "Reconciled Cost Of Revenue": 75744000.0,
        "EBITDA": 15755000.0,
        "EBIT": 4568000.0,
        "Net Interest Income": -3355000.0,
        "Interest Expense": 2360000.0,
        "Normalized Income": 1612000.0,
        "Net Income From Continuing And Discontinued Operation": 1612000.0,
        "Total Expenses": 79689000.0,
        "Total Operating Income As Reported": 5395000.0,
        "Diluted Average Shares": 33268000.0,
        "Basic Average Shares": 32983000.0,
        "Diluted EPS": 0.05,
        "Basic EPS": 0.05,
        "Diluted NI Availto Com Stockholders": 1612000.0,
        "Average Dilution Earnings": NaN,
        "Net Income Common Stockholders": 1612000.0,
        "Otherunder Preferred Stock Dividend": NaN,
        "Net Income": 1612000.0,
        "Net Income Including Noncontrolling Interests": 1612000.0,
        "Net Income Continuous Operations": 1612000.0,
        "Tax Provision": 596000.0,
        "Pretax Income": 2208000.0,
        "Other Income Expense": 168000.0,
        "Special Income Charges": 0.0,
        "Other Special Charges": NaN,
        "Earnings From Equity Interest": 168000.0,
        "Gain On Sale Of Security": NaN,
        "Net Non Operating Interest Income Expense": -3355000.0,
        "Total Other Finance Cost": 995000.0,
        "Interest Expense Non Operating": 2360000.0,
        "Operating Income": 5395000.0,
        "Operating Expense": 3945000.0,
        "Other Operating Expenses": 376000.0,
        "Selling General And Administration": 3569000.0,
        "General And Administrative Expense": 3569000.0,
        "Other Gand A": 3569000.0,
        "Gross Profit": 9340000.0,
        "Cost Of Revenue": 75744000.0,
        "Total Revenue": 85084000.0,
        "Operating Revenue": 83562000.0
    },
    "2022-06-30": {
        "Tax Effect Of Unusual Items": 100000.0,
        "Tax Rate For Calcs": 0.4,
        "Normalized EBITDA": 9719000.0,
        "Total Unusual Items": 250000.0,
        "Total Unusual Items Excluding Goodwill": 250000.0,
        "Net Income From Continuing Operation Net Minority Interest": -3386000.0,
        "Reconciled Depreciation": 11164000.0,
        "Reconciled Cost Of Revenue": 62558000.0,
        "EBITDA": 9969000.0,
        "EBIT": -1195000.0,
        "Net Interest Income": -2587000.0,
        "Interest Expense": 1770000.0,
        "Normalized Income": -3536000.0,
        "Net Income From Continuing And Discontinued Operation": -3386000.0,
        "Total Expenses": 66745000.0,
        "Total Operating Income As Reported": -816000.0,
        "Diluted Average Shares": 30809000.0,
        "Basic Average Shares": 30809000.0,
        "Diluted EPS": -0.11,
        "Basic EPS": -0.11,
        "Diluted NI Availto Com Stockholders": -3368000.0,
        "Average Dilution Earnings": NaN,
        "Net Income Common Stockholders": -3368000.0,
        "Otherunder Preferred Stock Dividend": -18000.0,
        "Net Income": -3386000.0,
        "Net Income Including Noncontrolling Interests": -3386000.0,
        "Net Income Continuous Operations": -3386000.0,
        "Tax Provision": 421000.0,
        "Pretax Income": -2965000.0,
        "Other Income Expense": 438000.0,
        "Special Income Charges": NaN,
        "Earnings From Equity Interest": 188000.0,
        "Gain On Sale Of Security": 250000.0,
        "Net Non Operating Interest Income Expense": -2587000.0,
        "Total Other Finance Cost": 817000.0,
        "Interest Expense Non Operating": 1770000.0,
        "Operating Income": -816000.0,
        "Operating Expense": 4187000.0,
        "Other Operating Expenses": 465000.0,
        "Selling General And Administration": 3722000.0,
        "General And Administrative Expense": 3722000.0,
        "Other Gand A": 3722000.0,
        "Gross Profit": 3371000.0,
        "Cost Of Revenue": 62558000.0,
        "Total Revenue": 65929000.0,
        "Operating Revenue": 64161000.0
    },
    "2022-03-31": {
        "Diluted EPS": -0.33,
        "Total Revenue": 59,
        "Gross Profit": 4,
        "Operating Income": -8,
        "EBIT": 2,
        "Net Income": -10
    },
    "2021-12-31": {
        "Diluted EPS": -0.25,
        "Total Revenue": 66,
        "Gross Profit": 11,
        "Operating Income": -5,
        "EBIT": 6,
        "Net Income": -8
    },
    "2021-09-30": {
        "Diluted EPS": 0.26,
        "Total Revenue": 80,
        "Gross Profit": 12,
        "Operating Income": -1,
        "EBIT": 10,
        "Net Income": 8
    },
    "2021-06-30": {
        "Diluted EPS": -0.1,
        "Total Revenue": 56,
        "Gross Profit": 13,
        "Operating Income": 0,
        "EBIT": 10,
        "Net Income": -3
    },
    "2021-03-31": {
        "Diluted EPS": -0.03,
        "Total Revenue": 47,
        "Gross Profit": 13,
        "Operating Income": -1,
        "EBIT": 10,
        "Net Income": -1
    },
    "2020-12-31": {
        "Diluted EPS": -0.15,
        "Total Revenue": 66,
        "Gross Profit": 11,
        "Operating Income": -2,
        "EBIT": 9,
        "Net Income": -5
    },
    "2020-09-30": {
        "Diluted EPS": 0.06,
        "Total Revenue": 65,
        "Gross Profit": 19,
        "Operating Income": 6,
        "EBIT": 16,
        "Net Income": 2
    },
    "2020-06-30": {
        "Diluted EPS": 0.01,
        "Total Revenue": 51,
        "Gross Profit": 15,
        "Operating Income": 2,
        "EBIT": 12,
        "Net Income": 0
    },
    "2020-03-31": {
        "Diluted EPS": -0.12,
        "Total Revenue": 62,
        "Gross Profit": 14,
        "Operating Income": 0,
        "EBIT": 11,
        "Net Income": -4
    },
    "2019-12-31": {
        "Diluted EPS": -1.95,
        "Total Revenue": 79,
        "Gross Profit": 19,
        "Operating Income": 2,
        "EBIT": 15,
        "Net Income": -59
    },
    "2019-09-30": {
        "Diluted EPS": -0.12,
        "Total Revenue": 83,
        "Gross Profit": 12,
        "Operating Income": -3,
        "EBIT": 9,
        "Net Income": -4
    },
    "2019-06-30": {
        "Diluted EPS": -0.11,
        "Total Revenue": 72,
        "Gross Profit": 18,
        "Operating Income": 3,
        "EBIT": 15,
        "Net Income": -3
    },
    "2019-03-31": {
        "Diluted EPS": 0.23,
        "Total Revenue": 89,
        "Gross Profit": 27,
        "Operating Income": 12,
        "EBIT": 24,
        "Net Income": 7
    },
    "2018-12-31": {
        "Diluted EPS": 0.09,
        "Total Revenue": 90,
        "Gross Profit": 20,
        "Operating Income": 5,
        "EBIT": 5,
        "Net Income": 2
    },
    "2018-09-30": {
        "Diluted EPS": 0.09,
        "Total Revenue": 80,
        "Gross Profit": 19,
        "Operating Income": 6,
        "EBIT": 6,
        "Net Income": 3
    },
    "2018-06-30": {
        "Diluted EPS": 0.0,
        "Total Revenue": 57,
        "Gross Profit": 18,
        "Operating Income": 4,
        "EBIT": 4,
        "Net Income": 0
    },
    "2018-03-31": {
        "Diluted EPS": 0.07,
        "Total Revenue": 67,
        "Gross Profit": 20,
        "Operating Income": 5,
        "EBIT": 5,
        "Net Income": 2
    },
    "2017-12-31": {
        "Diluted EPS": 0.69,
        "Total Revenue": 69,
        "Gross Profit": 17,
        "Operating Income": 4,
        "EBIT": 4,
        "Net Income": 21
    },
    "2017-09-30": {
        "Diluted EPS": 0.13,
        "Total Revenue": 74,
        "Gross Profit": 20,
        "Operating Income": 7,
        "EBIT": 7,
        "Net Income": 4
    },
    "2017-06-30": {
        "Diluted EPS": 0.01,
        "Total Revenue": 64,
        "Gross Profit": 20,
        "Operating Income": 4,
        "EBIT": 4,
        "Net Income": 0
    },
    "2017-03-31": {
        "Diluted EPS": 0.25,
        "Total Revenue": 64,
        "Gross Profit": 24,
        "Operating Income": 11,
        "EBIT": 11,
        "Net Income": 7
    },
    "2016-12-31": {
        "Diluted EPS": -0.12,
        "Total Revenue": 71,
        "Gross Profit": 21,
        "Operating Income": 8,
        "EBIT": 8,
        "Net Income": -4
    },
    "2016-09-30": {
        "Diluted EPS": 0.14,
        "Total Revenue": 66,
        "Gross Profit": 19,
        "Operating Income": 8,
        "EBIT": 8,
        "Net Income": 4
    },
    "2016-06-30": {
        "Diluted EPS": 0.19,
        "Total Revenue": 69,
        "Gross Profit": 23,
        "Operating Income": 11,
        "EBIT": 11,
        "Net Income": 6
    },
    "2016-03-31": {
        "Diluted EPS": 0.21,
        "Total Revenue": 76,
        "Gross Profit": 26,
        "Operating Income": 14,
        "EBIT": 14,
        "Net Income": 6
    },
    "2015-12-31": {
        "Diluted EPS": 0.03,
        "Total Revenue": 65,
        "Gross Profit": 18,
        "Operating Income": 4,
        "EBIT": 4,
        "Net Income": 1
    },
    "2015-09-30": {
        "Diluted EPS": 0.17,
        "Total Revenue": 82,
        "Gross Profit": 25,
        "Operating Income": 11,
        "EBIT": 11,
        "Net Income": 5
    },
    "2015-06-30": {
        "Diluted EPS": 0.23,
        "Total Revenue": 95,
        "Gross Profit": 27,
        "Operating Income": 13,
        "EBIT": 13,
        "Net Income": 7
    },
    "2015-03-31": {
        "Diluted EPS": 0.25,
        "Total Revenue": 98,
        "Gross Profit": 32,
        "Operating Income": 16,
        "EBIT": 16,
        "Net Income": 7
    },
    "2014-12-31": {
        "Diluted EPS": 0.32,
        "Total Revenue": 101,
        "Gross Profit": 33,
        "Operating Income": 15,
        "EBIT": 15,
        "Net Income": 9
    },
    "2014-09-30": {
        "Diluted EPS": -0.2,
        "Total Revenue": 66,
        "Gross Profit": 14,
        "Operating Income": 4,
        "EBIT": 4,
        "Net Income": -6
    },
    "2014-06-30": {
        "Diluted EPS": 0.1,
        "Total Revenue": 38,
        "Gross Profit": 12,
        "Operating Income": 4,
        "EBIT": 4,
        "Net Income": 3
    },
    "2014-03-31": {
        "Diluted EPS": 0.12,
        "Total Revenue": 36,
        "Gross Profit": 13,
        "Operating Income": 5,
        "EBIT": 5,
        "Net Income": 4
    },
    "2013-12-31": {
        "Diluted EPS": 0.14,
        "Total Revenue": 38,
        "Gross Profit": 13,
        "Operating Income": 5,
        "EBIT": 5,
        "Net Income": 4
    },
    "2013-09-30": {
        "Diluted EPS": 0.17,
        "Total Revenue": 38,
        "Gross Profit": 14,
        "Operating Income": 7,
        "EBIT": 7,
        "Net Income": 5
    },
    "2013-06-30": {
        "Diluted EPS": 0.28,
        "Total Revenue": 41,
        "Gross Profit": 18,
        "Operating Income": 12,
        "EBIT": 12,
        "Net Income": 8
    },
    "2013-03-31": {
        "Diluted EPS": 0.19,
        "Total Revenue": 38,
        "Gross Profit": 14,
        "Operating Income": 7,
        "EBIT": 7,
        "Net Income": 5
    },
    "2012-12-31": {
        "Diluted EPS": 0.17,
        "Total Revenue": 35,
        "Gross Profit": 13,
        "Operating Income": 7,
        "EBIT": 7,
        "Net Income": 5
    },
    "2012-09-30": {
        "Diluted EPS": 0.22,
        "Total Revenue": 37,
        "Gross Profit": 16,
        "Operating Income": 9,
        "EBIT": 9,
        "Net Income": 6
    },
    "2012-06-30": {
        "Diluted EPS": 0.23,
        "Total Revenue": 35,
        "Gross Profit": 16,
        "Operating Income": 10,
        "EBIT": 10,
        "Net Income": 6
    },
    "2012-03-31": {
        "Diluted EPS": 0.21,
        "Total Revenue": 34,
        "Gross Profit": 16,
        "Operating Income": 9,
        "EBIT": 9,
        "Net Income": 6
    },
    "2011-12-31": {
        "Diluted EPS": 0.29,
        "Total Revenue": 41,
        "Gross Profit": 19,
        "Operating Income": 14,
        "EBIT": 14,
        "Net Income": 9
    },
    "2011-09-30": {
        "Diluted EPS": 0.44,
        "Total Revenue": 45,
        "Gross Profit": 25,
        "Operating Income": 20,
        "EBIT": 20,
        "Net Income": 13
    },
    "2011-06-30": {
        "Diluted EPS": 0.23,
        "Total Revenue": 34,
        "Gross Profit": 16,
        "Operating Income": 11,
        "EBIT": 11,
        "Net Income": 6
    },
    "2011-03-31": {
        "Diluted EPS": 0.29,
        "Total Revenue": 38,
        "Gross Profit": 19,
        "Operating Income": 14,
        "EBIT": 14,
        "Net Income": 8
    },
    "2010-12-31": {
        "Diluted EPS": 0.14,
        "Total Revenue": 29,
        "Gross Profit": 13,
        "Operating Income": 8,
        "EBIT": 8,
        "Net Income": 4
    },
    "2010-09-30": {
        "Diluted EPS": 0.23,
        "Total Revenue": 33,
        "Gross Profit": 15,
        "Operating Income": 10,
        "EBIT": 10,
        "Net Income": 6
    },
    "2010-06-30": {
        "Diluted EPS": 0.17,
        "Total Revenue": 32,
        "Gross Profit": 13,
        "Operating Income": 8,
        "EBIT": 8,
        "Net Income": 5
    },
    "2010-03-31": {
        "Diluted EPS": 0.24,
        "Total Revenue": 35,
        "Gross Profit": 16,
        "Operating Income": 12,
        "EBIT": 12,
        "Net Income": 7
    },
    "2009-12-31": {
        "Diluted EPS": 0.19,
        "Total Revenue": 31,
        "Gross Profit": 14,
        "Operating Income": 11,
        "EBIT": 11,
        "Net Income": 6
    },
    "2009-09-30": {
        "Diluted EPS": 0.17,
        "Total Revenue": 29,
        "Gross Profit": 12,
        "Operating Income": 8,
        "EBIT": 8,
        "Net Income": 4
    },
    "2009-06-30": {
        "Diluted EPS": 0.16,
        "Total Revenue": 26,
        "Gross Profit": 10,
        "Operating Income": 7,
        "EBIT": 7,
        "Net Income": 3
    },
    "2009-03-31": {
        "Diluted EPS": 0.31,
        "Total Revenue": 30,
        "Gross Profit": 15,
        "Operating Income": 12,
        "EBIT": 12,
        "Net Income": 7
    },
    "2023-06-30": {
        "Tax Effect Of Unusual Items": 0.0,
        "Tax Rate For Calcs": 0.084983,
        "Normalized EBITDA": 38172000.0,
        "Total Unusual Items": NaN,
        "Total Unusual Items Excluding Goodwill": NaN,
        "Net Income From Continuing Operation Net Minority Interest": 16915000.0,
        "Reconciled Depreciation": 17169000.0,
        "Reconciled Cost Of Revenue": 132589000.0,
        "EBITDA": 38172000.0,
        "EBIT": 21003000.0,
        "Net Interest Income": -3541000.0,
        "Interest Expense": 2517000.0,
        "Normalized Income": 16915000.0,
        "Net Income From Continuing And Discontinued Operation": 16915000.0,
        "Total Expenses": 138950000.0,
        "Total Operating Income As Reported": 22244000.0,
        "Diluted Average Shares": 36708000.0,
        "Basic Average Shares": 33137000.0,
        "Diluted EPS": 0.47,
        "Basic EPS": 0.51,
        "Diluted NI Availto Com Stockholders": 17211000.0,
        "Average Dilution Earnings": 296000.0,
        "Net Income Common Stockholders": 16915000.0,
        "Otherunder Preferred Stock Dividend": 0.0,
        "Net Income": 16915000.0,
        "Net Income Including Noncontrolling Interests": 16915000.0,
        "Net Income Continuous Operations": 16915000.0,
        "Tax Provision": 1571000.0,
        "Pretax Income": 18486000.0,
        "Other Income Expense": -217000.0,
        "Special Income Charges": NaN,
        "Other Special Charges": NaN,
        "Earnings From Equity Interest": -217000.0,
        "Net Non Operating Interest Income Expense": -3541000.0,
        "Total Other Finance Cost": 1024000.0,
        "Interest Expense Non Operating": 2517000.0,
        "Operating Income": 22244000.0,
        "Operating Expense": 6361000.0,
        "Other Operating Expenses": 766000.0,
        "Selling General And Administration": 5595000.0,
        "General And Administrative Expense": 5595000.0,
        "Other Gand A": 5595000.0,
        "Gross Profit": 28605000.0,
        "Cost Of Revenue": 132589000.0,
        "Total Revenue": 161194000.0,
        "Operating Revenue": 159591000.0
    },
    "2023-09-30": {
        "Tax Effect Of Unusual Items": -236468.463753,
        "Tax Rate For Calcs": 0.158597,
        "Normalized EBITDA": 39254000.0,
        "Total Unusual Items": -1491000.0,
        "Total Unusual Items Excluding Goodwill": -1491000.0,
        "Net Income From Continuing Operation Net Minority Interest": 16075000.0,
        "Reconciled Depreciation": 16230000.0,
        "Reconciled Cost Of Revenue": 135272000.0,
        "EBITDA": 37763000.0,
        "EBIT": 21533000.0,
        "Net Interest Income": -3030000.0,
        "Interest Expense": 2428000.0,
        "Normalized Income": 17329531.536247,
        "Net Income From Continuing And Discontinued Operation": 16075000.0,
        "Total Expenses": 141965000.0,
        "Total Operating Income As Reported": 23803000.0,
        "Diluted Average Shares": 36848000.0,
        "Basic Average Shares": 33140000.0,
        "Diluted EPS": 0.44,
        "Basic EPS": 0.49,
        "Diluted NI Availto Com Stockholders": 16378000.0,
        "Average Dilution Earnings": 303000.0,
        "Net Income Common Stockholders": 16075000.0,
        "Otherunder Preferred Stock Dividend": NaN,
        "Net Income": 16075000.0,
        "Net Income Including Noncontrolling Interests": 16075000.0,
        "Net Income Continuous Operations": 16075000.0,
        "Tax Provision": 3030000.0,
        "Pretax Income": 19105000.0,
        "Other Income Expense": -1668000.0,
        "Special Income Charges": -1491000.0,
        "Other Special Charges": 1491000.0,
        "Earnings From Equity Interest": -177000.0,
        "Net Non Operating Interest Income Expense": -3030000.0,
        "Total Other Finance Cost": 602000.0,
        "Interest Expense Non Operating": 2428000.0,
        "Operating Income": 23803000.0,
        "Operating Expense": 6693000.0,
        "Other Operating Expenses": 639000.0,
        "Selling General And Administration": 6054000.0,
        "General And Administrative Expense": 6054000.0,
        "Other Gand A": 6054000.0,
        "Gross Profit": 30496000.0,
        "Cost Of Revenue": 135272000.0,
        "Total Revenue": 165768000.0,
        "Operating Revenue": 164823000.0
    },
    "2023-12-31": {
        "Tax Effect Of Unusual Items": 0.0,
        "Tax Rate For Calcs": 0.253931,
        "Normalized EBITDA": 4946000.0,
        "Total Unusual Items": 0.0,
        "Total Unusual Items Excluding Goodwill": 0.0,
        "Net Income From Continuing Operation Net Minority Interest": -10248000.0,
        "Reconciled Depreciation": 15836000.0,
        "Reconciled Cost Of Revenue": 121243000.0,
        "EBITDA": 4946000.0,
        "EBIT": -10890000.0,
        "Net Interest Income": -3241000.0,
        "Interest Expense": 2846000.0,
        "Normalized Income": -10248000.0,
        "Net Income From Continuing And Discontinued Operation": -10248000.0,
        "Total Expenses": 129452000.0,
        "Total Operating Income As Reported": -10268000.0,
        "Diluted Average Shares": NaN,
        "Basic Average Shares": NaN,
        "Diluted EPS": NaN,
        "Basic EPS": NaN,
        "Diluted NI Availto Com Stockholders": -9945000.0,
        "Average Dilution Earnings": 303000.0,
        "Net Income Common Stockholders": -10248000.0,
        "Otherunder Preferred Stock Dividend": NaN,
        "Net Income": -10248000.0,
        "Net Income Including Noncontrolling Interests": -10248000.0,
        "Net Income Continuous Operations": -10248000.0,
        "Tax Provision": -3488000.0,
        "Pretax Income": -13736000.0,
        "Other Income Expense": -227000.0,
        "Special Income Charges": 0.0,
        "Other Special Charges": 0.0,
        "Earnings From Equity Interest": -227000.0,
        "Net Non Operating Interest Income Expense": -3241000.0,
        "Total Other Finance Cost": 395000.0,
        "Interest Expense Non Operating": 2846000.0,
        "Operating Income": -10268000.0,
        "Operating Expense": 8209000.0,
        "Other Operating Expenses": 646000.0,
        "Selling General And Administration": 7563000.0,
        "General And Administrative Expense": 7563000.0,
        "Other Gand A": 7563000.0,
        "Gross Profit": -2059000.0,
        "Cost Of Revenue": 121243000.0,
        "Total Revenue": 119184000.0,
        "Operating Revenue": 118445000.0
    }
}