{
    "2023-03-31": {
        "Tax Effect Of Unusual Items": NaN,
        "Tax Rate For Calcs": NaN,
        "Normalized EBITDA": NaN,
        "Total Unusual Items": NaN,
        "Total Unusual Items Excluding Goodwill": NaN,
        "Net Income From Continuing Operation Net Minority Interest": NaN,
        "Reconciled Depreciation": NaN,
        "Reconciled Cost Of Revenue": NaN,
        "EBITDA": NaN,
        "EBIT": NaN,
        "Net Interest Income": NaN,
        "Interest Expense": 187000.0,
        "Interest Income": NaN,
        "Normalized Income": NaN,
        "Net Income From Continuing And Discontinued Operation": NaN,
        "Total Expenses": NaN,
        "Total Operating Income As Reported": NaN,
        "Diluted Average Shares": NaN,
        "Basic Average Shares": NaN,
        "Diluted EPS": NaN,
        "Basic EPS": NaN,
        "Diluted NI Availto Com Stockholders": NaN,
        "Net Income Common Stockholders": NaN,
        "Net Income": NaN,
        "Net Income Including Noncontrolling Interests": NaN,
        "Net Income Continuous Operations": NaN,
        "Tax Provision": NaN,
        "Pretax Income": NaN,
        "Other Income Expense": NaN,
        "Other Non Operating Income Expenses": NaN,
        "Special Income Charges": NaN,
        "Restructuring And Mergern Acquisition": NaN,
        "Net Non Operating Interest Income Expense": NaN,
        "Total Other Finance Cost": 187000.0,
        "Interest Expense Non Operating": 187000.0,
        "Interest Income Non Operating": NaN,
        "Operating Income": NaN,
        "Operating Expense": NaN,
        "Research And Development": NaN,
        "Selling General And Administration": NaN,
        "Selling And Marketing Expense": NaN,
        "General And Administrative Expense": NaN,
        "Other Gand A": NaN,
        "Gross Profit": NaN,
        "Cost Of Revenue": NaN,
        "Total Revenue": NaN,
        "Operating Revenue": NaN
    },
    "2022-12-31": {
        "Tax Effect Of Unusual Items": NaN,
        "Tax Rate For Calcs": NaN,
        "Normalized EBITDA": NaN,
        "Total Unusual Items": NaN,
        "Total Unusual Items Excluding Goodwill": NaN,
        "Net Income From Continuing Operation Net Minority Interest": NaN,
        "Reconciled Depreciation": NaN,
        "Reconciled Cost Of Revenue": NaN,
        "EBITDA": NaN,
        "EBIT": NaN,
        "Net Interest Income": NaN,
        "Interest Expense": NaN,
        "Interest Income": 172000.0,
        "Normalized Income": NaN,
        "Net Income From Continuing And Discontinued Operation": NaN,
        "Total Expenses": NaN,
        "Total Operating Income As Reported": NaN,
        "Diluted Average Shares": NaN,
        "Basic Average Shares": NaN,
        "Diluted EPS": NaN,
        "Basic EPS": NaN,
        "Diluted NI Availto Com Stockholders": NaN,
        "Net Income Common Stockholders": NaN,
        "Otherunder Preferred Stock Dividend": 0.0,
        "Net Income": NaN,
        "Net Income Including Noncontrolling Interests": NaN,
        "Net Income Continuous Operations": NaN,
        "Tax Provision": NaN,
        "Pretax Income": NaN,
        "Other Income Expense": NaN,
        "Other Non Operating Income Expenses": NaN,
        "Special Income Charges": NaN,
        "Restructuring And Mergern Acquisition": NaN,
        "Net Non Operating Interest Income Expense": NaN,
        "Total Other Finance Cost": NaN,
        "Interest Expense Non Operating": NaN,
        "Interest Income Non Operating": 172000.0,
        "Operating Income": NaN,
        "Operating Expense": NaN,
        "Research And Development": NaN,
        "Selling General And Administration": NaN,
        "Selling And Marketing Expense": NaN,
        "General And Administrative Expense": NaN,
        "Other Gand A": NaN,
        "Gross Profit": NaN,
        "Cost Of Revenue": NaN,
        "Total Revenue": NaN,
        "Operating Revenue": NaN
    },
    "2022-09-30": {
        "Tax Effect Of Unusual Items": NaN,
        "Tax Rate For Calcs": NaN,
        "Normalized EBITDA": NaN,
        "Total Unusual Items": NaN,
        "Total Unusual Items Excluding Goodwill": NaN,
        "Net Income From Continuing Operation Net Minority Interest": NaN,
        "Reconciled Depreciation": NaN,
        "Reconciled Cost Of Revenue": NaN,
        "EBITDA": NaN,
        "EBIT": NaN,
        "Net Interest Income": NaN,
        "Interest Expense": NaN,
        "Interest Income": 140000.0,
        "Normalized Income": NaN,
        "Net Income From Continuing And Discontinued Operation": NaN,
        "Total Expenses": NaN,
        "Total Operating Income As Reported": NaN,
        "Diluted Average Shares": NaN,
        "Basic Average Shares": NaN,
        "Diluted EPS": NaN,
        "Basic EPS": NaN,
        "Diluted NI Availto Com Stockholders": NaN,
        "Net Income Common Stockholders": NaN,
        "Otherunder Preferred Stock Dividend": 0.0,
        "Net Income": NaN,
        "Net Income Including Noncontrolling Interests": NaN,
        "Net Income Continuous Operations": NaN,
        "Tax Provision": NaN,
        "Pretax Income": NaN,
        "Other Income Expense": NaN,
        "Other Non Operating Income Expenses": NaN,
        "Special Income Charges": NaN,
        "Restructuring And Mergern Acquisition": NaN,
        "Net Non Operating Interest Income Expense": NaN,
        "Total Other Finance Cost": 29000.0,
        "Interest Expense Non Operating": NaN,
        "Interest Income Non Operating": 140000.0,
        "Operating Income": NaN,
        "Operating Expense": NaN,
        "Research And Development": NaN,
        "Selling General And Administration": NaN,
        "Selling And Marketing Expense": NaN,
        "General And Administrative Expense": NaN,
        "Other Gand A": NaN,
        "Gross Profit": NaN,
        "Cost Of Revenue": NaN,
        "Total Revenue": NaN,
        "Operating Revenue": NaN
    },
    "2022-06-30": {
        "Tax Effect Of Unusual Items": 0.0,
        "Tax Rate For Calcs": 0.4,
        "Normalized EBITDA": -10073000.0,
        "Total Unusual Items": NaN,
        "Total Unusual Items Excluding Goodwill": NaN,
        "Net Income From Continuing Operation Net Minority Interest": -10012000.0,
        "Reconciled Depreciation": 666000.0,
        "Reconciled Cost Of Revenue": 54929000.0,
        "EBITDA": -10073000.0,
        "EBIT": -10739000.0,
        "Net Interest Income": 747000.0,
        "Interest Expense": NaN,
        "Interest Income": NaN,
        "Normalized Income": -10012000.0,
        "Net Income From Continuing And Discontinued Operation": -10012000.0,
        "Total Expenses": 89232000.0,
        "Total Operating Income As Reported": -10739000.0,
        "Diluted Average Shares": 92052347.0,
        "Basic Average Shares": 92052347.0,
        "Diluted EPS": -0.11,
        "Basic EPS": -0.11,
        "Diluted NI Availto Com Stockholders": -10012000.0,
        "Net Income Common Stockholders": -10012000.0,
        "Otherunder Preferred Stock Dividend": 0.0,
        "Net Income": -10012000.0,
        "Net Income Including Noncontrolling Interests": -10012000.0,
        "Net Income Continuous Operations": -10012000.0,
        "Tax Provision": 20000.0,
        "Pretax Income": -9992000.0,
        "Other Income Expense": NaN,
        "Other Non Operating Income Expenses": NaN,
        "Special Income Charges": NaN,
        "Restructuring And Mergern Acquisition": NaN,
        "Net Non Operating Interest Income Expense": 747000.0,
        "Total Other Finance Cost": -747000.0,
        "Interest Expense Non Operating": NaN,
        "Interest Income Non Operating": NaN,
        "Operating Income": -10739000.0,
        "Operating Expense": 34303000.0,
        "Research And Development": 1823000.0,
        "Selling General And Administration": 32480000.0,
        "Selling And Marketing Expense": 12515000.0,
        "General And Administrative Expense": 19965000.0,
        "Other Gand A": 19965000.0,
        "Gross Profit": 23564000.0,
        "Cost Of Revenue": 54929000.0,
        "Total Revenue": 78493000.0,
        "Operating Revenue": 78493000.0
    },
    "2022-03-31": {
        "Diluted EPS": -0.16,
        "Total Revenue": 69,
        "Gross Profit": 21,
        "Operating Income": -15,
        "EBIT": -14,
        "Net Income": -15
    },
    "2021-12-31": {
        "Diluted EPS": -0.07,
        "Total Revenue": 80,
        "Gross Profit": 24,
        "Operating Income": -9,
        "EBIT": -8,
        "Net Income": -2
    },
    "2021-09-30": {
        "Diluted EPS": -0.06,
        "Total Revenue": 83,
        "Gross Profit": 30,
        "Operating Income": -5,
        "EBIT": -4,
        "Net Income": -5
    },
    "2021-06-30": {
        "Diluted EPS": -0.17,
        "Total Revenue": 75,
        "Gross Profit": 27,
        "Operating Income": -20,
        "EBIT": -18,
        "Net Income": -12
    },
    "2021-03-31": {
        "Diluted EPS": -0.13,
        "Total Revenue": 81,
        "Gross Profit": 28,
        "Operating Income": -4,
        "EBIT": -3,
        "Net Income": -12
    },
    "2020-12-31": {
        "Diluted EPS": -0.37,
        "Total Revenue": 78,
        "Gross Profit": 26,
        "Operating Income": -12,
        "EBIT": -11,
        "Net Income": -13
    },
    "2020-09-30": {
        "Diluted EPS": -0.06,
        "Total Revenue": 78,
        "Gross Profit": 29,
        "Operating Income": -2,
        "EBIT": -1,
        "Net Income": -2
    },
    "2020-06-30": {
        "Diluted EPS": -0.01,
        "Total Revenue": 72,
        "Gross Profit": 26,
        "Operating Income": 0,
        "EBIT": 1,
        "Net Income": 0
    },
    "2020-03-31": {
        "Diluted EPS": 0.01,
        "Total Revenue": 72,
        "Gross Profit": 26,
        "Operating Income": 1,
        "EBIT": 2,
        "Net Income": 1
    },
    "2019-12-31": {
        "Diluted EPS": 0.0,
        "Total Revenue": NaN,
        "Gross Profit": NaN,
        "Operating Income": NaN,
        "EBIT": NaN,
        "Net Income": NaN
    },
    "2023-06-30": {
        "Tax Effect Of Unusual Items": -83370.0,
        "Tax Rate For Calcs": 0.21,
        "Normalized EBITDA": -12287000.0,
        "Total Unusual Items": -397000.0,
        "Total Unusual Items Excluding Goodwill": -397000.0,
        "Net Income From Continuing Operation Net Minority Interest": -13416000.0,
        "Reconciled Depreciation": 672000.0,
        "Reconciled Cost Of Revenue": 61646000.0,
        "EBITDA": -12684000.0,
        "EBIT": -13356000.0,
        "Net Interest Income": -40000.0,
        "Interest Expense": 40000.0,
        "Interest Income": NaN,
        "Normalized Income": -13102370.0,
        "Net Income From Continuing And Discontinued Operation": -13416000.0,
        "Total Expenses": 97534000.0,
        "Total Operating Income As Reported": -13387000.0,
        "Diluted Average Shares": 94103266.0,
        "Basic Average Shares": 94103266.0,
        "Diluted EPS": -0.14,
        "Basic EPS": -0.14,
        "Diluted NI Availto Com Stockholders": -13416000.0,
        "Net Income Common Stockholders": -13416000.0,
        "Net Income": -13416000.0,
        "Net Income Including Noncontrolling Interests": -13416000.0,
        "Net Income Continuous Operations": -13416000.0,
        "Tax Provision": 20000.0,
        "Pretax Income": -13396000.0,
        "Other Income Expense": -366000.0,
        "Other Non Operating Income Expenses": 31000.0,
        "Special Income Charges": -397000.0,
        "Restructuring And Mergern Acquisition": 397000.0,
        "Net Non Operating Interest Income Expense": -40000.0,
        "Total Other Finance Cost": NaN,
        "Interest Expense Non Operating": 40000.0,
        "Interest Income Non Operating": NaN,
        "Operating Income": -12990000.0,
        "Operating Expense": 35888000.0,
        "Research And Development": 1595000.0,
        "Selling General And Administration": 34293000.0,
        "Selling And Marketing Expense": 9261000.0,
        "General And Administrative Expense": 25032000.0,
        "Other Gand A": 25032000.0,
        "Gross Profit": 22898000.0,
        "Cost Of Revenue": 61646000.0,
        "Total Revenue": 84544000.0,
        "Operating Revenue": 84544000.0
    },
    "2023-09-30": {
        "Tax Effect Of Unusual Items": -74970.0,
        "Tax Rate For Calcs": 0.21,
        "Normalized EBITDA": -6998000.0,
        "Total Unusual Items": -357000.0,
        "Total Unusual Items Excluding Goodwill": -357000.0,
        "Net Income From Continuing Operation Net Minority Interest": -8098000.0,
        "Reconciled Depreciation": 681000.0,
        "Reconciled Cost Of Revenue": 58964000.0,
        "EBITDA": -7355000.0,
        "EBIT": -8036000.0,
        "Net Interest Income": -27000.0,
        "Interest Expense": 27000.0,
        "Interest Income": NaN,
        "Normalized Income": -7815970.0,
        "Net Income From Continuing And Discontinued Operation": -8098000.0,
        "Total Expenses": 93804000.0,
        "Total Operating Income As Reported": -7992000.0,
        "Diluted Average Shares": 95179604.0,
        "Basic Average Shares": 95179604.0,
        "Diluted EPS": -0.09,
        "Basic EPS": -0.09,
        "Diluted NI Availto Com Stockholders": -8098000.0,
        "Net Income Common Stockholders": -8098000.0,
        "Net Income": -8098000.0,
        "Net Income Including Noncontrolling Interests": -8098000.0,
        "Net Income Continuous Operations": -8098000.0,
        "Tax Provision": 35000.0,
        "Pretax Income": -8063000.0,
        "Other Income Expense": -401000.0,
        "Other Non Operating Income Expenses": -44000.0,
        "Special Income Charges": -357000.0,
        "Restructuring And Mergern Acquisition": 357000.0,
        "Net Non Operating Interest Income Expense": -27000.0,
        "Total Other Finance Cost": NaN,
        "Interest Expense Non Operating": 27000.0,
        "Interest Income Non Operating": NaN,
        "Operating Income": -7635000.0,
        "Operating Expense": 34840000.0,
        "Research And Development": 1584000.0,
        "Selling General And Administration": 33256000.0,
        "Selling And Marketing Expense": 9110000.0,
        "General And Administrative Expense": 24146000.0,
        "Other Gand A": 24146000.0,
        "Gross Profit": 27205000.0,
        "Cost Of Revenue": 58964000.0,
        "Total Revenue": 86169000.0,
        "Operating Revenue": 86169000.0
    },
    "2023-12-31": {
        "Tax Effect Of Unusual Items": 0.0,
        "Tax Rate For Calcs": 0.0,
        "Normalized EBITDA": 1979000.0,
        "Total Unusual Items": -101000.0,
        "Total Unusual Items Excluding Goodwill": -101000.0,
        "Net Income From Continuing Operation Net Minority Interest": 1143000.0,
        "Reconciled Depreciation": 719000.0,
        "Reconciled Cost Of Revenue": 60037000.0,
        "EBITDA": 1878000.0,
        "EBIT": 1159000.0,
        "Net Interest Income": -16000.0,
        "Interest Expense": 16000.0,
        "Interest Income": NaN,
        "Normalized Income": 1244000.0,
        "Net Income From Continuing And Discontinued Operation": 1143000.0,
        "Total Expenses": 89035000.0,
        "Total Operating Income As Reported": 1128000.0,
        "Diluted Average Shares": 98369753.0,
        "Basic Average Shares": 95642655.0,
        "Diluted EPS": 0.01,
        "Basic EPS": 0.01,
        "Diluted NI Availto Com Stockholders": 1143000.0,
        "Net Income Common Stockholders": 1143000.0,
        "Net Income": 1143000.0,
        "Net Income Including Noncontrolling Interests": 1143000.0,
        "Net Income Continuous Operations": 1143000.0,
        "Tax Provision": 0.0,
        "Pretax Income": 1143000.0,
        "Other Income Expense": -70000.0,
        "Other Non Operating Income Expenses": 31000.0,
        "Special Income Charges": -101000.0,
        "Restructuring And Mergern Acquisition": 101000.0,
        "Net Non Operating Interest Income Expense": -16000.0,
        "Total Other Finance Cost": NaN,
        "Interest Expense Non Operating": 16000.0,
        "Interest Income Non Operating": NaN,
        "Operating Income": 1229000.0,
        "Operating Expense": 28998000.0,
        "Research And Development": 1576000.0,
        "Selling General And Administration": 27422000.0,
        "Selling And Marketing Expense": 7835000.0,
        "General And Administrative Expense": 19587000.0,
        "Other Gand A": 19587000.0,
        "Gross Profit": 30227000.0,
        "Cost Of Revenue": 60037000.0,
        "Total Revenue": 90264000.0,
        "Operating Revenue": 90264000.0
    },
    "2024-03-31": {
        "Tax Effect Of Unusual Items": 0.0,
        "Tax Rate For Calcs": 0.21,
        "Normalized EBITDA": -598000.0,
        "Total Unusual Items": 0.0,
        "Total Unusual Items Excluding Goodwill": 0.0,
        "Net Income From Continuing Operation Net Minority Interest": -1403000.0,
        "Reconciled Depreciation": 717000.0,
        "Reconciled Cost Of Revenue": 54335000.0,
        "EBITDA": -598000.0,
        "EBIT": -1315000.0,
        "Net Interest Income": -25000.0,
        "Interest Expense": NaN,
        "Interest Income": NaN,
        "Normalized Income": -1403000.0,
        "Net Income From Continuing And Discontinued Operation": -1403000.0,
        "Total Expenses": 87532000.0,
        "Total Operating Income As Reported": -1315000.0,
        "Diluted Average Shares": 96273168.0,
        "Basic Average Shares": 96273168.0,
        "Diluted EPS": -0.01,
        "Basic EPS": -0.01,
        "Diluted NI Availto Com Stockholders": -1403000.0,
        "Net Income Common Stockholders": -1403000.0,
        "Net Income": -1403000.0,
        "Net Income Including Noncontrolling Interests": -1403000.0,
        "Net Income Continuous Operations": -1403000.0,
        "Tax Provision": 25000.0,
        "Pretax Income": -1378000.0,
        "Other Income Expense": -38000.0,
        "Other Non Operating Income Expenses": -38000.0,
        "Special Income Charges": 0.0,
        "Restructuring And Mergern Acquisition": 0.0,
        "Net Non Operating Interest Income Expense": -25000.0,
        "Total Other Finance Cost": 25000.0,
        "Interest Expense Non Operating": NaN,
        "Interest Income Non Operating": NaN,
        "Operating Income": -1315000.0,
        "Operating Expense": 33197000.0,
        "Research And Development": 1681000.0,
        "Selling General And Administration": 31516000.0,
        "Selling And Marketing Expense": 9096000.0,
        "General And Administrative Expense": 22420000.0,
        "Other Gand A": 22420000.0,
        "Gross Profit": 31882000.0,
        "Cost Of Revenue": 54335000.0,
        "Total Revenue": 86217000.0,
        "Operating Revenue": 86217000.0
    },
    "2024-06-30": {
        "Tax Effect Of Unusual Items": 0.0,
        "Tax Rate For Calcs": 0.21,
        "Normalized EBITDA": -3336000.0,
        "Total Unusual Items": 0.0,
        "Total Unusual Items Excluding Goodwill": 0.0,
        "Net Income From Continuing Operation Net Minority Interest": -4077000.0,
        "Reconciled Depreciation": 709000.0,
        "Reconciled Cost Of Revenue": 57437000.0,
        "EBITDA": -3336000.0,
        "EBIT": -4045000.0,
        "Net Interest Income": 6000.0,
        "Interest Expense": NaN,
        "Interest Income": 6000.0,
        "Normalized Income": -4077000.0,
        "Net Income From Continuing And Discontinued Operation": -4077000.0,
        "Total Expenses": 97094000.0,
        "Total Operating Income As Reported": -4045000.0,
        "Diluted Average Shares": 99078930.0,
        "Basic Average Shares": 99078930.0,
        "Diluted EPS": -0.04,
        "Basic EPS": -0.04,
        "Diluted NI Availto Com Stockholders": -4077000.0,
        "Net Income Common Stockholders": -4077000.0,
        "Net Income": -4077000.0,
        "Net Income Including Noncontrolling Interests": -4077000.0,
        "Net Income Continuous Operations": -4077000.0,
        "Tax Provision": 13000.0,
        "Pretax Income": -4064000.0,
        "Other Income Expense": -25000.0,
        "Other Non Operating Income Expenses": -25000.0,
        "Special Income Charges": 0.0,
        "Restructuring And Mergern Acquisition": 0.0,
        "Net Non Operating Interest Income Expense": 6000.0,
        "Total Other Finance Cost": NaN,
        "Interest Expense Non Operating": NaN,
        "Interest Income Non Operating": 6000.0,
        "Operating Income": -4045000.0,
        "Operating Expense": 39657000.0,
        "Research And Development": 1714000.0,
        "Selling General And Administration": 37943000.0,
        "Selling And Marketing Expense": 11512000.0,
        "General And Administrative Expense": 26431000.0,
        "Other Gand A": 26431000.0,
        "Gross Profit": 35612000.0,
        "Cost Of Revenue": 57437000.0,
        "Total Revenue": 93049000.0,
        "Operating Revenue": 93049000.0
    }
}