{
    "2023-06-30": {
        "Tax Effect Of Unusual Items": 0.0,
        "Tax Rate For Calcs": 0.299,
        "Total Unusual Items": 0.0,
        "Total Unusual Items Excluding Goodwill": 0.0,
        "Net Income From Continuing Operation Net Minority Interest": 3094000.0,
        "Reconciled Depreciation": 465000.0,
        "Net Interest Income": 13505000.0,
        "Interest Expense": 14954000.0,
        "Interest Income": 28459000.0,
        "Normalized Income": 3094000.0,
        "Net Income From Continuing And Discontinued Operation": 3094000.0,
        "Diluted Average Shares": 7407613.0,
        "Basic Average Shares": 7332090.0,
        "Diluted EPS": 0.42,
        "Basic EPS": 0.42,
        "Diluted NI Availto Com Stockholders": 2991000.0,
        "Net Income Common Stockholders": 2991000.0,
        "Otherunder Preferred Stock Dividend": 103000.0,
        "Net Income": 3094000.0,
        "Net Income Including Noncontrolling Interests": 3094000.0,
        "Net Income Continuous Operations": 3094000.0,
        "Tax Provision": 1319000.0,
        "Pretax Income": 4413000.0,
        "Special Income Charges": 0.0,
        "Restructuring And Mergern Acquisition": 0.0,
        "Gain On Sale Of Security": 0.0,
        "Selling General And Administration": 5962000.0,
        "Selling And Marketing Expense": 200000.0,
        "General And Administrative Expense": 5762000.0,
        "Insurance And Claims": 357000.0,
        "Salaries And Wages": 5405000.0,
        "Total Revenue": 15479000.0,
        "Operating Revenue": 15479000.0,
        "Occupancy And Equipment": 1587000.0,
        "Professional Expense And Contract Services Expense": 781000.0,
        "Other Non Interest Expense": 2236000.0
    },
    "2023-03-31": {
        "Tax Effect Of Unusual Items": NaN,
        "Tax Rate For Calcs": NaN,
        "Total Unusual Items": NaN,
        "Total Unusual Items Excluding Goodwill": NaN,
        "Net Income From Continuing Operation Net Minority Interest": NaN,
        "Reconciled Depreciation": NaN,
        "Net Interest Income": NaN,
        "Interest Expense": NaN,
        "Interest Income": NaN,
        "Normalized Income": NaN,
        "Net Income From Continuing And Discontinued Operation": NaN,
        "Diluted Average Shares": NaN,
        "Basic Average Shares": NaN,
        "Diluted EPS": NaN,
        "Basic EPS": NaN,
        "Diluted NI Availto Com Stockholders": NaN,
        "Net Income Common Stockholders": NaN,
        "Otherunder Preferred Stock Dividend": NaN,
        "Net Income": NaN,
        "Net Income Including Noncontrolling Interests": NaN,
        "Net Income Continuous Operations": NaN,
        "Tax Provision": NaN,
        "Pretax Income": NaN,
        "Special Income Charges": NaN,
        "Restructuring And Mergern Acquisition": NaN,
        "Gain On Sale Of Security": 0.0,
        "Selling General And Administration": NaN,
        "Selling And Marketing Expense": 183000.0,
        "General And Administrative Expense": NaN,
        "Insurance And Claims": NaN,
        "Salaries And Wages": NaN,
        "Total Revenue": NaN,
        "Operating Revenue": NaN,
        "Occupancy And Equipment": NaN,
        "Professional Expense And Contract Services Expense": NaN,
        "Other Non Interest Expense": NaN
    },
    "2022-12-31": {
        "Tax Effect Of Unusual Items": NaN,
        "Tax Rate For Calcs": NaN,
        "Total Unusual Items": NaN,
        "Total Unusual Items Excluding Goodwill": NaN,
        "Net Income From Continuing Operation Net Minority Interest": NaN,
        "Reconciled Depreciation": NaN,
        "Net Interest Income": NaN,
        "Interest Expense": NaN,
        "Interest Income": NaN,
        "Normalized Income": NaN,
        "Net Income From Continuing And Discontinued Operation": NaN,
        "Diluted Average Shares": NaN,
        "Basic Average Shares": NaN,
        "Diluted EPS": NaN,
        "Basic EPS": NaN,
        "Diluted NI Availto Com Stockholders": NaN,
        "Net Income Common Stockholders": NaN,
        "Otherunder Preferred Stock Dividend": NaN,
        "Net Income": NaN,
        "Net Income Including Noncontrolling Interests": NaN,
        "Net Income Continuous Operations": NaN,
        "Tax Provision": NaN,
        "Pretax Income": NaN,
        "Special Income Charges": NaN,
        "Restructuring And Mergern Acquisition": NaN,
        "Gain On Sale Of Security": NaN,
        "Selling General And Administration": NaN,
        "Selling And Marketing Expense": 150000.0,
        "General And Administrative Expense": NaN,
        "Insurance And Claims": NaN,
        "Salaries And Wages": NaN,
        "Total Revenue": NaN,
        "Operating Revenue": NaN,
        "Occupancy And Equipment": NaN,
        "Professional Expense And Contract Services Expense": NaN,
        "Other Non Interest Expense": NaN
    },
    "2022-09-30": {
        "Tax Effect Of Unusual Items": NaN,
        "Tax Rate For Calcs": NaN,
        "Total Unusual Items": 0.0,
        "Total Unusual Items Excluding Goodwill": 0.0,
        "Net Income From Continuing Operation Net Minority Interest": NaN,
        "Reconciled Depreciation": NaN,
        "Net Interest Income": NaN,
        "Interest Expense": NaN,
        "Interest Income": NaN,
        "Normalized Income": NaN,
        "Net Income From Continuing And Discontinued Operation": NaN,
        "Diluted Average Shares": NaN,
        "Basic Average Shares": NaN,
        "Diluted EPS": NaN,
        "Basic EPS": NaN,
        "Diluted NI Availto Com Stockholders": NaN,
        "Net Income Common Stockholders": NaN,
        "Otherunder Preferred Stock Dividend": NaN,
        "Net Income": NaN,
        "Net Income Including Noncontrolling Interests": NaN,
        "Net Income Continuous Operations": NaN,
        "Tax Provision": NaN,
        "Pretax Income": NaN,
        "Special Income Charges": 0.0,
        "Restructuring And Mergern Acquisition": 0.0,
        "Gain On Sale Of Security": 0.0,
        "Selling General And Administration": NaN,
        "Selling And Marketing Expense": 50000.0,
        "General And Administrative Expense": NaN,
        "Other Gand A": 496000.0,
        "Insurance And Claims": NaN,
        "Salaries And Wages": NaN,
        "Total Revenue": NaN,
        "Operating Revenue": NaN
    },
    "2022-06-30": {
        "Tax Effect Of Unusual Items": -57278.115062,
        "Tax Rate For Calcs": 0.229112,
        "Total Unusual Items": -250000.0,
        "Total Unusual Items Excluding Goodwill": -250000.0,
        "Net Income From Continuing Operation Net Minority Interest": 5333000.0,
        "Reconciled Depreciation": 444000.0,
        "Net Interest Income": 14820000.0,
        "Interest Expense": 1439000.0,
        "Interest Income": 16259000.0,
        "Normalized Income": 5525721.884938,
        "Net Income From Continuing And Discontinued Operation": 5333000.0,
        "Diluted Average Shares": 6371164.0,
        "Basic Average Shares": 6272102.0,
        "Diluted EPS": 0.8,
        "Basic EPS": 0.81,
        "Diluted NI Availto Com Stockholders": 5333000.0,
        "Net Income Common Stockholders": 5333000.0,
        "Otherunder Preferred Stock Dividend": NaN,
        "Net Income": 5333000.0,
        "Net Income Including Noncontrolling Interests": 5333000.0,
        "Net Income Continuous Operations": 5333000.0,
        "Tax Provision": 1585000.0,
        "Pretax Income": 6918000.0,
        "Special Income Charges": -250000.0,
        "Restructuring And Mergern Acquisition": 250000.0,
        "Gain On Sale Of Security": 0.0,
        "Selling General And Administration": 5329000.0,
        "Selling And Marketing Expense": 112000.0,
        "General And Administrative Expense": 5217000.0,
        "Other Gand A": 374000.0,
        "Insurance And Claims": NaN,
        "Salaries And Wages": 4843000.0,
        "Total Revenue": 16648000.0,
        "Operating Revenue": 16648000.0
    },
    "2022-03-31": {
        "Diluted EPS": 1.0,
        "Total Revenue": 19,
        "Gross Profit": 17,
        "Operating Income": 8,
        "EBIT": NaN,
        "Net Income": 6
    },
    "2021-12-31": {
        "Diluted EPS": 1.16,
        "Total Revenue": 19,
        "Gross Profit": 18,
        "Operating Income": 8,
        "EBIT": NaN,
        "Net Income": 6
    },
    "2021-09-30": {
        "Diluted EPS": 1.39,
        "Total Revenue": 19,
        "Gross Profit": 18,
        "Operating Income": 9,
        "EBIT": NaN,
        "Net Income": 7
    },
    "2021-06-30": {
        "Diluted EPS": 0.05,
        "Total Revenue": 13,
        "Gross Profit": 11,
        "Operating Income": 0,
        "EBIT": NaN,
        "Net Income": 0
    },
    "2021-03-31": {
        "Diluted EPS": 0.48,
        "Total Revenue": 10,
        "Gross Profit": 8,
        "Operating Income": 3,
        "EBIT": NaN,
        "Net Income": 2
    },
    "2020-12-31": {
        "Diluted EPS": 0.36,
        "Total Revenue": 10,
        "Gross Profit": 8,
        "Operating Income": 2,
        "EBIT": NaN,
        "Net Income": 2
    },
    "2020-09-30": {
        "Diluted EPS": 0.0,
        "Total Revenue": NaN,
        "Gross Profit": NaN,
        "Operating Income": NaN,
        "EBIT": NaN,
        "Net Income": NaN
    },
    "2020-06-30": {
        "Diluted EPS": 0.33,
        "Total Revenue": 10,
        "Gross Profit": 7,
        "Operating Income": 2,
        "EBIT": NaN,
        "Net Income": 1
    },
    "2023-09-30": {
        "Tax Effect Of Unusual Items": 0.0,
        "Tax Rate For Calcs": 0.248667,
        "Total Unusual Items": 0.0,
        "Total Unusual Items Excluding Goodwill": 0.0,
        "Net Income From Continuing Operation Net Minority Interest": 3523000.0,
        "Reconciled Depreciation": 2140000.0,
        "Net Interest Income": 11799000.0,
        "Interest Expense": 17153000.0,
        "Interest Income": 28952000.0,
        "Normalized Income": 3523000.0,
        "Net Income From Continuing And Discontinued Operation": 3523000.0,
        "Diluted Average Shares": 7407483.0,
        "Basic Average Shares": 7327345.0,
        "Diluted EPS": 0.48,
        "Basic EPS": 0.48,
        "Diluted NI Availto Com Stockholders": 3410000.0,
        "Net Income Common Stockholders": 3410000.0,
        "Otherunder Preferred Stock Dividend": 113000.0,
        "Net Income": 3523000.0,
        "Net Income Including Noncontrolling Interests": 3523000.0,
        "Net Income Continuous Operations": 3523000.0,
        "Tax Provision": 1166000.0,
        "Pretax Income": 4689000.0,
        "Special Income Charges": 0.0,
        "Restructuring And Mergern Acquisition": 0.0,
        "Gain On Sale Of Security": 0.0,
        "Selling General And Administration": 5204000.0,
        "Selling And Marketing Expense": NaN,
        "General And Administrative Expense": 5737000.0,
        "Insurance And Claims": 386000.0,
        "Salaries And Wages": 5351000.0,
        "Total Revenue": 15506000.0,
        "Operating Revenue": 15506000.0,
        "Occupancy And Equipment": 1758000.0,
        "Professional Expense And Contract Services Expense": 800000.0,
        "Other Non Interest Expense": 2555000.0
    },
    "2023-12-31": {
        "Tax Effect Of Unusual Items": 0.0,
        "Tax Rate For Calcs": 0.254,
        "Total Unusual Items": NaN,
        "Total Unusual Items Excluding Goodwill": NaN,
        "Net Income From Continuing Operation Net Minority Interest": 3763000.0,
        "Reconciled Depreciation": 982000.0,
        "Net Interest Income": 12659000.0,
        "Interest Expense": 18496000.0,
        "Interest Income": 31155000.0,
        "Normalized Income": 3763000.0,
        "Net Income From Continuing And Discontinued Operation": 3763000.0,
        "Diluted Average Shares": 7383529.0,
        "Basic Average Shares": 7324133.0,
        "Diluted EPS": 0.51,
        "Basic EPS": 0.51,
        "Diluted NI Availto Com Stockholders": 3645000.0,
        "Net Income Common Stockholders": 3645000.0,
        "Otherunder Preferred Stock Dividend": 118000.0,
        "Net Income": 3763000.0,
        "Net Income Including Noncontrolling Interests": 3763000.0,
        "Net Income Continuous Operations": 3763000.0,
        "Tax Provision": 1280000.0,
        "Pretax Income": 5043000.0,
        "Special Income Charges": NaN,
        "Restructuring And Mergern Acquisition": NaN,
        "Gain On Sale Of Security": NaN,
        "Selling General And Administration": 5617000.0,
        "Selling And Marketing Expense": NaN,
        "General And Administrative Expense": 5617000.0,
        "Insurance And Claims": 375000.0,
        "Salaries And Wages": 5242000.0,
        "Total Revenue": 15913000.0,
        "Operating Revenue": 15913000.0,
        "Occupancy And Equipment": 1746000.0,
        "Professional Expense And Contract Services Expense": 729000.0,
        "Other Non Interest Expense": 2578000.0
    },
    "2024-03-31": {
        "Tax Effect Of Unusual Items": 0.0,
        "Tax Rate For Calcs": 0.249,
        "Total Unusual Items": NaN,
        "Total Unusual Items Excluding Goodwill": NaN,
        "Net Income From Continuing Operation Net Minority Interest": 4061000.0,
        "Reconciled Depreciation": 980000.0,
        "Net Interest Income": 12935000.0,
        "Interest Expense": 19497000.0,
        "Interest Income": 32432000.0,
        "Normalized Income": 4061000.0,
        "Net Income From Continuing And Discontinued Operation": 4061000.0,
        "Diluted Average Shares": 7163159.0,
        "Basic Average Shares": 7118460.0,
        "Diluted EPS": 0.55,
        "Basic EPS": 0.55,
        "Diluted NI Availto Com Stockholders": 3924000.0,
        "Net Income Common Stockholders": 3924000.0,
        "Otherunder Preferred Stock Dividend": 137000.0,
        "Net Income": 4061000.0,
        "Net Income Including Noncontrolling Interests": 4061000.0,
        "Net Income Continuous Operations": 4061000.0,
        "Tax Provision": 1346000.0,
        "Pretax Income": 5407000.0,
        "Special Income Charges": NaN,
        "Restructuring And Mergern Acquisition": NaN,
        "Gain On Sale Of Security": NaN,
        "Selling General And Administration": 5880000.0,
        "Selling And Marketing Expense": NaN,
        "General And Administrative Expense": 5880000.0,
        "Insurance And Claims": 318000.0,
        "Salaries And Wages": 5562000.0,
        "Total Revenue": 16511000.0,
        "Operating Revenue": 16511000.0,
        "Occupancy And Equipment": 1770000.0,
        "Professional Expense And Contract Services Expense": 818000.0,
        "Other Non Interest Expense": 2336000.0
    },
    "2024-06-30": {
        "Tax Effect Of Unusual Items": 0.0,
        "Tax Rate For Calcs": 0.272,
        "Total Unusual Items": NaN,
        "Total Unusual Items Excluding Goodwill": NaN,
        "Net Income From Continuing Operation Net Minority Interest": 844000.0,
        "Reconciled Depreciation": 693000.0,
        "Net Interest Income": 13247000.0,
        "Interest Expense": 20173000.0,
        "Interest Income": 33420000.0,
        "Normalized Income": 844000.0,
        "Net Income From Continuing And Discontinued Operation": 844000.0,
        "Diluted Average Shares": 7204676.0,
        "Basic Average Shares": 7155382.0,
        "Diluted EPS": 0.11,
        "Basic EPS": 0.11,
        "Diluted NI Availto Com Stockholders": 823000.0,
        "Net Income Common Stockholders": 823000.0,
        "Otherunder Preferred Stock Dividend": 21000.0,
        "Net Income": 844000.0,
        "Net Income Including Noncontrolling Interests": 844000.0,
        "Net Income Continuous Operations": 844000.0,
        "Tax Provision": 315000.0,
        "Pretax Income": 1159000.0,
        "Special Income Charges": NaN,
        "Restructuring And Mergern Acquisition": NaN,
        "Gain On Sale Of Security": 4000.0,
        "Selling General And Administration": 6864000.0,
        "Selling And Marketing Expense": NaN,
        "General And Administrative Expense": 6864000.0,
        "Insurance And Claims": 365000.0,
        "Salaries And Wages": 6499000.0,
        "Total Revenue": 16869000.0,
        "Operating Revenue": 16869000.0,
        "Occupancy And Equipment": 1843000.0,
        "Professional Expense And Contract Services Expense": 717000.0,
        "Other Non Interest Expense": 2246000.0
    }
}