{
    "2023-04-30": {
        "Tax Effect Of Unusual Items": 0.0,
        "Tax Rate For Calcs": 0.217,
        "Normalized EBITDA": 4178000.0,
        "Net Income From Continuing Operation Net Minority Interest": 1450000.0,
        "Reconciled Depreciation": 2147000.0,
        "Reconciled Cost Of Revenue": 92645000.0,
        "EBITDA": 4178000.0,
        "EBIT": 2031000.0,
        "Net Interest Income": -179000.0,
        "Interest Expense": 179000.0,
        "Normalized Income": 1450000.0,
        "Net Income From Continuing And Discontinued Operation": 1450000.0,
        "Total Expenses": 119840000.0,
        "Total Operating Income As Reported": 1975000.0,
        "Diluted NI Availto Com Stockholders": 1402000.0,
        "Net Income Common Stockholders": 1402000.0,
        "Otherunder Preferred Stock Dividend": 48000.0,
        "Net Income": 1450000.0,
        "Net Income Including Noncontrolling Interests": 1450000.0,
        "Net Income Continuous Operations": 1450000.0,
        "Tax Provision": 402000.0,
        "Pretax Income": 1852000.0,
        "Other Income Expense": 56000.0,
        "Other Non Operating Income Expenses": 56000.0,
        "Net Non Operating Interest Income Expense": -179000.0,
        "Interest Expense Non Operating": 179000.0,
        "Operating Income": 1975000.0,
        "Operating Expense": 25931000.0,
        "Depreciation Amortization Depletion Income Statement": 883000.0,
        "Depreciation And Amortization In Income Statement": 883000.0,
        "Amortization": 883000.0,
        "Amortization Of Intangibles Income Statement": 883000.0,
        "Selling General And Administration": 25048000.0,
        "Gross Profit": 27906000.0,
        "Cost Of Revenue": 93909000.0,
        "Total Revenue": 121815000.0,
        "Operating Revenue": 121815000.0
    },
    "2023-01-31": {
        "Tax Effect Of Unusual Items": 0.0,
        "Tax Rate For Calcs": 0.244411,
        "Normalized EBITDA": -21437000.0,
        "Net Income From Continuing Operation Net Minority Interest": -17878000.0,
        "Reconciled Depreciation": 2251000.0,
        "Reconciled Cost Of Revenue": 129154000.0,
        "EBITDA": -21437000.0,
        "EBIT": -23688000.0,
        "Net Interest Income": 27000.0,
        "Interest Expense": -27000.0,
        "Normalized Income": -17878000.0,
        "Net Income From Continuing And Discontinued Operation": -17878000.0,
        "Total Expenses": 154965000.0,
        "Total Operating Income As Reported": -23679000.0,
        "Diluted NI Availto Com Stockholders": -17766000.0,
        "Net Income Common Stockholders": -17766000.0,
        "Otherunder Preferred Stock Dividend": -112000.0,
        "Net Income": -17878000.0,
        "Net Income Including Noncontrolling Interests": -17878000.0,
        "Net Income Continuous Operations": -17878000.0,
        "Tax Provision": -5783000.0,
        "Pretax Income": -23661000.0,
        "Other Income Expense": -22000.0,
        "Other Non Operating Income Expenses": -9000.0,
        "Net Non Operating Interest Income Expense": 27000.0,
        "Interest Expense Non Operating": -27000.0,
        "Operating Income": -23666000.0,
        "Operating Expense": 24438000.0,
        "Depreciation Amortization Depletion Income Statement": 878000.0,
        "Depreciation And Amortization In Income Statement": 878000.0,
        "Amortization": 878000.0,
        "Amortization Of Intangibles Income Statement": 878000.0,
        "Selling General And Administration": 23560000.0,
        "Gross Profit": 772000.0,
        "Cost Of Revenue": 130527000.0,
        "Total Revenue": 131299000.0,
        "Operating Revenue": 131299000.0
    },
    "2022-10-31": {
        "Tax Effect Of Unusual Items": 0.0,
        "Tax Rate For Calcs": 0.216,
        "Normalized EBITDA": 8778000.0,
        "Net Income From Continuing Operation Net Minority Interest": 4841000.0,
        "Reconciled Depreciation": 2169000.0,
        "Reconciled Cost Of Revenue": 118281000.0,
        "EBITDA": 8778000.0,
        "EBIT": 6609000.0,
        "Net Interest Income": -434000.0,
        "Interest Expense": 434000.0,
        "Normalized Income": 4841000.0,
        "Net Income From Continuing And Discontinued Operation": 4841000.0,
        "Total Expenses": 145162000.0,
        "Total Operating Income As Reported": 6418000.0,
        "Diluted NI Availto Com Stockholders": 4755000.0,
        "Net Income Common Stockholders": 4755000.0,
        "Otherunder Preferred Stock Dividend": 86000.0,
        "Net Income": 4841000.0,
        "Net Income Including Noncontrolling Interests": 4841000.0,
        "Net Income Continuous Operations": 4841000.0,
        "Tax Provision": 1334000.0,
        "Pretax Income": 6175000.0,
        "Other Income Expense": 191000.0,
        "Other Non Operating Income Expenses": 191000.0,
        "Net Non Operating Interest Income Expense": -434000.0,
        "Interest Expense Non Operating": 434000.0,
        "Operating Income": 6418000.0,
        "Operating Expense": 25590000.0,
        "Depreciation Amortization Depletion Income Statement": 878000.0,
        "Depreciation And Amortization In Income Statement": 878000.0,
        "Amortization": 878000.0,
        "Amortization Of Intangibles Income Statement": 878000.0,
        "Selling General And Administration": 24712000.0,
        "Gross Profit": 32008000.0,
        "Cost Of Revenue": 119572000.0,
        "Total Revenue": 151580000.0,
        "Operating Revenue": 151580000.0
    },
    "2022-07-31": {
        "Tax Effect Of Unusual Items": 0.0,
        "Tax Rate For Calcs": 0.22627,
        "Normalized EBITDA": 9369000.0,
        "Total Unusual Items": NaN,
        "Total Unusual Items Excluding Goodwill": NaN,
        "Net Income From Continuing Operation Net Minority Interest": 5543000.0,
        "Reconciled Depreciation": 2122000.0,
        "Reconciled Cost Of Revenue": 120609000.0,
        "EBITDA": 9369000.0,
        "EBIT": 7247000.0,
        "Net Interest Income": -83000.0,
        "Interest Expense": 83000.0,
        "Interest Income": NaN,
        "Normalized Income": 5543000.0,
        "Net Income From Continuing And Discontinued Operation": 5543000.0,
        "Total Expenses": 145617000.0,
        "Total Operating Income As Reported": 7291000.0,
        "Diluted Average Shares": 11935000.0,
        "Basic Average Shares": 11876000.0,
        "Diluted EPS": 0.46,
        "Basic EPS": 0.47,
        "Diluted NI Availto Com Stockholders": 5543000.0,
        "Net Income Common Stockholders": 5543000.0,
        "Otherunder Preferred Stock Dividend": 90000.0,
        "Net Income": 5543000.0,
        "Net Income Including Noncontrolling Interests": 5543000.0,
        "Net Income Continuous Operations": 5543000.0,
        "Tax Provision": 1621000.0,
        "Pretax Income": 7164000.0,
        "Other Income Expense": -44000.0,
        "Other Non Operating Income Expenses": -44000.0,
        "Special Income Charges": NaN,
        "Impairment Of Capital Assets": NaN,
        "Net Non Operating Interest Income Expense": -83000.0,
        "Interest Expense Non Operating": 83000.0,
        "Interest Income Non Operating": NaN,
        "Operating Income": 7291000.0,
        "Operating Expense": 23764000.0,
        "Depreciation Amortization Depletion Income Statement": 878000.0,
        "Depreciation And Amortization In Income Statement": 878000.0,
        "Amortization": 878000.0,
        "Amortization Of Intangibles Income Statement": 878000.0,
        "Selling General And Administration": 22886000.0,
        "Gross Profit": 31055000.0,
        "Cost Of Revenue": 121853000.0,
        "Total Revenue": 152908000.0,
        "Operating Revenue": 152908000.0
    },
    "2022-04-30": {
        "Diluted EPS": 0.26,
        "Total Revenue": 147,
        "Gross Profit": 29,
        "Operating Income": 4,
        "EBIT": 6,
        "Net Income": 3
    },
    "2022-01-31": {
        "Diluted EPS": -0.33,
        "Total Revenue": 135,
        "Gross Profit": 16,
        "Operating Income": -5,
        "EBIT": -3,
        "Net Income": -4
    },
    "2021-10-31": {
        "Diluted EPS": -0.1,
        "Total Revenue": 133,
        "Gross Profit": 20,
        "Operating Income": -2,
        "EBIT": 0,
        "Net Income": -1
    },
    "2021-07-31": {
        "Diluted EPS": 0.62,
        "Total Revenue": 163,
        "Gross Profit": 32,
        "Operating Income": 10,
        "EBIT": 12,
        "Net Income": 7
    },
    "2021-04-30": {
        "Diluted EPS": 0.78,
        "Total Revenue": 163,
        "Gross Profit": 34,
        "Operating Income": 12,
        "EBIT": 14,
        "Net Income": 9
    },
    "2021-01-31": {
        "Diluted EPS": 0.75,
        "Total Revenue": 155,
        "Gross Profit": 34,
        "Operating Income": 11,
        "EBIT": 12,
        "Net Income": 9
    },
    "2020-10-31": {
        "Diluted EPS": 0.84,
        "Total Revenue": 150,
        "Gross Profit": 33,
        "Operating Income": 13,
        "EBIT": 15,
        "Net Income": 10
    },
    "2020-07-31": {
        "Diluted EPS": 0.48,
        "Total Revenue": 131,
        "Gross Profit": 27,
        "Operating Income": 8,
        "EBIT": 9,
        "Net Income": 6
    },
    "2020-04-30": {
        "Diluted EPS": -2.95,
        "Total Revenue": 105,
        "Gross Profit": 19,
        "Operating Income": -45,
        "EBIT": 1,
        "Net Income": -35
    },
    "2020-01-31": {
        "Diluted EPS": 0.59,
        "Total Revenue": 165,
        "Gross Profit": 31,
        "Operating Income": 9,
        "EBIT": 11,
        "Net Income": 7
    },
    "2019-10-31": {
        "Diluted EPS": 0.33,
        "Total Revenue": 158,
        "Gross Profit": 28,
        "Operating Income": 5,
        "EBIT": 7,
        "Net Income": 4
    },
    "2019-07-31": {
        "Diluted EPS": 0.35,
        "Total Revenue": 152,
        "Gross Profit": 29,
        "Operating Income": 6,
        "EBIT": 8,
        "Net Income": 4
    },
    "2019-04-30": {
        "Diluted EPS": 0.17,
        "Total Revenue": 136,
        "Gross Profit": 26,
        "Operating Income": 3,
        "EBIT": 5,
        "Net Income": 2
    },
    "2019-01-31": {
        "Diluted EPS": 1.24,
        "Total Revenue": 200,
        "Gross Profit": 44,
        "Operating Income": 19,
        "EBIT": 21,
        "Net Income": 15
    },
    "2018-10-31": {
        "Diluted EPS": 0.79,
        "Total Revenue": 171,
        "Gross Profit": 36,
        "Operating Income": 12,
        "EBIT": 14,
        "Net Income": 9
    },
    "2018-07-31": {
        "Diluted EPS": 0.74,
        "Total Revenue": 169,
        "Gross Profit": 36,
        "Operating Income": 12,
        "EBIT": 14,
        "Net Income": 9
    },
    "2018-04-30": {
        "Diluted EPS": 0.61,
        "Total Revenue": 143,
        "Gross Profit": 32,
        "Operating Income": 9,
        "EBIT": 11,
        "Net Income": 7
    },
    "2018-01-31": {
        "Diluted EPS": 0.73,
        "Total Revenue": 176,
        "Gross Profit": 39,
        "Operating Income": 15,
        "EBIT": 17,
        "Net Income": 8
    },
    "2017-10-31": {
        "Diluted EPS": 0.61,
        "Total Revenue": 158,
        "Gross Profit": 34,
        "Operating Income": 11,
        "EBIT": 13,
        "Net Income": 7
    },
    "2017-07-31": {
        "Diluted EPS": 0.67,
        "Total Revenue": 156,
        "Gross Profit": 33,
        "Operating Income": 12,
        "EBIT": 13,
        "Net Income": 8
    },
    "2017-04-30": {
        "Diluted EPS": 0.41,
        "Total Revenue": 131,
        "Gross Profit": 28,
        "Operating Income": 7,
        "EBIT": 9,
        "Net Income": 5
    },
    "2017-01-31": {
        "Diluted EPS": 0.94,
        "Total Revenue": 174,
        "Gross Profit": 40,
        "Operating Income": 18,
        "EBIT": 19,
        "Net Income": 11
    },
    "2016-10-31": {
        "Diluted EPS": 0.56,
        "Total Revenue": 145,
        "Gross Profit": 31,
        "Operating Income": 10,
        "EBIT": 12,
        "Net Income": 6
    },
    "2016-07-31": {
        "Diluted EPS": 0.46,
        "Total Revenue": 136,
        "Gross Profit": 28,
        "Operating Income": 8,
        "EBIT": 10,
        "Net Income": 5
    },
    "2016-04-30": {
        "Diluted EPS": 0.22,
        "Total Revenue": 122,
        "Gross Profit": 27,
        "Operating Income": 4,
        "EBIT": 7,
        "Net Income": 2
    },
    "2016-01-31": {
        "Diluted EPS": 0.38,
        "Total Revenue": 61,
        "Gross Profit": 18,
        "Operating Income": 7,
        "EBIT": 7,
        "Net Income": 4
    },
    "2015-10-31": {
        "Diluted EPS": 0.43,
        "Total Revenue": 65,
        "Gross Profit": 18,
        "Operating Income": 7,
        "EBIT": 7,
        "Net Income": 5
    },
    "2015-07-31": {
        "Diluted EPS": 0.36,
        "Total Revenue": 60,
        "Gross Profit": 16,
        "Operating Income": 6,
        "EBIT": 7,
        "Net Income": 4
    },
    "2015-04-30": {
        "Diluted EPS": 0.32,
        "Total Revenue": 61,
        "Gross Profit": 16,
        "Operating Income": 5,
        "EBIT": 6,
        "Net Income": 3
    },
    "2015-01-31": {
        "Diluted EPS": 0.39,
        "Total Revenue": 65,
        "Gross Profit": 18,
        "Operating Income": 7,
        "EBIT": 7,
        "Net Income": 4
    },
    "2014-10-31": {
        "Diluted EPS": 0.3,
        "Total Revenue": 63,
        "Gross Profit": 16,
        "Operating Income": 5,
        "EBIT": 6,
        "Net Income": 3
    },
    "2014-07-31": {
        "Diluted EPS": 0.21,
        "Total Revenue": 55,
        "Gross Profit": 14,
        "Operating Income": 3,
        "EBIT": 4,
        "Net Income": 2
    },
    "2014-04-30": {
        "Diluted EPS": 0.26,
        "Total Revenue": 61,
        "Gross Profit": 16,
        "Operating Income": 4,
        "EBIT": 5,
        "Net Income": 3
    },
    "2014-01-31": {
        "Diluted EPS": 0.18,
        "Total Revenue": 58,
        "Gross Profit": 14,
        "Operating Income": 3,
        "EBIT": 4,
        "Net Income": 2
    },
    "2013-10-31": {
        "Diluted EPS": 0.2,
        "Total Revenue": 59,
        "Gross Profit": 14,
        "Operating Income": 3,
        "EBIT": 4,
        "Net Income": 2
    },
    "2013-07-31": {
        "Diluted EPS": 0.16,
        "Total Revenue": 55,
        "Gross Profit": 13,
        "Operating Income": 3,
        "EBIT": 3,
        "Net Income": 2
    },
    "2013-04-30": {
        "Diluted EPS": 0.2,
        "Total Revenue": 56,
        "Gross Profit": 14,
        "Operating Income": 3,
        "EBIT": 4,
        "Net Income": 2
    },
    "2013-01-31": {
        "Diluted EPS": 0.34,
        "Total Revenue": 60,
        "Gross Profit": 17,
        "Operating Income": 5,
        "EBIT": 6,
        "Net Income": 4
    },
    "2012-10-31": {
        "Diluted EPS": 0.23,
        "Total Revenue": 57,
        "Gross Profit": 14,
        "Operating Income": 4,
        "EBIT": 5,
        "Net Income": 2
    },
    "2012-07-31": {
        "Diluted EPS": 0.14,
        "Total Revenue": 50,
        "Gross Profit": 11,
        "Operating Income": 2,
        "EBIT": 3,
        "Net Income": 1
    },
    "2012-04-30": {
        "Diluted EPS": 0.09,
        "Total Revenue": 52,
        "Gross Profit": 11,
        "Operating Income": 2,
        "EBIT": 2,
        "Net Income": 1
    },
    "2012-01-31": {
        "Diluted EPS": 0.06,
        "Total Revenue": 54,
        "Gross Profit": 13,
        "Operating Income": 1,
        "EBIT": 1,
        "Net Income": 1
    },
    "2011-10-31": {
        "Diluted EPS": 0.21,
        "Total Revenue": 54,
        "Gross Profit": 13,
        "Operating Income": 3,
        "EBIT": 3,
        "Net Income": 2
    },
    "2011-07-31": {
        "Diluted EPS": 0.15,
        "Total Revenue": 56,
        "Gross Profit": 12,
        "Operating Income": 2,
        "EBIT": 3,
        "Net Income": 2
    },
    "2011-04-30": {
        "Diluted EPS": 0.05,
        "Total Revenue": 58,
        "Gross Profit": 11,
        "Operating Income": 1,
        "EBIT": 1,
        "Net Income": 1
    },
    "2011-01-31": {
        "Diluted EPS": -0.02,
        "Total Revenue": 55,
        "Gross Profit": 11,
        "Operating Income": -1,
        "EBIT": 0,
        "Net Income": 0
    },
    "2010-10-31": {
        "Diluted EPS": 0.11,
        "Total Revenue": 56,
        "Gross Profit": 12,
        "Operating Income": 2,
        "EBIT": 2,
        "Net Income": 1
    },
    "2010-07-31": {
        "Diluted EPS": 0.11,
        "Total Revenue": 53,
        "Gross Profit": 12,
        "Operating Income": 2,
        "EBIT": 2,
        "Net Income": 1
    },
    "2010-04-30": {
        "Diluted EPS": 0.1,
        "Total Revenue": 51,
        "Gross Profit": 12,
        "Operating Income": 2,
        "EBIT": 2,
        "Net Income": 1
    },
    "2010-01-31": {
        "Diluted EPS": 0.27,
        "Total Revenue": 53,
        "Gross Profit": 15,
        "Operating Income": 5,
        "EBIT": 5,
        "Net Income": 3
    },
    "2009-10-31": {
        "Diluted EPS": 0.09,
        "Total Revenue": 53,
        "Gross Profit": 13,
        "Operating Income": 2,
        "EBIT": 3,
        "Net Income": 1
    },
    "2009-07-31": {
        "Diluted EPS": -0.04,
        "Total Revenue": 46,
        "Gross Profit": 10,
        "Operating Income": 0,
        "EBIT": 0,
        "Net Income": 0
    },
    "2009-04-30": {
        "Diluted EPS": -0.04,
        "Total Revenue": 52,
        "Gross Profit": 11,
        "Operating Income": -1,
        "EBIT": 0,
        "Net Income": 0
    },
    "2009-01-31": {
        "Diluted EPS": -0.06,
        "Total Revenue": 57,
        "Gross Profit": 14,
        "Operating Income": -1,
        "EBIT": -1,
        "Net Income": -1
    },
    "2023-07-31": {
        "Tax Effect Of Unusual Items": 0.0,
        "Tax Rate For Calcs": 0.196,
        "Normalized EBITDA": 3855000.0,
        "Net Income From Continuing Operation Net Minority Interest": 785000.0,
        "Reconciled Depreciation": 2225000.0,
        "Reconciled Cost Of Revenue": 73164000.0,
        "EBITDA": 3855000.0,
        "EBIT": 1630000.0,
        "Net Interest Income": -654000.0,
        "Interest Expense": 654000.0,
        "Normalized Income": 785000.0,
        "Net Income From Continuing And Discontinued Operation": 785000.0,
        "Total Expenses": 96533000.0,
        "Total Operating Income As Reported": 1273000.0,
        "Diluted NI Availto Com Stockholders": 732000.0,
        "Net Income Common Stockholders": 732000.0,
        "Otherunder Preferred Stock Dividend": 53000.0,
        "Net Income": 785000.0,
        "Net Income Including Noncontrolling Interests": 785000.0,
        "Net Income Continuous Operations": 785000.0,
        "Tax Provision": 191000.0,
        "Pretax Income": 976000.0,
        "Other Income Expense": 357000.0,
        "Other Non Operating Income Expenses": 357000.0,
        "Net Non Operating Interest Income Expense": -654000.0,
        "Interest Expense Non Operating": 654000.0,
        "Operating Income": 1273000.0,
        "Operating Expense": 22068000.0,
        "Depreciation Amortization Depletion Income Statement": 924000.0,
        "Depreciation And Amortization In Income Statement": 924000.0,
        "Amortization": 924000.0,
        "Amortization Of Intangibles Income Statement": 924000.0,
        "Selling General And Administration": 21144000.0,
        "Gross Profit": 23341000.0,
        "Cost Of Revenue": 74465000.0,
        "Total Revenue": 97806000.0,
        "Operating Revenue": 97806000.0
    },
    "2023-10-31": {
        "Tax Effect Of Unusual Items": 0.0,
        "Tax Rate For Calcs": 0.224,
        "Normalized EBITDA": 11683000.0,
        "Net Income From Continuing Operation Net Minority Interest": 7038000.0,
        "Reconciled Depreciation": 2254000.0,
        "Reconciled Cost Of Revenue": 81791000.0,
        "EBITDA": 11683000.0,
        "EBIT": 9429000.0,
        "Net Interest Income": -364000.0,
        "Interest Expense": 364000.0,
        "Normalized Income": 7038000.0,
        "Net Income From Continuing And Discontinued Operation": 7038000.0,
        "Total Expenses": 108061000.0,
        "Total Operating Income As Reported": 8770000.0,
        "Diluted NI Availto Com Stockholders": 6878000.0,
        "Net Income Common Stockholders": 6878000.0,
        "Otherunder Preferred Stock Dividend": 160000.0,
        "Net Income": 7038000.0,
        "Net Income Including Noncontrolling Interests": 7038000.0,
        "Net Income Continuous Operations": 7038000.0,
        "Tax Provision": 2027000.0,
        "Pretax Income": 9065000.0,
        "Other Income Expense": 659000.0,
        "Other Non Operating Income Expenses": 659000.0,
        "Net Non Operating Interest Income Expense": -364000.0,
        "Interest Expense Non Operating": 364000.0,
        "Operating Income": 8770000.0,
        "Operating Expense": 24940000.0,
        "Depreciation Amortization Depletion Income Statement": 924000.0,
        "Depreciation And Amortization In Income Statement": 924000.0,
        "Amortization": 924000.0,
        "Amortization Of Intangibles Income Statement": 924000.0,
        "Selling General And Administration": 24016000.0,
        "Gross Profit": 33710000.0,
        "Cost Of Revenue": 83121000.0,
        "Total Revenue": 116831000.0,
        "Operating Revenue": 116831000.0
    }
}