{
    "2023-03-31": {
        "Tax Effect Of Unusual Items": -268704.0,
        "Tax Rate For Calcs": 0.216,
        "Normalized EBITDA": 18875000.0,
        "Total Unusual Items": -1244000.0,
        "Total Unusual Items Excluding Goodwill": -1244000.0,
        "Net Income From Continuing Operation Net Minority Interest": 11568000.0,
        "Reconciled Depreciation": 2596000.0,
        "Reconciled Cost Of Revenue": 122641000.0,
        "EBIT": 15035000.0,
        "Net Interest Income": 2689000.0,
        "Interest Expense": 252000.0,
        "Interest Income": 2941000.0,
        "Normalized Income": 12543296.0,
        "Net Income From Continuing And Discontinued Operation": 11568000.0,
        "Total Expenses": 156614000.0,
        "Total Operating Income As Reported": 11022000.0,
        "Diluted Average Shares": 62127557.0,
        "Basic Average Shares": 61595286.0,
        "Diluted EPS": 0.19,
        "Basic EPS": 0.19,
        "Diluted NI Availto Com Stockholders": 11568000.0,
        "Net Income Common Stockholders": 11568000.0,
        "Net Income": 11568000.0,
        "Minority Interests": -27000.0,
        "Net Income Including Noncontrolling Interests": 11595000.0,
        "Net Income Continuous Operations": 11595000.0,
        "Tax Provision": 3188000.0,
        "Pretax Income": 14783000.0,
        "Other Income Expense": 1072000.0,
        "Other Non Operating Income Expenses": 1626000.0,
        "Special Income Charges": 0.0,
        "Gain On Sale Of Business": 0.0,
        "Write Off": NaN,
        "Earnings From Equity Interest": 690000.0,
        "Gain On Sale Of Security": -1244000.0,
        "Net Non Operating Interest Income Expense": 2689000.0,
        "Interest Expense Non Operating": 252000.0,
        "Interest Income Non Operating": 2941000.0,
        "Operating Income": 11022000.0,
        "Operating Expense": 33973000.0,
        "Other Taxes": -8187000.0,
        "Research And Development": 15662000.0,
        "Selling General And Administration": 26498000.0,
        "Selling And Marketing Expense": 14577000.0,
        "General And Administrative Expense": 11921000.0,
        "Other Gand A": 11921000.0,
        "Gross Profit": 44995000.0,
        "Cost Of Revenue": 122641000.0,
        "Total Revenue": 167636000.0,
        "Operating Revenue": 167636000.0
    },
    "2022-12-31": {
        "Tax Effect Of Unusual Items": 18970.0,
        "Tax Rate For Calcs": 0.07,
        "Normalized EBITDA": 54454000.0,
        "Total Unusual Items": 271000.0,
        "Total Unusual Items Excluding Goodwill": 271000.0,
        "Net Income From Continuing Operation Net Minority Interest": 48243000.0,
        "Reconciled Depreciation": 2566000.0,
        "Reconciled Cost Of Revenue": 147892000.0,
        "EBIT": 52159000.0,
        "Net Interest Income": 2693000.0,
        "Interest Expense": 225000.0,
        "Interest Income": 2918000.0,
        "Normalized Income": 47990970.0,
        "Net Income From Continuing And Discontinued Operation": 48243000.0,
        "Total Expenses": 196885000.0,
        "Total Operating Income As Reported": 47846000.0,
        "Diluted Average Shares": 62007655.0,
        "Basic Average Shares": 61440191.0,
        "Diluted EPS": 0.78,
        "Basic EPS": 0.79,
        "Diluted NI Availto Com Stockholders": 48243000.0,
        "Net Income Common Stockholders": 48243000.0,
        "Net Income": 48243000.0,
        "Minority Interests": -65000.0,
        "Net Income Including Noncontrolling Interests": 48308000.0,
        "Net Income Continuous Operations": 48308000.0,
        "Tax Provision": 3626000.0,
        "Pretax Income": 51934000.0,
        "Other Income Expense": 1395000.0,
        "Other Non Operating Income Expenses": 56000.0,
        "Special Income Charges": 0.0,
        "Gain On Sale Of Business": 0.0,
        "Write Off": NaN,
        "Earnings From Equity Interest": 1068000.0,
        "Gain On Sale Of Security": 271000.0,
        "Net Non Operating Interest Income Expense": 2693000.0,
        "Interest Expense Non Operating": 225000.0,
        "Interest Income Non Operating": 2918000.0,
        "Operating Income": 47846000.0,
        "Operating Expense": 48993000.0,
        "Other Taxes": -7204000.0,
        "Research And Development": 20431000.0,
        "Selling General And Administration": 35766000.0,
        "Selling And Marketing Expense": 16025000.0,
        "General And Administrative Expense": 19741000.0,
        "Other Gand A": 19741000.0,
        "Gross Profit": 96839000.0,
        "Cost Of Revenue": 147892000.0,
        "Total Revenue": 244731000.0,
        "Operating Revenue": 244731000.0
    },
    "2022-09-30": {
        "Tax Effect Of Unusual Items": 627793.531061,
        "Tax Rate For Calcs": 0.153232,
        "Normalized EBITDA": 24168000.0,
        "Total Unusual Items": 4097000.0,
        "Total Unusual Items Excluding Goodwill": 4097000.0,
        "Net Income From Continuing Operation Net Minority Interest": 21397000.0,
        "Reconciled Depreciation": 2801000.0,
        "Reconciled Cost Of Revenue": 117194000.0,
        "EBIT": 25464000.0,
        "Net Interest Income": 3018000.0,
        "Interest Expense": 143000.0,
        "Interest Income": 3161000.0,
        "Normalized Income": 17927793.531061,
        "Net Income From Continuing And Discontinued Operation": 21397000.0,
        "Total Expenses": 153498000.0,
        "Total Operating Income As Reported": 16543000.0,
        "Diluted Average Shares": 61940240.0,
        "Basic Average Shares": 61317302.0,
        "Diluted EPS": 0.35,
        "Basic EPS": 0.35,
        "Diluted NI Availto Com Stockholders": 21397000.0,
        "Net Income Common Stockholders": 21397000.0,
        "Net Income": 21397000.0,
        "Minority Interests": -44000.0,
        "Net Income Including Noncontrolling Interests": 21441000.0,
        "Net Income Continuous Operations": 21441000.0,
        "Tax Provision": 3880000.0,
        "Pretax Income": 25321000.0,
        "Other Income Expense": 5760000.0,
        "Other Non Operating Income Expenses": 1066000.0,
        "Special Income Charges": NaN,
        "Gain On Sale Of Business": NaN,
        "Write Off": NaN,
        "Earnings From Equity Interest": 597000.0,
        "Gain On Sale Of Security": 4097000.0,
        "Net Non Operating Interest Income Expense": 3018000.0,
        "Interest Expense Non Operating": 143000.0,
        "Interest Income Non Operating": 3161000.0,
        "Operating Income": 16543000.0,
        "Operating Expense": 36304000.0,
        "Other Taxes": -6801000.0,
        "Research And Development": 17359000.0,
        "Selling General And Administration": 25746000.0,
        "Selling And Marketing Expense": 13013000.0,
        "General And Administrative Expense": 12733000.0,
        "Other Gand A": 12733000.0,
        "Gross Profit": 52847000.0,
        "Cost Of Revenue": 117194000.0,
        "Total Revenue": 170041000.0,
        "Operating Revenue": 170041000.0
    },
    "2022-06-30": {
        "Tax Effect Of Unusual Items": 467915.0,
        "Tax Rate For Calcs": 0.145,
        "Normalized EBITDA": 26968000.0,
        "Total Unusual Items": 3227000.0,
        "Total Unusual Items Excluding Goodwill": 3227000.0,
        "Net Income From Continuing Operation Net Minority Interest": 23022000.0,
        "Reconciled Depreciation": 2949000.0,
        "Reconciled Cost Of Revenue": 120780000.0,
        "EBIT": 27246000.0,
        "Net Interest Income": 3222000.0,
        "Interest Expense": 141000.0,
        "Interest Income": 3363000.0,
        "Normalized Income": 20262915.0,
        "Net Income From Continuing And Discontinued Operation": 23022000.0,
        "Total Expenses": 162995000.0,
        "Total Operating Income As Reported": 19120000.0,
        "Diluted Average Shares": 61788905.0,
        "Basic Average Shares": 61195317.0,
        "Diluted EPS": 0.37,
        "Basic EPS": 0.38,
        "Diluted NI Availto Com Stockholders": 23022000.0,
        "Net Income Common Stockholders": 23022000.0,
        "Net Income": 23022000.0,
        "Minority Interests": -155000.0,
        "Net Income Including Noncontrolling Interests": 23177000.0,
        "Net Income Continuous Operations": 23177000.0,
        "Tax Provision": 3928000.0,
        "Pretax Income": 27105000.0,
        "Other Income Expense": 4763000.0,
        "Other Non Operating Income Expenses": 256000.0,
        "Special Income Charges": -773000.0,
        "Gain On Sale Of Business": 0.0,
        "Write Off": 773000.0,
        "Earnings From Equity Interest": 1280000.0,
        "Gain On Sale Of Security": 4000000.0,
        "Net Non Operating Interest Income Expense": 3222000.0,
        "Interest Expense Non Operating": 141000.0,
        "Interest Income Non Operating": 3363000.0,
        "Operating Income": 19120000.0,
        "Operating Expense": 42215000.0,
        "Other Taxes": -8600000.0,
        "Research And Development": 16629000.0,
        "Selling General And Administration": 34186000.0,
        "Selling And Marketing Expense": 10863000.0,
        "General And Administrative Expense": 23323000.0,
        "Other Gand A": 23323000.0,
        "Gross Profit": 61335000.0,
        "Cost Of Revenue": 120780000.0,
        "Total Revenue": 182115000.0,
        "Operating Revenue": 182115000.0
    },
    "2022-03-31": {
        "Diluted EPS": 0.26,
        "Total Revenue": 156,
        "Gross Profit": 48,
        "Operating Income": 17,
        "EBIT": 14,
        "Net Income": 16
    },
    "2021-12-31": {
        "Diluted EPS": 0.49,
        "Total Revenue": 216,
        "Gross Profit": 78,
        "Operating Income": 24,
        "EBIT": 24,
        "Net Income": 30
    },
    "2021-09-30": {
        "Diluted EPS": 0.23,
        "Total Revenue": 153,
        "Gross Profit": 52,
        "Operating Income": 15,
        "EBIT": 15,
        "Net Income": 14
    },
    "2021-06-30": {
        "Diluted EPS": 0.35,
        "Total Revenue": 159,
        "Gross Profit": 60,
        "Operating Income": 16,
        "EBIT": 17,
        "Net Income": 22
    },
    "2021-03-31": {
        "Diluted EPS": 0.26,
        "Total Revenue": 110,
        "Gross Profit": 41,
        "Operating Income": 17,
        "EBIT": 21,
        "Net Income": 16
    },
    "2020-12-31": {
        "Diluted EPS": 0.51,
        "Total Revenue": 195,
        "Gross Profit": 74,
        "Operating Income": 33,
        "EBIT": 36,
        "Net Income": 31
    },
    "2020-09-30": {
        "Diluted EPS": 0.34,
        "Total Revenue": 129,
        "Gross Profit": 44,
        "Operating Income": 21,
        "EBIT": 23,
        "Net Income": 21
    },
    "2020-06-30": {
        "Diluted EPS": 0.03,
        "Total Revenue": 129,
        "Gross Profit": 58,
        "Operating Income": 2,
        "EBIT": 39,
        "Net Income": 2
    },
    "2020-03-31": {
        "Diluted EPS": 0.23,
        "Total Revenue": 81,
        "Gross Profit": 25,
        "Operating Income": 11,
        "EBIT": 14,
        "Net Income": 14
    },
    "2019-12-31": {
        "Diluted EPS": 0.56,
        "Total Revenue": 170,
        "Gross Profit": 62,
        "Operating Income": 33,
        "EBIT": 36,
        "Net Income": 34
    },
    "2019-09-30": {
        "Diluted EPS": 0.49,
        "Total Revenue": 123,
        "Gross Profit": 46,
        "Operating Income": 23,
        "EBIT": 26,
        "Net Income": 30
    },
    "2019-06-30": {
        "Diluted EPS": 0.41,
        "Total Revenue": 157,
        "Gross Profit": 53,
        "Operating Income": 22,
        "EBIT": 40,
        "Net Income": 25
    },
    "2019-03-31": {
        "Diluted EPS": 0.46,
        "Total Revenue": 125,
        "Gross Profit": 49,
        "Operating Income": 30,
        "EBIT": 28,
        "Net Income": 28
    },
    "2018-12-31": {
        "Diluted EPS": 0.72,
        "Total Revenue": 149,
        "Gross Profit": 57,
        "Operating Income": 42,
        "EBIT": 44,
        "Net Income": 44
    },
    "2018-09-30": {
        "Diluted EPS": 0.46,
        "Total Revenue": 139,
        "Gross Profit": 51,
        "Operating Income": 30,
        "EBIT": 32,
        "Net Income": 28
    },
    "2018-06-30": {
        "Diluted EPS": 0.44,
        "Total Revenue": 147,
        "Gross Profit": 58,
        "Operating Income": 32,
        "EBIT": 39,
        "Net Income": 28
    },
    "2018-03-31": {
        "Diluted EPS": 0.36,
        "Total Revenue": 121,
        "Gross Profit": 44,
        "Operating Income": 25,
        "EBIT": 22,
        "Net Income": 22
    },
    "2017-12-31": {
        "Diluted EPS": 0.6,
        "Total Revenue": 157,
        "Gross Profit": 62,
        "Operating Income": 41,
        "EBIT": 43,
        "Net Income": 36
    },
    "2017-09-30": {
        "Diluted EPS": 0.35,
        "Total Revenue": 116,
        "Gross Profit": 42,
        "Operating Income": 22,
        "EBIT": 25,
        "Net Income": 21
    },
    "2017-06-30": {
        "Diluted EPS": 0.35,
        "Total Revenue": 138,
        "Gross Profit": 54,
        "Operating Income": 19,
        "EBIT": 38,
        "Net Income": 22
    },
    "2017-03-31": {
        "Diluted EPS": 0.26,
        "Total Revenue": 91,
        "Gross Profit": 28,
        "Operating Income": 15,
        "EBIT": 13,
        "Net Income": 16
    },
    "2016-12-31": {
        "Diluted EPS": 0.17,
        "Total Revenue": 99,
        "Gross Profit": 28,
        "Operating Income": 10,
        "EBIT": 12,
        "Net Income": 10
    },
    "2016-09-30": {
        "Diluted EPS": 0.36,
        "Total Revenue": 104,
        "Gross Profit": 31,
        "Operating Income": 16,
        "EBIT": 18,
        "Net Income": 22
    },
    "2016-06-30": {
        "Diluted EPS": 0.56,
        "Total Revenue": 148,
        "Gross Profit": 59,
        "Operating Income": 32,
        "EBIT": 35,
        "Net Income": 33
    },
    "2016-03-31": {
        "Diluted EPS": 0.36,
        "Total Revenue": 119,
        "Gross Profit": 38,
        "Operating Income": 18,
        "EBIT": 19,
        "Net Income": 22
    },
    "2015-12-31": {
        "Diluted EPS": 0.55,
        "Total Revenue": 153,
        "Gross Profit": 61,
        "Operating Income": 40,
        "EBIT": 42,
        "Net Income": 33
    },
    "2015-09-30": {
        "Diluted EPS": 0.5,
        "Total Revenue": 125,
        "Gross Profit": 49,
        "Operating Income": 30,
        "EBIT": 32,
        "Net Income": 30
    },
    "2015-06-30": {
        "Diluted EPS": 0.3,
        "Total Revenue": 142,
        "Gross Profit": 59,
        "Operating Income": 40,
        "EBIT": 43,
        "Net Income": 19
    },
    "2015-03-31": {
        "Diluted EPS": 0.53,
        "Total Revenue": 118,
        "Gross Profit": 54,
        "Operating Income": 36,
        "EBIT": 38,
        "Net Income": 32
    },
    "2014-12-31": {
        "Diluted EPS": 0.32,
        "Total Revenue": 130,
        "Gross Profit": 48,
        "Operating Income": 20,
        "EBIT": 24,
        "Net Income": 19
    },
    "2014-09-30": {
        "Diluted EPS": 0.46,
        "Total Revenue": 141,
        "Gross Profit": 54,
        "Operating Income": 35,
        "EBIT": 39,
        "Net Income": 27
    },
    "2014-06-30": {
        "Diluted EPS": 0.36,
        "Total Revenue": 159,
        "Gross Profit": 54,
        "Operating Income": 33,
        "EBIT": 37,
        "Net Income": 21
    },
    "2014-03-31": {
        "Diluted EPS": 0.17,
        "Total Revenue": 96,
        "Gross Profit": 34,
        "Operating Income": 17,
        "EBIT": 20,
        "Net Income": 10
    },
    "2013-12-31": {
        "Diluted EPS": 0.31,
        "Total Revenue": 153,
        "Gross Profit": 47,
        "Operating Income": 26,
        "EBIT": 30,
        "Net Income": 18
    },
    "2013-09-30": {
        "Diluted EPS": 0.35,
        "Total Revenue": 113,
        "Gross Profit": 40,
        "Operating Income": 22,
        "EBIT": 25,
        "Net Income": 20
    },
    "2013-06-30": {
        "Diluted EPS": 0.22,
        "Total Revenue": 113,
        "Gross Profit": 39,
        "Operating Income": 19,
        "EBIT": 23,
        "Net Income": 13
    },
    "2013-03-31": {
        "Diluted EPS": 0.2,
        "Total Revenue": 60,
        "Gross Profit": 26,
        "Operating Income": 10,
        "EBIT": 13,
        "Net Income": 11
    },
    "2012-12-31": {
        "Diluted EPS": 0.23,
        "Total Revenue": 87,
        "Gross Profit": 28,
        "Operating Income": 14,
        "EBIT": 14,
        "Net Income": 13
    },
    "2012-09-30": {
        "Diluted EPS": 0.27,
        "Total Revenue": 88,
        "Gross Profit": 30,
        "Operating Income": 14,
        "EBIT": 16,
        "Net Income": 15
    },
    "2012-06-30": {
        "Diluted EPS": 0.21,
        "Total Revenue": 88,
        "Gross Profit": 36,
        "Operating Income": 30,
        "EBIT": 33,
        "Net Income": 12
    },
    "2012-03-31": {
        "Diluted EPS": 0.21,
        "Total Revenue": 66,
        "Gross Profit": 26,
        "Operating Income": 12,
        "EBIT": 14,
        "Net Income": 12
    },
    "2011-12-31": {
        "Diluted EPS": 0.36,
        "Total Revenue": 80,
        "Gross Profit": 31,
        "Operating Income": 8,
        "EBIT": 8,
        "Net Income": 20
    },
    "2011-09-30": {
        "Diluted EPS": 0.23,
        "Total Revenue": 87,
        "Gross Profit": 33,
        "Operating Income": 15,
        "EBIT": 15,
        "Net Income": 13
    },
    "2011-06-30": {
        "Diluted EPS": 0.12,
        "Total Revenue": 72,
        "Gross Profit": 21,
        "Operating Income": 17,
        "EBIT": 18,
        "Net Income": 7
    },
    "2011-03-31": {
        "Diluted EPS": 0.17,
        "Total Revenue": 56,
        "Gross Profit": 23,
        "Operating Income": 8,
        "EBIT": 10,
        "Net Income": 9
    },
    "2010-12-31": {
        "Diluted EPS": 0.27,
        "Total Revenue": 74,
        "Gross Profit": 27,
        "Operating Income": 10,
        "EBIT": 11,
        "Net Income": 15
    },
    "2010-09-30": {
        "Diluted EPS": 0.19,
        "Total Revenue": 61,
        "Gross Profit": 21,
        "Operating Income": 9,
        "EBIT": 10,
        "Net Income": 10
    },
    "2010-06-30": {
        "Diluted EPS": 0.19,
        "Total Revenue": 56,
        "Gross Profit": 19,
        "Operating Income": -2,
        "EBIT": -2,
        "Net Income": 11
    },
    "2010-03-31": {
        "Diluted EPS": 0.1,
        "Total Revenue": 33,
        "Gross Profit": 12,
        "Operating Income": 6,
        "EBIT": 7,
        "Net Income": 5
    },
    "2009-12-31": {
        "Diluted EPS": 0.16,
        "Total Revenue": 46,
        "Gross Profit": 14,
        "Operating Income": 9,
        "EBIT": 10,
        "Net Income": 8
    },
    "2009-09-30": {
        "Diluted EPS": 0.13,
        "Total Revenue": 38,
        "Gross Profit": 14,
        "Operating Income": 8,
        "EBIT": 9,
        "Net Income": 6
    },
    "2009-06-30": {
        "Diluted EPS": -0.35,
        "Total Revenue": 45,
        "Gross Profit": 45,
        "Operating Income": 45,
        "EBIT": 46,
        "Net Income": -16
    },
    "2009-03-31": {
        "Diluted EPS": 0.04,
        "Total Revenue": 23,
        "Gross Profit": 8,
        "Operating Income": 1,
        "EBIT": 1,
        "Net Income": 2
    }
}