{
    "2023-06-30": {
        "Tax Effect Of Unusual Items": NaN,
        "Tax Rate For Calcs": NaN,
        "Total Unusual Items": 1236000.0,
        "Total Unusual Items Excluding Goodwill": 1236000.0,
        "Net Income From Continuing Operation Net Minority Interest": 105271000.0,
        "Reconciled Depreciation": 7054000.0,
        "Net Interest Income": 207643000.0,
        "Interest Expense": 81989000.0,
        "Interest Income": 289632000.0,
        "Normalized Income": NaN,
        "Net Income From Continuing And Discontinued Operation": 105271000.0,
        "Diluted Average Shares": 202923000.0,
        "Basic Average Shares": 202793000.0,
        "Diluted EPS": 0.52,
        "Basic EPS": 0.52,
        "Diluted NI Availto Com Stockholders": 105271000.0,
        "Net Income Common Stockholders": 105271000.0,
        "Net Income": 105271000.0,
        "Net Income Including Noncontrolling Interests": 105271000.0,
        "Net Income Continuous Operations": 105271000.0,
        "Tax Provision": 31616000.0,
        "Pretax Income": 136887000.0,
        "Special Income Charges": 917000.0,
        "Gain On Sale Of Business": 917000.0,
        "Restructuring And Mergern Acquisition": 0.0,
        "Gain On Sale Of Security": -900000.0,
        "Depreciation Amortization Depletion Income Statement": 2478000.0,
        "Depreciation And Amortization In Income Statement": 2478000.0,
        "Amortization": 2478000.0,
        "Amortization Of Intangibles Income Statement": 2478000.0,
        "Selling General And Administration": 71317000.0,
        "Selling And Marketing Expense": 2098000.0,
        "General And Administrative Expense": 69219000.0,
        "Insurance And Claims": 4147000.0,
        "Salaries And Wages": 65072000.0,
        "Total Revenue": 250591000.0,
        "Operating Revenue": 250591000.0,
        "Occupancy And Equipment": 14923000.0,
        "Professional Expense And Contract Services Expense": 4210000.0,
        "Other Non Interest Expense": 19393000.0
    },
    "2023-03-31": {
        "Tax Effect Of Unusual Items": NaN,
        "Tax Rate For Calcs": NaN,
        "Total Unusual Items": NaN,
        "Total Unusual Items Excluding Goodwill": NaN,
        "Net Income From Continuing Operation Net Minority Interest": NaN,
        "Reconciled Depreciation": NaN,
        "Net Interest Income": NaN,
        "Interest Expense": NaN,
        "Interest Income": NaN,
        "Normalized Income": NaN,
        "Net Income From Continuing And Discontinued Operation": NaN,
        "Diluted Average Shares": NaN,
        "Basic Average Shares": NaN,
        "Diluted EPS": NaN,
        "Basic EPS": NaN,
        "Diluted NI Availto Com Stockholders": NaN,
        "Net Income Common Stockholders": NaN,
        "Net Income": NaN,
        "Net Income Including Noncontrolling Interests": NaN,
        "Net Income Continuous Operations": NaN,
        "Tax Provision": NaN,
        "Pretax Income": NaN,
        "Special Income Charges": NaN,
        "Gain On Sale Of Business": NaN,
        "Restructuring And Mergern Acquisition": 0.0,
        "Gain On Sale Of Security": NaN,
        "Depreciation Amortization Depletion Income Statement": NaN,
        "Depreciation And Amortization In Income Statement": NaN,
        "Amortization": NaN,
        "Amortization Of Intangibles Income Statement": NaN,
        "Selling General And Administration": NaN,
        "Selling And Marketing Expense": NaN,
        "General And Administrative Expense": NaN,
        "Insurance And Claims": NaN,
        "Salaries And Wages": NaN,
        "Total Revenue": NaN,
        "Operating Revenue": NaN,
        "Occupancy And Equipment": NaN,
        "Professional Expense And Contract Services Expense": NaN,
        "Other Non Interest Expense": NaN
    },
    "2022-12-31": {
        "Tax Effect Of Unusual Items": -33745.497665,
        "Tax Rate For Calcs": 0.220559,
        "Total Unusual Items": -153000.0,
        "Total Unusual Items Excluding Goodwill": -153000.0,
        "Net Income From Continuing Operation Net Minority Interest": 115687000.0,
        "Reconciled Depreciation": 8310000.0,
        "Net Interest Income": 215666000.0,
        "Interest Expense": 57229000.0,
        "Interest Income": 272895000.0,
        "Normalized Income": 115806254.502335,
        "Net Income From Continuing And Discontinued Operation": 115687000.0,
        "Diluted Average Shares": 204179000.0,
        "Basic Average Shares": 203924000.0,
        "Diluted EPS": 0.57,
        "Basic EPS": 0.57,
        "Diluted NI Availto Com Stockholders": 115687000.0,
        "Net Income Common Stockholders": 115687000.0,
        "Net Income": 115687000.0,
        "Net Income Including Noncontrolling Interests": 115687000.0,
        "Net Income Continuous Operations": 115687000.0,
        "Tax Provision": 32736000.0,
        "Pretax Income": 148423000.0,
        "Special Income Charges": -166000.0,
        "Gain On Sale Of Business": 10000.0,
        "Restructuring And Mergern Acquisition": 0.0,
        "Gain On Sale Of Security": 1032000.0,
        "Depreciation Amortization Depletion Income Statement": 2477000.0,
        "Depreciation And Amortization In Income Statement": 2477000.0,
        "Amortization": 2477000.0,
        "Amortization Of Intangibles Income Statement": 2477000.0,
        "Selling General And Administration": 39301000.0,
        "Selling And Marketing Expense": 2567000.0,
        "General And Administrative Expense": 36734000.0,
        "Insurance And Claims": 3227000.0,
        "Salaries And Wages": 64607000.0,
        "Total Revenue": 268129000.0,
        "Operating Revenue": 268129000.0
    },
    "2022-09-30": {
        "Tax Effect Of Unusual Items": NaN,
        "Tax Rate For Calcs": NaN,
        "Total Unusual Items": NaN,
        "Total Unusual Items Excluding Goodwill": NaN,
        "Net Income From Continuing Operation Net Minority Interest": NaN,
        "Reconciled Depreciation": NaN,
        "Net Interest Income": NaN,
        "Interest Expense": NaN,
        "Interest Income": NaN,
        "Normalized Income": NaN,
        "Net Income From Continuing And Discontinued Operation": NaN,
        "Diluted Average Shares": NaN,
        "Basic Average Shares": NaN,
        "Diluted EPS": NaN,
        "Basic EPS": NaN,
        "Diluted NI Availto Com Stockholders": NaN,
        "Net Income Common Stockholders": NaN,
        "Net Income": NaN,
        "Net Income Including Noncontrolling Interests": NaN,
        "Net Income Continuous Operations": NaN,
        "Tax Provision": NaN,
        "Pretax Income": NaN,
        "Special Income Charges": NaN,
        "Gain On Sale Of Business": NaN,
        "Restructuring And Mergern Acquisition": NaN,
        "Gain On Sale Of Security": NaN,
        "Depreciation Amortization Depletion Income Statement": NaN,
        "Depreciation And Amortization In Income Statement": NaN,
        "Amortization": NaN,
        "Amortization Of Intangibles Income Statement": NaN,
        "Selling General And Administration": NaN,
        "Selling And Marketing Expense": NaN,
        "General And Administrative Expense": NaN,
        "Other Gand A": 10635000.0,
        "Insurance And Claims": NaN,
        "Salaries And Wages": NaN,
        "Total Revenue": NaN,
        "Operating Revenue": NaN
    },
    "2022-06-30": {
        "Tax Effect Of Unusual Items": -8327297.633873,
        "Tax Rate For Calcs": 0.170922,
        "Total Unusual Items": -48720000.0,
        "Total Unusual Items Excluding Goodwill": -48720000.0,
        "Net Income From Continuing Operation Net Minority Interest": 15978000.0,
        "Reconciled Depreciation": 2477000.0,
        "Net Interest Income": 198758000.0,
        "Interest Expense": 18255000.0,
        "Interest Income": 217013000.0,
        "Normalized Income": 56370702.366127,
        "Net Income From Continuing And Discontinued Operation": 15978000.0,
        "Diluted Average Shares": 206015000.0,
        "Basic Average Shares": 205683000.0,
        "Diluted EPS": 0.08,
        "Basic EPS": 0.08,
        "Diluted NI Availto Com Stockholders": 15978000.0,
        "Net Income Common Stockholders": 15978000.0,
        "Net Income": 15978000.0,
        "Net Income Including Noncontrolling Interests": 15978000.0,
        "Net Income Continuous Operations": 15978000.0,
        "Tax Provision": 3294000.0,
        "Pretax Income": 19272000.0,
        "Special Income Charges": -48729000.0,
        "Gain On Sale Of Business": 2000.0,
        "Other Special Charges": NaN,
        "Restructuring And Mergern Acquisition": 48731000.0,
        "Gain On Sale Of Security": -1801000.0,
        "Depreciation Amortization Depletion Income Statement": 2477000.0,
        "Depreciation And Amortization In Income Statement": 2477000.0,
        "Amortization": 2477000.0,
        "Amortization Of Intangibles Income Statement": 2477000.0,
        "Selling General And Administration": 83679000.0,
        "Selling And Marketing Expense": 2117000.0,
        "General And Administrative Expense": 81562000.0,
        "Other Gand A": 12029000.0,
        "Insurance And Claims": 3363000.0,
        "Salaries And Wages": 66170000.0,
        "Total Revenue": 239589000.0,
        "Operating Revenue": 239589000.0
    },
    "2022-03-31": {
        "Diluted EPS": 0.4,
        "Total Revenue": 176,
        "Gross Profit": 162,
        "Operating Income": 86,
        "EBIT": NaN,
        "Net Income": 65
    },
    "2021-12-31": {
        "Diluted EPS": 0.45,
        "Total Revenue": 183,
        "Gross Profit": 171,
        "Operating Income": 95,
        "EBIT": NaN,
        "Net Income": 73
    },
    "2021-09-30": {
        "Diluted EPS": 0.46,
        "Total Revenue": 186,
        "Gross Profit": 174,
        "Operating Income": 99,
        "EBIT": NaN,
        "Net Income": 75
    },
    "2021-06-30": {
        "Diluted EPS": 0.48,
        "Total Revenue": 186,
        "Gross Profit": 172,
        "Operating Income": 104,
        "EBIT": NaN,
        "Net Income": 79
    },
    "2021-03-31": {
        "Diluted EPS": 0.55,
        "Total Revenue": 208,
        "Gross Profit": 193,
        "Operating Income": 120,
        "EBIT": NaN,
        "Net Income": 92
    },
    "2020-12-31": {
        "Diluted EPS": 0.5,
        "Total Revenue": 199,
        "Gross Profit": 182,
        "Operating Income": 108,
        "EBIT": NaN,
        "Net Income": 82
    },
    "2020-09-30": {
        "Diluted EPS": 0.42,
        "Total Revenue": 197,
        "Gross Profit": 176,
        "Operating Income": 90,
        "EBIT": NaN,
        "Net Income": 69
    },
    "2020-06-30": {
        "Diluted EPS": 0.38,
        "Total Revenue": 197,
        "Gross Profit": 174,
        "Operating Income": 82,
        "EBIT": NaN,
        "Net Income": 63
    },
    "2020-03-31": {
        "Diluted EPS": 0.0,
        "Total Revenue": 195,
        "Gross Profit": 163,
        "Operating Income": -2,
        "EBIT": NaN,
        "Net Income": 1
    },
    "2019-12-31": {
        "Diluted EPS": 0.44,
        "Total Revenue": 203,
        "Gross Profit": 168,
        "Operating Income": 96,
        "EBIT": NaN,
        "Net Income": 73
    },
    "2019-09-30": {
        "Diluted EPS": 0.44,
        "Total Revenue": 207,
        "Gross Profit": 168,
        "Operating Income": 100,
        "EBIT": NaN,
        "Net Income": 73
    },
    "2019-06-30": {
        "Diluted EPS": 0.43,
        "Total Revenue": 204,
        "Gross Profit": 164,
        "Operating Income": 95,
        "EBIT": NaN,
        "Net Income": 72
    },
    "2019-03-31": {
        "Diluted EPS": 0.42,
        "Total Revenue": 203,
        "Gross Profit": 163,
        "Operating Income": 94,
        "EBIT": NaN,
        "Net Income": 71
    },
    "2018-12-31": {
        "Diluted EPS": 0.41,
        "Total Revenue": 201,
        "Gross Profit": 164,
        "Operating Income": 93,
        "EBIT": NaN,
        "Net Income": 71
    },
    "2018-09-30": {
        "Diluted EPS": 0.46,
        "Total Revenue": 206,
        "Gross Profit": 172,
        "Operating Income": 106,
        "EBIT": NaN,
        "Net Income": 80
    },
    "2018-06-30": {
        "Diluted EPS": 0.44,
        "Total Revenue": 194,
        "Gross Profit": 166,
        "Operating Income": 100,
        "EBIT": NaN,
        "Net Income": 76
    },
    "2018-03-31": {
        "Diluted EPS": 0.42,
        "Total Revenue": 187,
        "Gross Profit": 162,
        "Operating Income": 97,
        "EBIT": NaN,
        "Net Income": 73
    },
    "2017-12-31": {
        "Diluted EPS": 0.11,
        "Total Revenue": 186,
        "Gross Profit": 164,
        "Operating Income": 96,
        "EBIT": NaN,
        "Net Income": 23
    },
    "2017-09-30": {
        "Diluted EPS": 0.1,
        "Total Revenue": 145,
        "Gross Profit": 128,
        "Operating Income": 22,
        "EBIT": NaN,
        "Net Income": 15
    },
    "2017-06-30": {
        "Diluted EPS": 0.35,
        "Total Revenue": 147,
        "Gross Profit": 132,
        "Operating Income": 80,
        "EBIT": NaN,
        "Net Income": 50
    },
    "2017-03-31": {
        "Diluted EPS": 0.33,
        "Total Revenue": 141,
        "Gross Profit": 131,
        "Operating Income": 72,
        "EBIT": NaN,
        "Net Income": 47
    },
    "2016-12-31": {
        "Diluted EPS": 0.35,
        "Total Revenue": 135,
        "Gross Profit": 127,
        "Operating Income": 78,
        "EBIT": NaN,
        "Net Income": 49
    },
    "2016-09-30": {
        "Diluted EPS": 0.31,
        "Total Revenue": 133,
        "Gross Profit": 126,
        "Operating Income": 69,
        "EBIT": NaN,
        "Net Income": 44
    },
    "2016-06-30": {
        "Diluted EPS": 0.31,
        "Total Revenue": 130,
        "Gross Profit": 123,
        "Operating Income": 70,
        "EBIT": NaN,
        "Net Income": 44
    },
    "2016-03-31": {
        "Diluted EPS": 0.29,
        "Total Revenue": 125,
        "Gross Profit": 117,
        "Operating Income": 66,
        "EBIT": NaN,
        "Net Income": 41
    },
    "2015-12-31": {
        "Diluted EPS": 0.27,
        "Total Revenue": 124,
        "Gross Profit": 117,
        "Operating Income": 59,
        "EBIT": NaN,
        "Net Income": 37
    },
    "2015-09-30": {
        "Diluted EPS": 0.26,
        "Total Revenue": 113,
        "Gross Profit": 108,
        "Operating Income": 56,
        "EBIT": NaN,
        "Net Income": 36
    },
    "2015-06-30": {
        "Diluted EPS": 0.25,
        "Total Revenue": 107,
        "Gross Profit": 102,
        "Operating Income": 54,
        "EBIT": NaN,
        "Net Income": 34
    },
    "2015-03-31": {
        "Diluted EPS": 0.23,
        "Total Revenue": 99,
        "Gross Profit": 94,
        "Operating Income": 49,
        "EBIT": NaN,
        "Net Income": 31
    },
    "2014-12-31": {
        "Diluted EPS": 0.22,
        "Total Revenue": 98,
        "Gross Profit": 94,
        "Operating Income": 47,
        "EBIT": NaN,
        "Net Income": 30
    },
    "2014-09-30": {
        "Diluted EPS": 0.21,
        "Total Revenue": 94,
        "Gross Profit": 89,
        "Operating Income": 42,
        "EBIT": NaN,
        "Net Income": 27
    },
    "2014-06-30": {
        "Diluted EPS": 0.22,
        "Total Revenue": 94,
        "Gross Profit": 90,
        "Operating Income": 45,
        "EBIT": NaN,
        "Net Income": 28
    },
    "2014-03-31": {
        "Diluted EPS": 0.21,
        "Total Revenue": 94,
        "Gross Profit": 89,
        "Operating Income": 43,
        "EBIT": NaN,
        "Net Income": 27
    },
    "2013-12-31": {
        "Diluted EPS": 0.1,
        "Total Revenue": 84,
        "Gross Profit": 79,
        "Operating Income": 20,
        "EBIT": NaN,
        "Net Income": 13
    },
    "2013-09-30": {
        "Diluted EPS": 0.17,
        "Total Revenue": 58,
        "Gross Profit": 56,
        "Operating Income": 29,
        "EBIT": NaN,
        "Net Income": 18
    },
    "2013-06-30": {
        "Diluted EPS": 0.16,
        "Total Revenue": 58,
        "Gross Profit": 55,
        "Operating Income": 28,
        "EBIT": NaN,
        "Net Income": 18
    },
    "2013-03-31": {
        "Diluted EPS": 0.16,
        "Total Revenue": 57,
        "Gross Profit": 53,
        "Operating Income": 28,
        "EBIT": NaN,
        "Net Income": 18
    },
    "2012-12-31": {
        "Diluted EPS": 0.15,
        "Total Revenue": 62,
        "Gross Profit": 57,
        "Operating Income": 27,
        "EBIT": NaN,
        "Net Income": 17
    },
    "2012-09-30": {
        "Diluted EPS": 0.14,
        "Total Revenue": 54,
        "Gross Profit": 49,
        "Operating Income": 25,
        "EBIT": NaN,
        "Net Income": 16
    },
    "2012-06-30": {
        "Diluted EPS": 0.14,
        "Total Revenue": 56,
        "Gross Profit": 50,
        "Operating Income": 24,
        "EBIT": NaN,
        "Net Income": 15
    },
    "2012-03-31": {
        "Diluted EPS": 0.13,
        "Total Revenue": 53,
        "Gross Profit": 47,
        "Operating Income": 22,
        "EBIT": NaN,
        "Net Income": 14
    },
    "2011-12-31": {
        "Diluted EPS": 0.12,
        "Total Revenue": 54,
        "Gross Profit": 47,
        "Operating Income": 22,
        "EBIT": NaN,
        "Net Income": 14
    },
    "2011-09-30": {
        "Diluted EPS": 0.12,
        "Total Revenue": 53,
        "Gross Profit": 46,
        "Operating Income": 22,
        "EBIT": NaN,
        "Net Income": 14
    },
    "2011-06-30": {
        "Diluted EPS": 0.11,
        "Total Revenue": 53,
        "Gross Profit": 45,
        "Operating Income": 21,
        "EBIT": NaN,
        "Net Income": 13
    },
    "2011-03-31": {
        "Diluted EPS": 0.11,
        "Total Revenue": 53,
        "Gross Profit": 45,
        "Operating Income": 19,
        "EBIT": NaN,
        "Net Income": 12
    },
    "2010-12-31": {
        "Diluted EPS": -0.13,
        "Total Revenue": 74,
        "Gross Profit": 65,
        "Operating Income": -24,
        "EBIT": NaN,
        "Net Income": -14
    },
    "2010-09-30": {
        "Diluted EPS": 0.08,
        "Total Revenue": 47,
        "Gross Profit": 38,
        "Operating Income": 14,
        "EBIT": NaN,
        "Net Income": 9
    },
    "2010-06-30": {
        "Diluted EPS": 0.07,
        "Total Revenue": 45,
        "Gross Profit": 36,
        "Operating Income": 13,
        "EBIT": NaN,
        "Net Income": 8
    },
    "2010-03-31": {
        "Diluted EPS": 0.11,
        "Total Revenue": 50,
        "Gross Profit": 42,
        "Operating Income": 20,
        "EBIT": NaN,
        "Net Income": 12
    },
    "2009-12-31": {
        "Diluted EPS": 0.06,
        "Total Revenue": 40,
        "Gross Profit": 32,
        "Operating Income": 11,
        "EBIT": NaN,
        "Net Income": 7
    },
    "2009-09-30": {
        "Diluted EPS": 0.07,
        "Total Revenue": 41,
        "Gross Profit": 31,
        "Operating Income": 11,
        "EBIT": NaN,
        "Net Income": 7
    },
    "2009-06-30": {
        "Diluted EPS": 0.06,
        "Total Revenue": 41,
        "Gross Profit": 31,
        "Operating Income": 8,
        "EBIT": NaN,
        "Net Income": 5
    },
    "2009-03-31": {
        "Diluted EPS": 0.06,
        "Total Revenue": 41,
        "Gross Profit": 29,
        "Operating Income": 9,
        "EBIT": NaN,
        "Net Income": 6
    },
    "2023-09-30": {
        "Tax Effect Of Unusual Items": 0.0,
        "Tax Rate For Calcs": 0.2385,
        "Total Unusual Items": 0.0,
        "Total Unusual Items Excluding Goodwill": 0.0,
        "Net Income From Continuing Operation Net Minority Interest": 98453000.0,
        "Reconciled Depreciation": 7901000.0,
        "Net Interest Income": 201937000.0,
        "Interest Expense": 92325000.0,
        "Interest Income": 294262000.0,
        "Normalized Income": 98453000.0,
        "Net Income From Continuing And Discontinued Operation": 98453000.0,
        "Diluted Average Shares": 202650000.0,
        "Basic Average Shares": 202526000.0,
        "Diluted EPS": 0.49,
        "Basic EPS": 0.49,
        "Diluted NI Availto Com Stockholders": 98453000.0,
        "Net Income Common Stockholders": 98453000.0,
        "Net Income": 98453000.0,
        "Net Income Including Noncontrolling Interests": 98453000.0,
        "Net Income Continuous Operations": 98453000.0,
        "Tax Provision": 30835000.0,
        "Pretax Income": 129288000.0,
        "Special Income Charges": 0.0,
        "Gain On Sale Of Business": 0.0,
        "Restructuring And Mergern Acquisition": 0.0,
        "Gain On Sale Of Security": 4507000.0,
        "Depreciation Amortization Depletion Income Statement": 2477000.0,
        "Depreciation And Amortization In Income Statement": 2477000.0,
        "Amortization": 2477000.0,
        "Amortization Of Intangibles Income Statement": 2477000.0,
        "Selling General And Administration": 70896000.0,
        "Selling And Marketing Expense": 2295000.0,
        "General And Administrative Expense": 68601000.0,
        "Insurance And Claims": 3672000.0,
        "Salaries And Wages": 64929000.0,
        "Total Revenue": 241359000.0,
        "Operating Revenue": 241359000.0,
        "Occupancy And Equipment": 15463000.0,
        "Professional Expense And Contract Services Expense": 3631000.0,
        "Other Non Interest Expense": 18304000.0
    },
    "2023-12-31": {
        "Tax Effect Of Unusual Items": 140290.620872,
        "Tax Rate For Calcs": 0.235387,
        "Total Unusual Items": 596000.0,
        "Total Unusual Items Excluding Goodwill": 596000.0,
        "Net Income From Continuing Operation Net Minority Interest": 86243000.0,
        "Reconciled Depreciation": 8252000.0,
        "Net Interest Income": 202770000.0,
        "Interest Expense": 103450000.0,
        "Interest Income": 306220000.0,
        "Normalized Income": 85787290.620872,
        "Net Income From Continuing And Discontinued Operation": 86243000.0,
        "Diluted Average Shares": 201891000.0,
        "Basic Average Shares": 201756000.0,
        "Diluted EPS": 0.43,
        "Basic EPS": 0.43,
        "Diluted NI Availto Com Stockholders": 86243000.0,
        "Net Income Common Stockholders": 86243000.0,
        "Net Income": 86243000.0,
        "Net Income Including Noncontrolling Interests": 86243000.0,
        "Net Income Continuous Operations": 86243000.0,
        "Tax Provision": 26550000.0,
        "Pretax Income": 112793000.0,
        "Special Income Charges": 583000.0,
        "Gain On Sale Of Business": 583000.0,
        "Restructuring And Mergern Acquisition": 0.0,
        "Gain On Sale Of Security": 3341000.0,
        "Depreciation Amortization Depletion Income Statement": 2253000.0,
        "Depreciation And Amortization In Income Statement": 2253000.0,
        "Amortization": 2253000.0,
        "Amortization Of Intangibles Income Statement": 2253000.0,
        "Selling General And Administration": 82944000.0,
        "Selling And Marketing Expense": 2226000.0,
        "General And Administrative Expense": 80718000.0,
        "Insurance And Claims": 16889000.0,
        "Salaries And Wages": 63829000.0,
        "Total Revenue": 239479000.0,
        "Operating Revenue": 239479000.0,
        "Occupancy And Equipment": 14965000.0,
        "Professional Expense And Contract Services Expense": 2832000.0,
        "Other Non Interest Expense": 20308000.0
    },
    "2024-03-31": {
        "Tax Effect Of Unusual Items": 2089.8,
        "Tax Rate For Calcs": 0.2322,
        "Total Unusual Items": 9000.0,
        "Total Unusual Items Excluding Goodwill": 9000.0,
        "Net Income From Continuing Operation Net Minority Interest": 100109000.0,
        "Reconciled Depreciation": 7350000.0,
        "Net Interest Income": 204590000.0,
        "Interest Expense": 112325000.0,
        "Interest Income": 316915000.0,
        "Normalized Income": 100102089.8,
        "Net Income From Continuing And Discontinued Operation": 100109000.0,
        "Diluted Average Shares": 201390000.0,
        "Basic Average Shares": 201210000.0,
        "Diluted EPS": 0.5,
        "Basic EPS": 0.5,
        "Diluted NI Availto Com Stockholders": 100109000.0,
        "Net Income Common Stockholders": 100109000.0,
        "Net Income": 100109000.0,
        "Net Income Including Noncontrolling Interests": 100109000.0,
        "Net Income Continuous Operations": 100109000.0,
        "Tax Provision": 30284000.0,
        "Pretax Income": 130393000.0,
        "Special Income Charges": -8000.0,
        "Gain On Sale Of Business": -8000.0,
        "Restructuring And Mergern Acquisition": 0.0,
        "Gain On Sale Of Security": 1003000.0,
        "Depreciation Amortization Depletion Income Statement": 2140000.0,
        "Depreciation And Amortization In Income Statement": 2140000.0,
        "Amortization": 2140000.0,
        "Amortization Of Intangibles Income Statement": 2140000.0,
        "Selling General And Administration": 67283000.0,
        "Selling And Marketing Expense": 1654000.0,
        "General And Administrative Expense": 65629000.0,
        "Insurance And Claims": 4221000.0,
        "Salaries And Wages": 61408000.0,
        "Total Revenue": 242965000.0,
        "Operating Revenue": 242965000.0,
        "Occupancy And Equipment": 14551000.0,
        "Professional Expense And Contract Services Expense": 4317000.0,
        "Other Non Interest Expense": 19773000.0
    },
    "2024-06-30": {
        "Tax Effect Of Unusual Items": 502139.0,
        "Tax Rate For Calcs": 0.239,
        "Total Unusual Items": NaN,
        "Total Unusual Items Excluding Goodwill": NaN,
        "Net Income From Continuing Operation Net Minority Interest": NaN,
        "Reconciled Depreciation": NaN,
        "Net Interest Income": NaN,
        "Interest Expense": NaN,
        "Interest Income": NaN,
        "Normalized Income": 99931139.0,
        "Net Income From Continuing And Discontinued Operation": NaN,
        "Diluted Average Shares": NaN,
        "Basic Average Shares": NaN,
        "Diluted EPS": NaN,
        "Basic EPS": NaN,
        "Diluted NI Availto Com Stockholders": NaN,
        "Net Income Common Stockholders": NaN,
        "Net Income": NaN,
        "Net Income Including Noncontrolling Interests": NaN,
        "Net Income Continuous Operations": NaN,
        "Tax Provision": NaN,
        "Pretax Income": NaN,
        "Special Income Charges": NaN,
        "Gain On Sale Of Business": NaN,
        "Restructuring And Mergern Acquisition": NaN,
        "Gain On Sale Of Security": NaN,
        "Depreciation Amortization Depletion Income Statement": NaN,
        "Depreciation And Amortization In Income Statement": NaN,
        "Amortization": NaN,
        "Amortization Of Intangibles Income Statement": NaN,
        "Selling General And Administration": NaN,
        "Selling And Marketing Expense": NaN,
        "General And Administrative Expense": NaN,
        "Insurance And Claims": NaN,
        "Salaries And Wages": NaN,
        "Total Revenue": NaN,
        "Operating Revenue": NaN,
        "Occupancy And Equipment": NaN,
        "Professional Expense And Contract Services Expense": NaN,
        "Other Non Interest Expense": NaN
    },
    "2024-09-30": {
        "Tax Effect Of Unusual Items": 26326.903412,
        "Tax Rate For Calcs": 0.225016,
        "Total Unusual Items": 117000.0,
        "Total Unusual Items Excluding Goodwill": 117000.0,
        "Net Income From Continuing Operation Net Minority Interest": 100038000.0,
        "Reconciled Depreciation": 7280000.0,
        "Net Interest Income": 215220000.0,
        "Interest Expense": 117625000.0,
        "Interest Income": 332845000.0,
        "Normalized Income": 99947326.903412,
        "Net Income From Continuing And Discontinued Operation": 100038000.0,
        "Diluted Average Shares": 199461000.0,
        "Basic Average Shares": 199380000.0,
        "Diluted EPS": 0.5,
        "Basic EPS": 0.5,
        "Diluted NI Availto Com Stockholders": 100038000.0,
        "Net Income Common Stockholders": 100038000.0,
        "Net Income": 100038000.0,
        "Net Income Including Noncontrolling Interests": 100038000.0,
        "Net Income Continuous Operations": 100038000.0,
        "Tax Provision": 29046000.0,
        "Pretax Income": 129084000.0,
        "Special Income Charges": 32000.0,
        "Gain On Sale Of Business": 32000.0,
        "Restructuring And Mergern Acquisition": NaN,
        "Gain On Sale Of Security": 1722000.0,
        "Depreciation Amortization Depletion Income Statement": 2095000.0,
        "Depreciation And Amortization In Income Statement": 2095000.0,
        "Amortization": 2095000.0,
        "Amortization Of Intangibles Income Statement": 2095000.0,
        "Selling General And Administration": 65319000.0,
        "Selling And Marketing Expense": 1810000.0,
        "General And Administrative Expense": 63509000.0,
        "Insurance And Claims": 4286000.0,
        "Salaries And Wages": 59223000.0,
        "Total Revenue": 254426000.0,
        "Operating Revenue": 254426000.0,
        "Occupancy And Equipment": 14546000.0,
        "Professional Expense And Contract Services Expense": 3964000.0,
        "Other Non Interest Expense": 20250000.0
    }
}