{
    "2023-06-30": {
        "Tax Effect Of Unusual Items": 0.0,
        "Tax Rate For Calcs": 0.233,
        "Total Unusual Items": NaN,
        "Total Unusual Items Excluding Goodwill": NaN,
        "Net Income From Continuing Operation Net Minority Interest": 7479000.0,
        "Reconciled Depreciation": 1141000.0,
        "Net Interest Income": 32100000.0,
        "Interest Expense": 28700000.0,
        "Interest Income": 60800000.0,
        "Normalized Income": 7479000.0,
        "Net Income From Continuing And Discontinued Operation": 7479000.0,
        "Diluted Average Shares": 43133455.0,
        "Basic Average Shares": 43063507.0,
        "Diluted EPS": 0.17,
        "Basic EPS": 0.17,
        "Diluted NI Availto Com Stockholders": 7479000.0,
        "Net Income Common Stockholders": 7479000.0,
        "Net Income": 7479000.0,
        "Net Income Including Noncontrolling Interests": 7479000.0,
        "Net Income Continuous Operations": 7479000.0,
        "Tax Provision": 2275000.0,
        "Pretax Income": 9754000.0,
        "Special Income Charges": NaN,
        "Gain On Sale Of Security": NaN,
        "Selling General And Administration": 20321000.0,
        "Selling And Marketing Expense": 925000.0,
        "General And Administrative Expense": 19396000.0,
        "Insurance And Claims": 1176000.0,
        "Salaries And Wages": 18220000.0,
        "Total Revenue": 44019000.0,
        "Operating Revenue": 44019000.0,
        "Occupancy And Equipment": 4633000.0,
        "Professional Expense And Contract Services Expense": 1114000.0,
        "Other Non Interest Expense": 4914000.0
    },
    "2023-03-31": {
        "Tax Effect Of Unusual Items": 0.0,
        "Tax Rate For Calcs": 0.249,
        "Total Unusual Items": NaN,
        "Total Unusual Items Excluding Goodwill": NaN,
        "Net Income From Continuing Operation Net Minority Interest": 7297000.0,
        "Reconciled Depreciation": 1163000.0,
        "Net Interest Income": 34398000.0,
        "Interest Expense": 21541000.0,
        "Interest Income": 55939000.0,
        "Normalized Income": 7297000.0,
        "Net Income From Continuing And Discontinued Operation": 7297000.0,
        "Diluted Average Shares": 45284240.0,
        "Basic Average Shares": 44857224.0,
        "Diluted EPS": 0.16,
        "Basic EPS": 0.16,
        "Diluted NI Availto Com Stockholders": 7297000.0,
        "Net Income Common Stockholders": 7297000.0,
        "Net Income": 7297000.0,
        "Net Income Including Noncontrolling Interests": 7297000.0,
        "Net Income Continuous Operations": 7297000.0,
        "Tax Provision": 2416000.0,
        "Pretax Income": 9713000.0,
        "Special Income Charges": NaN,
        "Gain On Sale Of Security": NaN,
        "Selling General And Administration": 19490000.0,
        "Selling And Marketing Expense": 1181000.0,
        "General And Administrative Expense": 18309000.0,
        "Insurance And Claims": 510000.0,
        "Salaries And Wages": 17799000.0,
        "Total Revenue": 42241000.0,
        "Operating Revenue": 42241000.0,
        "Occupancy And Equipment": 5040000.0,
        "Professional Expense And Contract Services Expense": 1501000.0,
        "Other Non Interest Expense": 4631000.0
    },
    "2022-12-31": {
        "Tax Effect Of Unusual Items": NaN,
        "Tax Rate For Calcs": NaN,
        "Total Unusual Items": 0.0,
        "Total Unusual Items Excluding Goodwill": 0.0,
        "Net Income From Continuing Operation Net Minority Interest": NaN,
        "Reconciled Depreciation": NaN,
        "Net Interest Income": NaN,
        "Interest Expense": NaN,
        "Interest Income": NaN,
        "Normalized Income": NaN,
        "Net Income From Continuing And Discontinued Operation": NaN,
        "Diluted Average Shares": NaN,
        "Basic Average Shares": NaN,
        "Diluted EPS": NaN,
        "Basic EPS": NaN,
        "Diluted NI Availto Com Stockholders": NaN,
        "Net Income Common Stockholders": NaN,
        "Net Income": NaN,
        "Net Income Including Noncontrolling Interests": NaN,
        "Net Income Continuous Operations": NaN,
        "Tax Provision": NaN,
        "Pretax Income": NaN,
        "Special Income Charges": 0.0,
        "Gain On Sale Of Security": 0.0,
        "Selling General And Administration": NaN,
        "Selling And Marketing Expense": NaN,
        "General And Administrative Expense": NaN,
        "Insurance And Claims": NaN,
        "Salaries And Wages": NaN,
        "Total Revenue": NaN,
        "Operating Revenue": NaN,
        "Occupancy And Equipment": NaN,
        "Professional Expense And Contract Services Expense": NaN,
        "Other Non Interest Expense": NaN
    },
    "2022-09-30": {
        "Tax Effect Of Unusual Items": NaN,
        "Tax Rate For Calcs": NaN,
        "Total Unusual Items": 0.0,
        "Total Unusual Items Excluding Goodwill": 0.0,
        "Net Income From Continuing Operation Net Minority Interest": NaN,
        "Reconciled Depreciation": NaN,
        "Net Interest Income": NaN,
        "Interest Expense": NaN,
        "Interest Income": NaN,
        "Normalized Income": NaN,
        "Net Income From Continuing And Discontinued Operation": NaN,
        "Diluted Average Shares": NaN,
        "Basic Average Shares": NaN,
        "Diluted EPS": NaN,
        "Basic EPS": NaN,
        "Diluted NI Availto Com Stockholders": NaN,
        "Net Income Common Stockholders": NaN,
        "Net Income": NaN,
        "Net Income Including Noncontrolling Interests": NaN,
        "Net Income Continuous Operations": NaN,
        "Tax Provision": NaN,
        "Pretax Income": NaN,
        "Special Income Charges": 0.0,
        "Gain On Sale Of Security": 0.0,
        "Selling General And Administration": NaN,
        "Selling And Marketing Expense": NaN,
        "General And Administrative Expense": NaN,
        "Other Gand A": 373000.0,
        "Insurance And Claims": NaN,
        "Salaries And Wages": NaN,
        "Total Revenue": NaN,
        "Operating Revenue": NaN
    },
    "2022-06-30": {
        "Tax Effect Of Unusual Items": 0.0,
        "Tax Rate For Calcs": 0.276,
        "Total Unusual Items": 0.0,
        "Total Unusual Items Excluding Goodwill": 0.0,
        "Net Income From Continuing Operation Net Minority Interest": 9987000.0,
        "Reconciled Depreciation": 1206000.0,
        "Net Interest Income": 37195000.0,
        "Interest Expense": 2662000.0,
        "Interest Income": 39857000.0,
        "Normalized Income": 9987000.0,
        "Net Income From Continuing And Discontinued Operation": 9987000.0,
        "Diluted Average Shares": 47536033.0,
        "Basic Average Shares": 46980830.0,
        "Diluted EPS": 0.21,
        "Basic EPS": 0.21,
        "Diluted NI Availto Com Stockholders": 9987000.0,
        "Net Income Common Stockholders": 9987000.0,
        "Net Income": 9987000.0,
        "Net Income Including Noncontrolling Interests": 9987000.0,
        "Net Income Continuous Operations": 9987000.0,
        "Tax Provision": 3811000.0,
        "Pretax Income": 13798000.0,
        "Special Income Charges": 0.0,
        "Gain On Sale Of Security": 0.0,
        "Selling General And Administration": 22795000.0,
        "Selling And Marketing Expense": 986000.0,
        "General And Administrative Expense": 21809000.0,
        "Other Gand A": 2259000.0,
        "Insurance And Claims": 354000.0,
        "Salaries And Wages": 21455000.0,
        "Total Revenue": 50913000.0,
        "Operating Revenue": 50913000.0
    },
    "2022-03-31": {
        "Diluted EPS": 0.25,
        "Total Revenue": 55,
        "Gross Profit": 52,
        "Operating Income": 17,
        "EBIT": NaN,
        "Net Income": 12
    },
    "2021-12-31": {
        "Diluted EPS": 0.26,
        "Total Revenue": 56,
        "Gross Profit": 53,
        "Operating Income": 16,
        "EBIT": NaN,
        "Net Income": 13
    },
    "2021-09-30": {
        "Diluted EPS": 0.24,
        "Total Revenue": 58,
        "Gross Profit": 55,
        "Operating Income": 17,
        "EBIT": NaN,
        "Net Income": 12
    },
    "2021-06-30": {
        "Diluted EPS": 0.27,
        "Total Revenue": 58,
        "Gross Profit": 54,
        "Operating Income": 20,
        "EBIT": NaN,
        "Net Income": 14
    },
    "2021-03-31": {
        "Diluted EPS": 0.37,
        "Total Revenue": 74,
        "Gross Profit": 70,
        "Operating Income": 27,
        "EBIT": NaN,
        "Net Income": 19
    },
    "2020-12-31": {
        "Diluted EPS": 0.32,
        "Total Revenue": 75,
        "Gross Profit": 70,
        "Operating Income": 21,
        "EBIT": NaN,
        "Net Income": 18
    },
    "2020-09-30": {
        "Diluted EPS": 0.22,
        "Total Revenue": 81,
        "Gross Profit": 76,
        "Operating Income": 16,
        "EBIT": NaN,
        "Net Income": 12
    },
    "2020-06-30": {
        "Diluted EPS": 0.19,
        "Total Revenue": 75,
        "Gross Profit": 68,
        "Operating Income": 14,
        "EBIT": NaN,
        "Net Income": 11
    },
    "2020-03-31": {
        "Diluted EPS": 0.09,
        "Total Revenue": 56,
        "Gross Profit": 45,
        "Operating Income": 6,
        "EBIT": NaN,
        "Net Income": 5
    },
    "2019-12-31": {
        "Diluted EPS": 0.08,
        "Total Revenue": 57,
        "Gross Profit": 46,
        "Operating Income": 6,
        "EBIT": NaN,
        "Net Income": 4
    },
    "2019-09-30": {
        "Diluted EPS": 0.13,
        "Total Revenue": 57,
        "Gross Profit": 45,
        "Operating Income": 8,
        "EBIT": NaN,
        "Net Income": 7
    },
    "2019-06-30": {
        "Diluted EPS": 0.08,
        "Total Revenue": 54,
        "Gross Profit": 42,
        "Operating Income": 6,
        "EBIT": NaN,
        "Net Income": 5
    },
    "2019-03-31": {
        "Diluted EPS": 0.04,
        "Total Revenue": 47,
        "Gross Profit": 36,
        "Operating Income": 2,
        "EBIT": NaN,
        "Net Income": 2
    },
    "2018-12-31": {
        "Diluted EPS": 0.01,
        "Total Revenue": 49,
        "Gross Profit": 38,
        "Operating Income": 5,
        "EBIT": NaN,
        "Net Income": 0
    },
    "2018-09-30": {
        "Diluted EPS": 0.1,
        "Total Revenue": 41,
        "Gross Profit": 35,
        "Operating Income": 7,
        "EBIT": NaN,
        "Net Income": 6
    },
    "2018-06-30": {
        "Diluted EPS": 0.06,
        "Total Revenue": 39,
        "Gross Profit": 33,
        "Operating Income": 5,
        "EBIT": NaN,
        "Net Income": 3
    },
    "2018-03-31": {
        "Diluted EPS": 0.04,
        "Total Revenue": 36,
        "Gross Profit": 31,
        "Operating Income": 4,
        "EBIT": NaN,
        "Net Income": 2
    },
    "2017-12-31": {
        "Diluted EPS": 0.03,
        "Total Revenue": 38,
        "Gross Profit": 34,
        "Operating Income": 3,
        "EBIT": NaN,
        "Net Income": 2
    },
    "2017-09-30": {
        "Diluted EPS": 0.05,
        "Total Revenue": 38,
        "Gross Profit": 34,
        "Operating Income": 5,
        "EBIT": NaN,
        "Net Income": 3
    },
    "2017-06-30": {
        "Diluted EPS": 0.06,
        "Total Revenue": 36,
        "Gross Profit": 33,
        "Operating Income": 5,
        "EBIT": NaN,
        "Net Income": 3
    },
    "2017-03-31": {
        "Diluted EPS": 0.05,
        "Total Revenue": 33,
        "Gross Profit": 29,
        "Operating Income": 4,
        "EBIT": NaN,
        "Net Income": 3
    },
    "2016-12-31": {
        "Diluted EPS": 0.0,
        "Total Revenue": 39,
        "Gross Profit": 36,
        "Operating Income": 5,
        "EBIT": NaN,
        "Net Income": 3
    },
    "2016-09-30": {
        "Diluted EPS": 0.06,
        "Total Revenue": 40,
        "Gross Profit": 37,
        "Operating Income": 5,
        "EBIT": NaN,
        "Net Income": 4
    },
    "2016-06-30": {
        "Diluted EPS": 0.0,
        "Total Revenue": 34,
        "Gross Profit": 31,
        "Operating Income": -1,
        "EBIT": NaN,
        "Net Income": -1
    },
    "2016-03-31": {
        "Diluted EPS": 0.0,
        "Total Revenue": 29,
        "Gross Profit": 25,
        "Operating Income": 0,
        "EBIT": NaN,
        "Net Income": 0
    },
    "2015-12-31": {
        "Diluted EPS": 0.0,
        "Total Revenue": 30,
        "Gross Profit": 27,
        "Operating Income": 0,
        "EBIT": NaN,
        "Net Income": 2
    },
    "2015-09-30": {
        "Diluted EPS": 0.0,
        "Total Revenue": 32,
        "Gross Profit": 28,
        "Operating Income": 3,
        "EBIT": NaN,
        "Net Income": 2
    },
    "2015-06-30": {
        "Diluted EPS": 0.0,
        "Total Revenue": 20,
        "Gross Profit": 17,
        "Operating Income": 1,
        "EBIT": NaN,
        "Net Income": 1
    },
    "2015-03-31": {
        "Diluted EPS": 0.0,
        "Total Revenue": 20,
        "Gross Profit": 16,
        "Operating Income": 1,
        "EBIT": NaN,
        "Net Income": 1
    },
    "2014-12-31": {
        "Diluted EPS": 0.0,
        "Total Revenue": NaN,
        "Gross Profit": NaN,
        "Operating Income": NaN,
        "EBIT": NaN,
        "Net Income": NaN
    },
    "2023-09-30": {
        "Tax Effect Of Unusual Items": 0.0,
        "Tax Rate For Calcs": 0.23,
        "Total Unusual Items": NaN,
        "Total Unusual Items Excluding Goodwill": NaN,
        "Net Income From Continuing Operation Net Minority Interest": 8412000.0,
        "Reconciled Depreciation": 1136000.0,
        "Net Interest Income": 31080000.0,
        "Interest Expense": 32084000.0,
        "Interest Income": 63164000.0,
        "Normalized Income": 8412000.0,
        "Net Income From Continuing And Discontinued Operation": 8412000.0,
        "Diluted Average Shares": 42983477.0,
        "Basic Average Shares": 42876893.0,
        "Diluted EPS": 0.2,
        "Basic EPS": 0.2,
        "Diluted NI Availto Com Stockholders": 8412000.0,
        "Net Income Common Stockholders": 8412000.0,
        "Net Income": 8412000.0,
        "Net Income Including Noncontrolling Interests": 8412000.0,
        "Net Income Continuous Operations": 8412000.0,
        "Tax Provision": 2507000.0,
        "Pretax Income": 10919000.0,
        "Special Income Charges": NaN,
        "Gain On Sale Of Security": NaN,
        "Selling General And Administration": 20497000.0,
        "Selling And Marketing Expense": 794000.0,
        "General And Administrative Expense": 19703000.0,
        "Insurance And Claims": 1004000.0,
        "Salaries And Wages": 18699000.0,
        "Total Revenue": 41759000.0,
        "Operating Revenue": 41759000.0,
        "Occupancy And Equipment": 4430000.0,
        "Professional Expense And Contract Services Expense": 1374000.0,
        "Other Non Interest Expense": 4652000.0
    },
    "2023-12-31": {
        "Tax Effect Of Unusual Items": 0.0,
        "Tax Rate For Calcs": 0.21,
        "Total Unusual Items": NaN,
        "Total Unusual Items Excluding Goodwill": NaN,
        "Net Income From Continuing Operation Net Minority Interest": -7111000.0,
        "Reconciled Depreciation": 1160000.0,
        "Net Interest Income": 29693000.0,
        "Interest Expense": 34692000.0,
        "Interest Income": 64385000.0,
        "Normalized Income": -7111000.0,
        "Net Income From Continuing And Discontinued Operation": -7111000.0,
        "Diluted Average Shares": 42299858.0,
        "Basic Average Shares": 42111872.0,
        "Diluted EPS": -0.17,
        "Basic EPS": -0.17,
        "Diluted NI Availto Com Stockholders": -7111000.0,
        "Net Income Common Stockholders": -7111000.0,
        "Net Income": -7111000.0,
        "Net Income Including Noncontrolling Interests": -7111000.0,
        "Net Income Continuous Operations": -7111000.0,
        "Tax Provision": 1850000.0,
        "Pretax Income": -5261000.0,
        "Special Income Charges": NaN,
        "Gain On Sale Of Security": NaN,
        "Selling General And Administration": 20805000.0,
        "Selling And Marketing Expense": 811000.0,
        "General And Administrative Expense": 19994000.0,
        "Insurance And Claims": 795000.0,
        "Salaries And Wages": 19199000.0,
        "Total Revenue": 38333000.0,
        "Operating Revenue": 38333000.0,
        "Occupancy And Equipment": 4670000.0,
        "Professional Expense And Contract Services Expense": 1690000.0,
        "Other Non Interest Expense": 5025000.0
    },
    "2024-03-31": {
        "Tax Effect Of Unusual Items": 0.0,
        "Tax Rate For Calcs": 0.251,
        "Total Unusual Items": NaN,
        "Total Unusual Items Excluding Goodwill": NaN,
        "Net Income From Continuing Operation Net Minority Interest": 7300000.0,
        "Reconciled Depreciation": 1135000.0,
        "Net Interest Income": 30582000.0,
        "Interest Expense": 36322000.0,
        "Interest Income": 66904000.0,
        "Normalized Income": 7300000.0,
        "Net Income From Continuing And Discontinued Operation": 7300000.0,
        "Diluted Average Shares": 42127037.0,
        "Basic Average Shares": 41912421.0,
        "Diluted EPS": 0.17,
        "Basic EPS": 0.17,
        "Diluted NI Availto Com Stockholders": 7300000.0,
        "Net Income Common Stockholders": 7300000.0,
        "Net Income": 7300000.0,
        "Net Income Including Noncontrolling Interests": 7300000.0,
        "Net Income Continuous Operations": 7300000.0,
        "Tax Provision": 2441000.0,
        "Pretax Income": 9741000.0,
        "Special Income Charges": NaN,
        "Gain On Sale Of Security": NaN,
        "Selling General And Administration": 19616000.0,
        "Selling And Marketing Expense": 816000.0,
        "General And Administrative Expense": 18800000.0,
        "Insurance And Claims": 1164000.0,
        "Salaries And Wages": 17636000.0,
        "Total Revenue": 40262000.0,
        "Operating Revenue": 40262000.0,
        "Occupancy And Equipment": 4781000.0,
        "Professional Expense And Contract Services Expense": 1457000.0,
        "Other Non Interest Expense": 4835000.0
    }
}