{
    "2023-03-31": {
        "Tax Effect Of Unusual Items": NaN,
        "Tax Rate For Calcs": NaN,
        "Normalized EBITDA": NaN,
        "Total Unusual Items": -8000000.0,
        "Total Unusual Items Excluding Goodwill": -8000000.0,
        "Net Income From Continuing Operation Net Minority Interest": NaN,
        "Reconciled Depreciation": NaN,
        "Reconciled Cost Of Revenue": NaN,
        "EBITDA": NaN,
        "EBIT": NaN,
        "Normalized Income": NaN,
        "Net Income From Continuing And Discontinued Operation": NaN,
        "Total Expenses": NaN,
        "Diluted Average Shares": NaN,
        "Basic Average Shares": NaN,
        "Diluted EPS": NaN,
        "Basic EPS": NaN,
        "Diluted NI Availto Com Stockholders": NaN,
        "Net Income Common Stockholders": NaN,
        "Otherunder Preferred Stock Dividend": NaN,
        "Net Income": NaN,
        "Net Income Including Noncontrolling Interests": NaN,
        "Net Income Continuous Operations": NaN,
        "Tax Provision": NaN,
        "Pretax Income": NaN,
        "Other Income Expense": NaN,
        "Other Non Operating Income Expenses": NaN,
        "Special Income Charges": -8000000.0,
        "Other Special Charges": 8000000.0,
        "Impairment Of Capital Assets": NaN,
        "Gain On Sale Of Security": NaN,
        "Operating Income": NaN,
        "Operating Expense": NaN,
        "Other Operating Expenses": NaN,
        "Provision For Doubtful Accounts": NaN,
        "Research And Development": NaN,
        "Selling General And Administration": NaN,
        "Selling And Marketing Expense": NaN,
        "General And Administrative Expense": NaN,
        "Other Gand A": NaN,
        "Insurance And Claims": NaN,
        "Salaries And Wages": NaN,
        "Gross Profit": NaN,
        "Cost Of Revenue": NaN,
        "Total Revenue": NaN,
        "Operating Revenue": NaN
    },
    "2022-12-31": {
        "Tax Effect Of Unusual Items": NaN,
        "Tax Rate For Calcs": NaN,
        "Normalized EBITDA": NaN,
        "Total Unusual Items": NaN,
        "Total Unusual Items Excluding Goodwill": NaN,
        "Net Income From Continuing Operation Net Minority Interest": NaN,
        "Reconciled Depreciation": NaN,
        "Reconciled Cost Of Revenue": NaN,
        "EBITDA": NaN,
        "EBIT": NaN,
        "Normalized Income": NaN,
        "Net Income From Continuing And Discontinued Operation": NaN,
        "Total Expenses": NaN,
        "Diluted Average Shares": NaN,
        "Basic Average Shares": NaN,
        "Diluted EPS": NaN,
        "Basic EPS": NaN,
        "Diluted NI Availto Com Stockholders": NaN,
        "Net Income Common Stockholders": NaN,
        "Otherunder Preferred Stock Dividend": 0.0,
        "Net Income": NaN,
        "Net Income Including Noncontrolling Interests": NaN,
        "Net Income Continuous Operations": NaN,
        "Tax Provision": NaN,
        "Pretax Income": NaN,
        "Other Income Expense": NaN,
        "Other Non Operating Income Expenses": -14000000.0,
        "Special Income Charges": 2000000.0,
        "Other Special Charges": 0.0,
        "Impairment Of Capital Assets": -2000000.0,
        "Gain On Sale Of Security": NaN,
        "Operating Income": NaN,
        "Operating Expense": NaN,
        "Other Operating Expenses": NaN,
        "Provision For Doubtful Accounts": NaN,
        "Research And Development": NaN,
        "Selling General And Administration": NaN,
        "Selling And Marketing Expense": NaN,
        "General And Administrative Expense": NaN,
        "Other Gand A": NaN,
        "Insurance And Claims": 10000000.0,
        "Salaries And Wages": NaN,
        "Gross Profit": NaN,
        "Cost Of Revenue": NaN,
        "Total Revenue": NaN,
        "Operating Revenue": NaN
    },
    "2022-09-30": {
        "Tax Effect Of Unusual Items": NaN,
        "Tax Rate For Calcs": NaN,
        "Normalized EBITDA": NaN,
        "Total Unusual Items": NaN,
        "Total Unusual Items Excluding Goodwill": NaN,
        "Net Income From Continuing Operation Net Minority Interest": NaN,
        "Reconciled Depreciation": NaN,
        "Reconciled Cost Of Revenue": NaN,
        "EBITDA": NaN,
        "EBIT": NaN,
        "Normalized Income": NaN,
        "Net Income From Continuing And Discontinued Operation": NaN,
        "Total Expenses": NaN,
        "Diluted Average Shares": NaN,
        "Basic Average Shares": NaN,
        "Diluted EPS": NaN,
        "Basic EPS": NaN,
        "Diluted NI Availto Com Stockholders": NaN,
        "Net Income Common Stockholders": NaN,
        "Otherunder Preferred Stock Dividend": 0.0,
        "Net Income": NaN,
        "Net Income Including Noncontrolling Interests": NaN,
        "Net Income Continuous Operations": NaN,
        "Tax Provision": NaN,
        "Pretax Income": NaN,
        "Other Income Expense": NaN,
        "Other Non Operating Income Expenses": NaN,
        "Special Income Charges": NaN,
        "Other Special Charges": 1000000.0,
        "Impairment Of Capital Assets": 47000000.0,
        "Gain On Sale Of Security": -47000000.0,
        "Operating Income": NaN,
        "Operating Expense": NaN,
        "Other Operating Expenses": NaN,
        "Provision For Doubtful Accounts": NaN,
        "Research And Development": NaN,
        "Selling General And Administration": NaN,
        "Selling And Marketing Expense": NaN,
        "General And Administrative Expense": NaN,
        "Other Gand A": NaN,
        "Insurance And Claims": 10000000.0,
        "Salaries And Wages": NaN,
        "Gross Profit": NaN,
        "Cost Of Revenue": NaN,
        "Total Revenue": NaN,
        "Operating Revenue": NaN
    },
    "2022-06-30": {
        "Tax Effect Of Unusual Items": 0.0,
        "Tax Rate For Calcs": 0.4,
        "Normalized EBITDA": -275000000.0,
        "Total Unusual Items": -11000000.0,
        "Total Unusual Items Excluding Goodwill": -11000000.0,
        "Net Income From Continuing Operation Net Minority Interest": -295000000.0,
        "Reconciled Depreciation": 17000000.0,
        "Reconciled Cost Of Revenue": 30000000.0,
        "EBITDA": -275000000.0,
        "EBIT": -292000000.0,
        "Normalized Income": -295000000.0,
        "Net Income From Continuing And Discontinued Operation": -295000000.0,
        "Total Expenses": 610000000.0,
        "Diluted Average Shares": 874873301.0,
        "Basic Average Shares": 874873301.0,
        "Diluted EPS": -0.34,
        "Basic EPS": -0.34,
        "Diluted NI Availto Com Stockholders": -295000000.0,
        "Average Dilution Earnings": 0.0,
        "Net Income Common Stockholders": -295000000.0,
        "Otherunder Preferred Stock Dividend": 0.0,
        "Net Income": -295000000.0,
        "Net Income Including Noncontrolling Interests": -295000000.0,
        "Net Income Continuous Operations": -295000000.0,
        "Tax Provision": 1000000.0,
        "Pretax Income": -294000000.0,
        "Other Income Expense": -2000000.0,
        "Other Non Operating Income Expenses": -2000000.0,
        "Special Income Charges": -11000000.0,
        "Other Special Charges": 11000000.0,
        "Impairment Of Capital Assets": NaN,
        "Operating Income": -292000000.0,
        "Operating Expense": 580000000.0,
        "Other Operating Expenses": 86000000.0,
        "Provision For Doubtful Accounts": 12000000.0,
        "Research And Development": 244000000.0,
        "Selling General And Administration": 250000000.0,
        "Selling And Marketing Expense": 24000000.0,
        "General And Administrative Expense": 226000000.0,
        "Other Gand A": 226000000.0,
        "Insurance And Claims": 10000000.0,
        "Salaries And Wages": 218000000.0,
        "Gross Profit": 288000000.0,
        "Cost Of Revenue": 30000000.0,
        "Total Revenue": 318000000.0,
        "Operating Revenue": 276000000.0
    },
    "2023-06-30": {
        "Tax Effect Of Unusual Items": 0.0,
        "Tax Rate For Calcs": 0.21,
        "Normalized EBITDA": 35000000.0,
        "Total Unusual Items": 0.0,
        "Total Unusual Items Excluding Goodwill": 0.0,
        "Net Income From Continuing Operation Net Minority Interest": 25000000.0,
        "Reconciled Depreciation": 15000000.0,
        "Reconciled Cost Of Revenue": 122000000.0,
        "EBITDA": 35000000.0,
        "EBIT": 20000000.0,
        "Normalized Income": 25000000.0,
        "Net Income From Continuing And Discontinued Operation": 25000000.0,
        "Total Expenses": 466000000.0,
        "Diluted Average Shares": 921269749.0,
        "Basic Average Shares": 904984863.0,
        "Diluted EPS": 0.03,
        "Basic EPS": 0.03,
        "Diluted NI Availto Com Stockholders": 25000000.0,
        "Net Income Common Stockholders": 25000000.0,
        "Otherunder Preferred Stock Dividend": NaN,
        "Net Income": 25000000.0,
        "Net Income Including Noncontrolling Interests": 25000000.0,
        "Net Income Continuous Operations": 25000000.0,
        "Tax Provision": -3000000.0,
        "Pretax Income": 22000000.0,
        "Other Income Expense": 2000000.0,
        "Other Non Operating Income Expenses": 2000000.0,
        "Special Income Charges": 0.0,
        "Other Special Charges": NaN,
        "Impairment Of Capital Assets": NaN,
        "Gain On Sale Of Security": NaN,
        "Operating Income": 20000000.0,
        "Operating Expense": 344000000.0,
        "Other Operating Expenses": 8000000.0,
        "Provision For Doubtful Accounts": 6000000.0,
        "Research And Development": 207000000.0,
        "Selling General And Administration": 123000000.0,
        "Selling And Marketing Expense": 18000000.0,
        "General And Administrative Expense": 105000000.0,
        "Other Gand A": 52000000.0,
        "Insurance And Claims": NaN,
        "Salaries And Wages": 53000000.0,
        "Gross Profit": 364000000.0,
        "Cost Of Revenue": 122000000.0,
        "Total Revenue": 486000000.0,
        "Operating Revenue": 427000000.0
    },
    "2022-03-31": {
        "Diluted EPS": -0.45,
        "Total Revenue": 299,
        "Gross Profit": 268,
        "Operating Income": -391,
        "EBIT": -379,
        "Net Income": -392
    },
    "2021-12-31": {
        "Diluted EPS": 2.99,
        "Total Revenue": 363,
        "Gross Profit": 328,
        "Operating Income": -420,
        "EBIT": -411,
        "Net Income": -423
    },
    "2021-09-30": {
        "Diluted EPS": -2.06,
        "Total Revenue": 365,
        "Gross Profit": 321,
        "Operating Income": NaN,
        "EBIT": NaN,
        "Net Income": NaN
    },
    "2021-06-30": {
        "Diluted EPS": -2.16,
        "Total Revenue": 565,
        "Gross Profit": 527,
        "Operating Income": 64,
        "EBIT": 69,
        "Net Income": -502
    },
    "2021-03-31": {
        "Diluted EPS": -6.26,
        "Total Revenue": 522,
        "Gross Profit": 481,
        "Operating Income": 58,
        "EBIT": 62,
        "Net Income": NaN
    },
    "2020-12-31": {
        "Diluted EPS": 0.2,
        "Total Revenue": 317,
        "Gross Profit": 283,
        "Operating Income": 18,
        "EBIT": 21,
        "Net Income": 13
    },
    "2020-09-30": {
        "Diluted EPS": -0.05,
        "Total Revenue": 270,
        "Gross Profit": 238,
        "Operating Income": -11,
        "EBIT": -8,
        "Net Income": -11
    },
    "2020-06-30": {
        "Diluted EPS": 0.09,
        "Total Revenue": 244,
        "Gross Profit": 216,
        "Operating Income": 58,
        "EBIT": 60,
        "Net Income": 58
    },
    "2020-03-31": {
        "Diluted EPS": -0.23,
        "Total Revenue": 128,
        "Gross Profit": 107,
        "Operating Income": -52,
        "EBIT": -51,
        "Net Income": -53
    },
    "2019-12-31": {
        "Diluted EPS": 0.0,
        "Total Revenue": NaN,
        "Gross Profit": NaN,
        "Operating Income": NaN,
        "EBIT": NaN,
        "Net Income": NaN
    },
    "2023-09-30": {
        "Tax Effect Of Unusual Items": 0.0,
        "Tax Rate For Calcs": 0.21,
        "Normalized EBITDA": -54000000.0,
        "Total Unusual Items": -107000000.0,
        "Total Unusual Items Excluding Goodwill": -107000000.0,
        "Net Income From Continuing Operation Net Minority Interest": -85000000.0,
        "Reconciled Depreciation": 19000000.0,
        "Reconciled Cost Of Revenue": 113000000.0,
        "EBITDA": -54000000.0,
        "EBIT": -73000000.0,
        "Normalized Income": -85000000.0,
        "Net Income From Continuing And Discontinued Operation": -85000000.0,
        "Total Expenses": 540000000.0,
        "Diluted Average Shares": 895108790.0,
        "Basic Average Shares": 895108790.0,
        "Diluted EPS": -0.09,
        "Basic EPS": -0.09,
        "Diluted NI Availto Com Stockholders": -85000000.0,
        "Net Income Common Stockholders": -85000000.0,
        "Otherunder Preferred Stock Dividend": 0.0,
        "Net Income": -85000000.0,
        "Net Income Including Noncontrolling Interests": -85000000.0,
        "Net Income Continuous Operations": -85000000.0,
        "Tax Provision": 10000000.0,
        "Pretax Income": -75000000.0,
        "Other Income Expense": -2000000.0,
        "Other Non Operating Income Expenses": -2000000.0,
        "Special Income Charges": -107000000.0,
        "Other Special Charges": 107000000.0,
        "Impairment Of Capital Assets": NaN,
        "Gain On Sale Of Security": NaN,
        "Operating Income": -73000000.0,
        "Operating Expense": 427000000.0,
        "Other Operating Expenses": 5000000.0,
        "Provision For Doubtful Accounts": 16000000.0,
        "Research And Development": 202000000.0,
        "Selling General And Administration": 204000000.0,
        "Selling And Marketing Expense": 22000000.0,
        "General And Administrative Expense": 182000000.0,
        "Other Gand A": 150000000.0,
        "Insurance And Claims": NaN,
        "Salaries And Wages": 32000000.0,
        "Gross Profit": 354000000.0,
        "Cost Of Revenue": 113000000.0,
        "Total Revenue": 467000000.0,
        "Operating Revenue": 436000000.0
    },
    "2023-12-31": {
        "Tax Effect Of Unusual Items": -840000.0,
        "Tax Rate For Calcs": 0.21,
        "Normalized EBITDA": 51000000.0,
        "Total Unusual Items": -4000000.0,
        "Total Unusual Items Excluding Goodwill": -4000000.0,
        "Net Income From Continuing Operation Net Minority Interest": 30000000.0,
        "Reconciled Depreciation": 17000000.0,
        "Reconciled Cost Of Revenue": 411000000.0,
        "EBITDA": 47000000.0,
        "EBIT": 30000000.0,
        "Normalized Income": 33160000.0,
        "Net Income From Continuing And Discontinued Operation": 30000000.0,
        "Total Expenses": 441000000.0,
        "Diluted Average Shares": 883227967.0,
        "Basic Average Shares": 867298537.0,
        "Diluted EPS": 0.03,
        "Basic EPS": 0.03,
        "Diluted NI Availto Com Stockholders": 30000000.0,
        "Net Income Common Stockholders": 30000000.0,
        "Otherunder Preferred Stock Dividend": NaN,
        "Net Income": 30000000.0,
        "Net Income Including Noncontrolling Interests": 30000000.0,
        "Net Income Continuous Operations": 30000000.0,
        "Tax Provision": -1000000.0,
        "Pretax Income": 29000000.0,
        "Other Income Expense": -1000000.0,
        "Other Non Operating Income Expenses": NaN,
        "Special Income Charges": NaN,
        "Other Special Charges": NaN,
        "Impairment Of Capital Assets": NaN,
        "Gain On Sale Of Security": -4000000.0,
        "Operating Income": 30000000.0,
        "Operating Expense": 30000000.0,
        "Other Operating Expenses": 6000000.0,
        "Provision For Doubtful Accounts": 16000000.0,
        "Research And Development": -322000000.0,
        "Selling General And Administration": 330000000.0,
        "Selling And Marketing Expense": 35000000.0,
        "General And Administrative Expense": 295000000.0,
        "Other Gand A": 53000000.0,
        "Insurance And Claims": NaN,
        "Salaries And Wages": 242000000.0,
        "Gross Profit": 60000000.0,
        "Cost Of Revenue": 411000000.0,
        "Total Revenue": 471000000.0,
        "Operating Revenue": 436000000.0
    },
    "2024-03-31": {
        "Tax Effect Of Unusual Items": -60000.0,
        "Tax Rate For Calcs": 0.03,
        "Normalized EBITDA": 179000000.0,
        "Total Unusual Items": -2000000.0,
        "Total Unusual Items Excluding Goodwill": -2000000.0,
        "Net Income From Continuing Operation Net Minority Interest": 157000000.0,
        "Reconciled Depreciation": 17000000.0,
        "Reconciled Cost Of Revenue": 116000000.0,
        "EBITDA": 177000000.0,
        "EBIT": 160000000.0,
        "Normalized Income": 158940000.0,
        "Net Income From Continuing And Discontinued Operation": 157000000.0,
        "Total Expenses": 458000000.0,
        "Diluted Average Shares": 895779155.0,
        "Basic Average Shares": 875319407.0,
        "Diluted EPS": 0.18,
        "Basic EPS": 0.18,
        "Diluted NI Availto Com Stockholders": 157000000.0,
        "Net Income Common Stockholders": 157000000.0,
        "Otherunder Preferred Stock Dividend": NaN,
        "Net Income": 157000000.0,
        "Net Income Including Noncontrolling Interests": 157000000.0,
        "Net Income Continuous Operations": 157000000.0,
        "Tax Provision": 5000000.0,
        "Pretax Income": 162000000.0,
        "Other Income Expense": 2000000.0,
        "Other Non Operating Income Expenses": 4000000.0,
        "Special Income Charges": -2000000.0,
        "Other Special Charges": 2000000.0,
        "Impairment Of Capital Assets": NaN,
        "Gain On Sale Of Security": NaN,
        "Operating Income": 160000000.0,
        "Operating Expense": 342000000.0,
        "Other Operating Expenses": 6000000.0,
        "Provision For Doubtful Accounts": 17000000.0,
        "Research And Development": 196000000.0,
        "Selling General And Administration": 123000000.0,
        "Selling And Marketing Expense": 58000000.0,
        "General And Administrative Expense": 65000000.0,
        "Other Gand A": 47000000.0,
        "Insurance And Claims": NaN,
        "Salaries And Wages": 18000000.0,
        "Gross Profit": 502000000.0,
        "Cost Of Revenue": 116000000.0,
        "Total Revenue": 618000000.0,
        "Operating Revenue": 583000000.0
    },
    "2024-06-30": {
        "Tax Effect Of Unusual Items": 0.0,
        "Tax Rate For Calcs": 0.018,
        "Normalized EBITDA": 207000000.0,
        "Total Unusual Items": NaN,
        "Total Unusual Items Excluding Goodwill": NaN,
        "Net Income From Continuing Operation Net Minority Interest": 188000000.0,
        "Reconciled Depreciation": 18000000.0,
        "Reconciled Cost Of Revenue": 123000000.0,
        "EBITDA": 207000000.0,
        "EBIT": 189000000.0,
        "Normalized Income": 188000000.0,
        "Net Income From Continuing And Discontinued Operation": 188000000.0,
        "Total Expenses": 493000000.0,
        "Diluted Average Shares": 904490572.0,
        "Basic Average Shares": 881076624.0,
        "Diluted EPS": 0.21,
        "Basic EPS": 0.21,
        "Diluted NI Availto Com Stockholders": 188000000.0,
        "Net Income Common Stockholders": 188000000.0,
        "Otherunder Preferred Stock Dividend": NaN,
        "Net Income": 188000000.0,
        "Net Income Including Noncontrolling Interests": 188000000.0,
        "Net Income Continuous Operations": 188000000.0,
        "Tax Provision": 3000000.0,
        "Pretax Income": 191000000.0,
        "Other Income Expense": 2000000.0,
        "Other Non Operating Income Expenses": 2000000.0,
        "Special Income Charges": NaN,
        "Other Special Charges": NaN,
        "Impairment Of Capital Assets": NaN,
        "Gain On Sale Of Security": NaN,
        "Operating Income": 189000000.0,
        "Operating Expense": 370000000.0,
        "Other Operating Expenses": 8000000.0,
        "Provision For Doubtful Accounts": 19000000.0,
        "Research And Development": 209000000.0,
        "Selling General And Administration": 134000000.0,
        "Selling And Marketing Expense": 55000000.0,
        "General And Administrative Expense": 79000000.0,
        "Other Gand A": 45000000.0,
        "Insurance And Claims": NaN,
        "Salaries And Wages": 34000000.0,
        "Gross Profit": 559000000.0,
        "Cost Of Revenue": 123000000.0,
        "Total Revenue": 682000000.0,
        "Operating Revenue": 612000000.0
    }
}