{
    "2023-06-30": {
        "Tax Effect Of Unusual Items": NaN,
        "Tax Rate For Calcs": NaN,
        "Total Unusual Items": 0.0,
        "Total Unusual Items Excluding Goodwill": 0.0,
        "Net Income From Continuing Operation Net Minority Interest": NaN,
        "Net Interest Income": NaN,
        "Interest Expense": NaN,
        "Interest Income": NaN,
        "Normalized Income": NaN,
        "Net Income From Continuing And Discontinued Operation": NaN,
        "Diluted Average Shares": NaN,
        "Basic Average Shares": NaN,
        "Diluted EPS": NaN,
        "Basic EPS": NaN,
        "Diluted NI Availto Com Stockholders": NaN,
        "Net Income Common Stockholders": NaN,
        "Net Income": NaN,
        "Net Income Including Noncontrolling Interests": NaN,
        "Net Income Continuous Operations": NaN,
        "Tax Provision": NaN,
        "Pretax Income": NaN,
        "Special Income Charges": 0.0,
        "Restructuring And Mergern Acquisition": 0.0,
        "Securities Amortization": NaN,
        "Gain On Sale Of Security": 0.0,
        "Selling General And Administration": NaN,
        "General And Administrative Expense": NaN,
        "Insurance And Claims": NaN,
        "Salaries And Wages": NaN,
        "Total Revenue": NaN,
        "Operating Revenue": NaN,
        "Occupancy And Equipment": NaN,
        "Professional Expense And Contract Services Expense": NaN,
        "Other Non Interest Expense": NaN
    },
    "2023-03-31": {
        "Tax Effect Of Unusual Items": NaN,
        "Tax Rate For Calcs": NaN,
        "Total Unusual Items": 0.0,
        "Total Unusual Items Excluding Goodwill": 0.0,
        "Net Income From Continuing Operation Net Minority Interest": NaN,
        "Net Interest Income": NaN,
        "Interest Expense": NaN,
        "Interest Income": NaN,
        "Normalized Income": NaN,
        "Net Income From Continuing And Discontinued Operation": NaN,
        "Diluted Average Shares": NaN,
        "Basic Average Shares": NaN,
        "Diluted EPS": NaN,
        "Basic EPS": NaN,
        "Diluted NI Availto Com Stockholders": NaN,
        "Net Income Common Stockholders": NaN,
        "Net Income": NaN,
        "Net Income Including Noncontrolling Interests": NaN,
        "Net Income Continuous Operations": NaN,
        "Tax Provision": NaN,
        "Pretax Income": NaN,
        "Special Income Charges": 0.0,
        "Restructuring And Mergern Acquisition": 0.0,
        "Securities Amortization": NaN,
        "Gain On Sale Of Security": NaN,
        "Selling General And Administration": NaN,
        "General And Administrative Expense": NaN,
        "Insurance And Claims": NaN,
        "Salaries And Wages": NaN,
        "Total Revenue": NaN,
        "Operating Revenue": NaN,
        "Occupancy And Equipment": NaN,
        "Professional Expense And Contract Services Expense": NaN,
        "Other Non Interest Expense": NaN
    },
    "2022-12-31": {
        "Tax Effect Of Unusual Items": NaN,
        "Tax Rate For Calcs": NaN,
        "Total Unusual Items": 0.0,
        "Total Unusual Items Excluding Goodwill": 0.0,
        "Net Income From Continuing Operation Net Minority Interest": NaN,
        "Net Interest Income": NaN,
        "Interest Expense": NaN,
        "Interest Income": NaN,
        "Normalized Income": NaN,
        "Net Income From Continuing And Discontinued Operation": NaN,
        "Diluted Average Shares": NaN,
        "Basic Average Shares": NaN,
        "Diluted EPS": NaN,
        "Basic EPS": NaN,
        "Diluted NI Availto Com Stockholders": NaN,
        "Net Income Common Stockholders": NaN,
        "Net Income": NaN,
        "Net Income Including Noncontrolling Interests": NaN,
        "Net Income Continuous Operations": NaN,
        "Tax Provision": NaN,
        "Pretax Income": NaN,
        "Special Income Charges": 0.0,
        "Impairment Of Capital Assets": 0.0,
        "Restructuring And Mergern Acquisition": NaN,
        "Securities Amortization": NaN,
        "Gain On Sale Of Security": NaN,
        "Selling General And Administration": NaN,
        "Selling And Marketing Expense": 1869000.0,
        "General And Administrative Expense": NaN,
        "Insurance And Claims": NaN,
        "Salaries And Wages": NaN,
        "Total Revenue": NaN,
        "Operating Revenue": NaN,
        "Occupancy And Equipment": NaN,
        "Professional Expense And Contract Services Expense": NaN,
        "Other Non Interest Expense": NaN
    },
    "2022-09-30": {
        "Tax Effect Of Unusual Items": NaN,
        "Tax Rate For Calcs": NaN,
        "Total Unusual Items": 0.0,
        "Total Unusual Items Excluding Goodwill": 0.0,
        "Net Income From Continuing Operation Net Minority Interest": NaN,
        "Net Interest Income": NaN,
        "Interest Expense": NaN,
        "Interest Income": NaN,
        "Normalized Income": NaN,
        "Net Income From Continuing And Discontinued Operation": NaN,
        "Diluted Average Shares": NaN,
        "Basic Average Shares": NaN,
        "Diluted EPS": NaN,
        "Basic EPS": NaN,
        "Diluted NI Availto Com Stockholders": NaN,
        "Net Income Common Stockholders": NaN,
        "Net Income": NaN,
        "Net Income Including Noncontrolling Interests": NaN,
        "Net Income Continuous Operations": NaN,
        "Tax Provision": NaN,
        "Pretax Income": NaN,
        "Special Income Charges": 0.0,
        "Impairment Of Capital Assets": 0.0,
        "Restructuring And Mergern Acquisition": NaN,
        "Securities Amortization": NaN,
        "Selling General And Administration": NaN,
        "Selling And Marketing Expense": 1739000.0,
        "General And Administrative Expense": NaN,
        "Other Gand A": 2469000.0,
        "Insurance And Claims": NaN,
        "Salaries And Wages": NaN,
        "Total Revenue": NaN,
        "Operating Revenue": NaN
    },
    "2022-06-30": {
        "Tax Effect Of Unusual Items": 0.0,
        "Tax Rate For Calcs": 0.264,
        "Total Unusual Items": 0.0,
        "Total Unusual Items Excluding Goodwill": 0.0,
        "Net Income From Continuing Operation Net Minority Interest": 52088000.0,
        "Net Interest Income": 141538000.0,
        "Interest Expense": 16286000.0,
        "Interest Income": 157824000.0,
        "Normalized Income": 52088000.0,
        "Net Income From Continuing And Discontinued Operation": 52088000.0,
        "Diluted Average Shares": 120699638.0,
        "Basic Average Shares": 120219919.0,
        "Diluted EPS": 0.43,
        "Basic EPS": 0.43,
        "Diluted NI Availto Com Stockholders": 52088000.0,
        "Net Income Common Stockholders": 52088000.0,
        "Net Income": 52088000.0,
        "Net Income Including Noncontrolling Interests": 52088000.0,
        "Net Income Continuous Operations": 52088000.0,
        "Tax Provision": 18631000.0,
        "Pretax Income": 70719000.0,
        "Special Income Charges": 0.0,
        "Impairment Of Capital Assets": 0.0,
        "Securities Amortization": NaN,
        "Selling General And Administration": 57627000.0,
        "Selling And Marketing Expense": 2226000.0,
        "General And Administrative Expense": 55401000.0,
        "Other Gand A": 2893000.0,
        "Insurance And Claims": 1450000.0,
        "Salaries And Wages": 51058000.0,
        "Total Revenue": 151412000.0,
        "Operating Revenue": 151412000.0
    },
    "2022-03-31": {
        "Diluted EPS": 0.5,
        "Total Revenue": 158,
        "Gross Profit": 146,
        "Operating Income": 82,
        "EBIT": NaN,
        "Net Income": 61
    },
    "2021-12-31": {
        "Diluted EPS": 0.43,
        "Total Revenue": 158,
        "Gross Profit": 146,
        "Operating Income": 71,
        "EBIT": NaN,
        "Net Income": 52
    },
    "2021-09-30": {
        "Diluted EPS": 0.45,
        "Total Revenue": 153,
        "Gross Profit": 141,
        "Operating Income": 75,
        "EBIT": NaN,
        "Net Income": 55
    },
    "2021-06-30": {
        "Diluted EPS": 0.43,
        "Total Revenue": 151,
        "Gross Profit": 138,
        "Operating Income": 74,
        "EBIT": NaN,
        "Net Income": 54
    },
    "2021-03-31": {
        "Diluted EPS": 0.35,
        "Total Revenue": 147,
        "Gross Profit": 131,
        "Operating Income": 58,
        "EBIT": NaN,
        "Net Income": 44
    },
    "2020-12-31": {
        "Diluted EPS": 0.22,
        "Total Revenue": 153,
        "Gross Profit": 132,
        "Operating Income": 34,
        "EBIT": NaN,
        "Net Income": 28
    },
    "2020-09-30": {
        "Diluted EPS": 0.25,
        "Total Revenue": 163,
        "Gross Profit": 135,
        "Operating Income": 40,
        "EBIT": NaN,
        "Net Income": 30
    },
    "2020-06-30": {
        "Diluted EPS": 0.22,
        "Total Revenue": 156,
        "Gross Profit": 121,
        "Operating Income": 37,
        "EBIT": NaN,
        "Net Income": 27
    },
    "2020-03-31": {
        "Diluted EPS": 0.21,
        "Total Revenue": 180,
        "Gross Profit": 133,
        "Operating Income": 32,
        "EBIT": NaN,
        "Net Income": 26
    },
    "2019-12-31": {
        "Diluted EPS": 0.33,
        "Total Revenue": 179,
        "Gross Profit": 126,
        "Operating Income": 55,
        "EBIT": NaN,
        "Net Income": 43
    },
    "2019-09-30": {
        "Diluted EPS": 0.34,
        "Total Revenue": 185,
        "Gross Profit": 129,
        "Operating Income": 57,
        "EBIT": NaN,
        "Net Income": 43
    },
    "2019-06-30": {
        "Diluted EPS": 0.34,
        "Total Revenue": 186,
        "Gross Profit": 130,
        "Operating Income": 57,
        "EBIT": NaN,
        "Net Income": 43
    },
    "2019-03-31": {
        "Diluted EPS": 0.34,
        "Total Revenue": 185,
        "Gross Profit": 131,
        "Operating Income": 57,
        "EBIT": NaN,
        "Net Income": 43
    },
    "2018-12-31": {
        "Diluted EPS": 0.34,
        "Total Revenue": 184,
        "Gross Profit": 134,
        "Operating Income": 61,
        "EBIT": NaN,
        "Net Income": 44
    },
    "2018-09-30": {
        "Diluted EPS": 0.36,
        "Total Revenue": 181,
        "Gross Profit": 137,
        "Operating Income": 62,
        "EBIT": NaN,
        "Net Income": 46
    },
    "2018-06-30": {
        "Diluted EPS": 0.36,
        "Total Revenue": 175,
        "Gross Profit": 138,
        "Operating Income": 64,
        "EBIT": NaN,
        "Net Income": 48
    },
    "2018-03-31": {
        "Diluted EPS": 0.38,
        "Total Revenue": 170,
        "Gross Profit": 140,
        "Operating Income": 69,
        "EBIT": NaN,
        "Net Income": 51
    },
    "2017-12-31": {
        "Diluted EPS": 0.13,
        "Total Revenue": 170,
        "Gross Profit": 143,
        "Operating Income": 66,
        "EBIT": NaN,
        "Net Income": 18
    },
    "2017-09-30": {
        "Diluted EPS": 0.33,
        "Total Revenue": 164,
        "Gross Profit": 140,
        "Operating Income": 73,
        "EBIT": NaN,
        "Net Income": 45
    },
    "2017-06-30": {
        "Diluted EPS": 0.3,
        "Total Revenue": 155,
        "Gross Profit": 133,
        "Operating Income": 67,
        "EBIT": NaN,
        "Net Income": 41
    },
    "2017-03-31": {
        "Diluted EPS": 0.27,
        "Total Revenue": 150,
        "Gross Profit": 133,
        "Operating Income": 60,
        "EBIT": NaN,
        "Net Income": 36
    },
    "2016-12-31": {
        "Diluted EPS": 0.29,
        "Total Revenue": 154,
        "Gross Profit": 135,
        "Operating Income": 71,
        "EBIT": NaN,
        "Net Income": 41
    },
    "2016-09-30": {
        "Diluted EPS": 0.22,
        "Total Revenue": 134,
        "Gross Profit": 118,
        "Operating Income": 54,
        "EBIT": NaN,
        "Net Income": 26
    },
    "2016-06-30": {
        "Diluted EPS": 0.29,
        "Total Revenue": 94,
        "Gross Profit": 82,
        "Operating Income": 42,
        "EBIT": NaN,
        "Net Income": 23
    },
    "2016-03-31": {
        "Diluted EPS": 0.3,
        "Total Revenue": 92,
        "Gross Profit": 80,
        "Operating Income": 41,
        "EBIT": NaN,
        "Net Income": 24
    },
    "2015-12-31": {
        "Diluted EPS": 0.28,
        "Total Revenue": 94,
        "Gross Profit": 83,
        "Operating Income": 40,
        "EBIT": NaN,
        "Net Income": 23
    },
    "2015-09-30": {
        "Diluted EPS": 0.32,
        "Total Revenue": 90,
        "Gross Profit": 80,
        "Operating Income": 43,
        "EBIT": NaN,
        "Net Income": 25
    },
    "2015-06-30": {
        "Diluted EPS": 0.29,
        "Total Revenue": 88,
        "Gross Profit": 78,
        "Operating Income": 38,
        "EBIT": NaN,
        "Net Income": 23
    },
    "2015-03-31": {
        "Diluted EPS": 0.27,
        "Total Revenue": 86,
        "Gross Profit": 76,
        "Operating Income": 36,
        "EBIT": NaN,
        "Net Income": 21
    },
    "2014-12-31": {
        "Diluted EPS": 0.28,
        "Total Revenue": 87,
        "Gross Profit": 77,
        "Operating Income": 40,
        "EBIT": NaN,
        "Net Income": 23
    },
    "2014-09-30": {
        "Diluted EPS": 0.27,
        "Total Revenue": 88,
        "Gross Profit": 79,
        "Operating Income": 36,
        "EBIT": NaN,
        "Net Income": 21
    },
    "2014-06-30": {
        "Diluted EPS": 0.28,
        "Total Revenue": 87,
        "Gross Profit": 78,
        "Operating Income": 37,
        "EBIT": NaN,
        "Net Income": 22
    },
    "2014-03-31": {
        "Diluted EPS": 0.28,
        "Total Revenue": 84,
        "Gross Profit": 76,
        "Operating Income": 37,
        "EBIT": NaN,
        "Net Income": 22
    },
    "2013-12-31": {
        "Diluted EPS": 0.22,
        "Total Revenue": 86,
        "Gross Profit": 78,
        "Operating Income": 35,
        "EBIT": NaN,
        "Net Income": 18
    },
    "2013-09-30": {
        "Diluted EPS": 0.3,
        "Total Revenue": 83,
        "Gross Profit": 75,
        "Operating Income": 40,
        "EBIT": NaN,
        "Net Income": 24
    },
    "2013-06-30": {
        "Diluted EPS": 0.29,
        "Total Revenue": 80,
        "Gross Profit": 73,
        "Operating Income": 38,
        "EBIT": NaN,
        "Net Income": 23
    },
    "2013-03-31": {
        "Diluted EPS": 0.22,
        "Total Revenue": 77,
        "Gross Profit": 70,
        "Operating Income": 30,
        "EBIT": NaN,
        "Net Income": 17
    },
    "2012-12-31": {
        "Diluted EPS": 0.27,
        "Total Revenue": 77,
        "Gross Profit": 70,
        "Operating Income": 37,
        "EBIT": NaN,
        "Net Income": 22
    },
    "2012-09-30": {
        "Diluted EPS": 0.24,
        "Total Revenue": 73,
        "Gross Profit": 66,
        "Operating Income": 30,
        "EBIT": NaN,
        "Net Income": 18
    },
    "2012-06-30": {
        "Diluted EPS": 0.2,
        "Total Revenue": 77,
        "Gross Profit": 70,
        "Operating Income": 33,
        "EBIT": NaN,
        "Net Income": 16
    },
    "2012-03-31": {
        "Diluted EPS": 0.28,
        "Total Revenue": 80,
        "Gross Profit": 73,
        "Operating Income": 41,
        "EBIT": NaN,
        "Net Income": 22
    },
    "2011-12-31": {
        "Diluted EPS": 0.01,
        "Total Revenue": 55,
        "Gross Profit": 47,
        "Operating Income": 9,
        "EBIT": NaN,
        "Net Income": 3
    },
    "2011-09-30": {
        "Diluted EPS": 0.23,
        "Total Revenue": 43,
        "Gross Profit": 35,
        "Operating Income": 16,
        "EBIT": NaN,
        "Net Income": 9
    },
    "2011-06-30": {
        "Diluted EPS": 0.14,
        "Total Revenue": 45,
        "Gross Profit": 37,
        "Operating Income": 10,
        "EBIT": NaN,
        "Net Income": 5
    },
    "2011-03-31": {
        "Diluted EPS": 0.15,
        "Total Revenue": 42,
        "Gross Profit": 33,
        "Operating Income": 12,
        "EBIT": NaN,
        "Net Income": 6
    },
    "2010-12-31": {
        "Diluted EPS": 0.14,
        "Total Revenue": 42,
        "Gross Profit": 33,
        "Operating Income": 11,
        "EBIT": NaN,
        "Net Income": 5
    },
    "2010-09-30": {
        "Diluted EPS": 0.11,
        "Total Revenue": 44,
        "Gross Profit": 35,
        "Operating Income": 8,
        "EBIT": NaN,
        "Net Income": 4
    },
    "2010-06-30": {
        "Diluted EPS": -0.45,
        "Total Revenue": 40,
        "Gross Profit": 30,
        "Operating Income": -28,
        "EBIT": NaN,
        "Net Income": -17
    },
    "2010-03-31": {
        "Diluted EPS": -0.1,
        "Total Revenue": 48,
        "Gross Profit": 35,
        "Operating Income": -5,
        "EBIT": NaN,
        "Net Income": -4
    },
    "2009-12-31": {
        "Diluted EPS": -0.03,
        "Total Revenue": 47,
        "Gross Profit": 32,
        "Operating Income": -1,
        "EBIT": NaN,
        "Net Income": -2
    },
    "2009-09-30": {
        "Diluted EPS": 0.11,
        "Total Revenue": 47,
        "Gross Profit": 29,
        "Operating Income": 6,
        "EBIT": NaN,
        "Net Income": 3
    },
    "2009-06-30": {
        "Diluted EPS": -0.27,
        "Total Revenue": 42,
        "Gross Profit": 25,
        "Operating Income": -11,
        "EBIT": NaN,
        "Net Income": -7
    },
    "2009-03-31": {
        "Diluted EPS": -0.16,
        "Total Revenue": 40,
        "Gross Profit": 25,
        "Operating Income": -6,
        "EBIT": NaN,
        "Net Income": -4
    },
    "2023-09-30": {
        "Tax Effect Of Unusual Items": -124500.0,
        "Tax Rate For Calcs": 0.249,
        "Total Unusual Items": -500000.0,
        "Total Unusual Items Excluding Goodwill": -500000.0,
        "Net Income From Continuing Operation Net Minority Interest": 30049000.0,
        "Net Interest Income": 135378000.0,
        "Interest Expense": 140415000.0,
        "Interest Income": 275793000.0,
        "Normalized Income": 30424500.0,
        "Net Income From Continuing And Discontinued Operation": 30049000.0,
        "Diluted Average Shares": 120374618.0,
        "Basic Average Shares": 120020567.0,
        "Diluted EPS": 0.25,
        "Basic EPS": 0.25,
        "Diluted NI Availto Com Stockholders": 30049000.0,
        "Net Income Common Stockholders": 30049000.0,
        "Net Income": 30049000.0,
        "Net Income Including Noncontrolling Interests": 30049000.0,
        "Net Income Continuous Operations": 30049000.0,
        "Tax Provision": 9961000.0,
        "Pretax Income": 40010000.0,
        "Special Income Charges": -500000.0,
        "Restructuring And Mergern Acquisition": 500000.0,
        "Securities Amortization": 1933000.0,
        "Gain On Sale Of Security": NaN,
        "Selling General And Administration": 54716000.0,
        "General And Administrative Expense": 54716000.0,
        "Insurance And Claims": 3683000.0,
        "Salaries And Wages": 51033000.0,
        "Total Revenue": 143683000.0,
        "Operating Revenue": 143683000.0,
        "Occupancy And Equipment": 12774000.0,
        "Professional Expense And Contract Services Expense": 2111000.0,
        "Other Non Interest Expense": 14777000.0
    },
    "2023-12-31": {
        "Tax Effect Of Unusual Items": 0.0,
        "Tax Rate For Calcs": 0.211992,
        "Total Unusual Items": NaN,
        "Total Unusual Items Excluding Goodwill": NaN,
        "Net Income From Continuing Operation Net Minority Interest": 26481000.0,
        "Net Interest Income": 125916000.0,
        "Interest Expense": 143308000.0,
        "Interest Income": 269224000.0,
        "Normalized Income": 26481000.0,
        "Net Income From Continuing And Discontinued Operation": 26481000.0,
        "Diluted Average Shares": 120761112.0,
        "Basic Average Shares": 120126786.0,
        "Diluted EPS": 0.22,
        "Basic EPS": 0.220442,
        "Diluted NI Availto Com Stockholders": 26481000.0,
        "Net Income Common Stockholders": 26481000.0,
        "Net Income": 26481000.0,
        "Net Income Including Noncontrolling Interests": 26481000.0,
        "Net Income Continuous Operations": 26481000.0,
        "Tax Provision": 7124000.0,
        "Pretax Income": 33605000.0,
        "Special Income Charges": NaN,
        "Restructuring And Mergern Acquisition": NaN,
        "Securities Amortization": 2634000.0,
        "Gain On Sale Of Security": NaN,
        "Selling General And Administration": 54476000.0,
        "General And Administrative Expense": 54476000.0,
        "Insurance And Claims": 7112000.0,
        "Salaries And Wages": 47364000.0,
        "Total Revenue": 135196000.0,
        "Operating Revenue": 135196000.0,
        "Occupancy And Equipment": 12533000.0,
        "Professional Expense And Contract Services Expense": 1394000.0,
        "Other Non Interest Expense": 17278000.0
    },
    "2024-03-31": {
        "Tax Effect Of Unusual Items": -331647.8,
        "Tax Rate For Calcs": 0.2794,
        "Total Unusual Items": -1187000.0,
        "Total Unusual Items Excluding Goodwill": -1187000.0,
        "Net Income From Continuing Operation Net Minority Interest": 25864000.0,
        "Net Interest Income": 115047000.0,
        "Interest Expense": 144627000.0,
        "Interest Income": 259674000.0,
        "Normalized Income": 26719352.2,
        "Net Income From Continuing And Discontinued Operation": 25864000.0,
        "Diluted Average Shares": 121020292.0,
        "Basic Average Shares": 120187300.0,
        "Diluted EPS": 0.21,
        "Basic EPS": 0.22,
        "Diluted NI Availto Com Stockholders": 25864000.0,
        "Net Income Common Stockholders": 25864000.0,
        "Net Income": 25864000.0,
        "Net Income Including Noncontrolling Interests": 25864000.0,
        "Net Income Continuous Operations": 25864000.0,
        "Tax Provision": 10030000.0,
        "Pretax Income": 35894000.0,
        "Special Income Charges": -1187000.0,
        "Restructuring And Mergern Acquisition": 1187000.0,
        "Securities Amortization": 2134000.0,
        "Gain On Sale Of Security": NaN,
        "Selling General And Administration": 51762000.0,
        "General And Administrative Expense": 51762000.0,
        "Insurance And Claims": 3926000.0,
        "Salaries And Wages": 47836000.0,
        "Total Revenue": 123333000.0,
        "Operating Revenue": 123333000.0,
        "Occupancy And Equipment": 12126000.0,
        "Professional Expense And Contract Services Expense": 2518000.0,
        "Other Non Interest Expense": 15112000.0
    },
    "2024-06-30": {
        "Tax Effect Of Unusual Items": -581302.5,
        "Tax Rate For Calcs": 0.2685,
        "Total Unusual Items": -2165000.0,
        "Total Unusual Items Excluding Goodwill": -2165000.0,
        "Net Income From Continuing Operation Net Minority Interest": 25270000.0,
        "Net Interest Income": 105860000.0,
        "Interest Expense": 126741000.0,
        "Interest Income": 232601000.0,
        "Normalized Income": 26853697.5,
        "Net Income From Continuing And Discontinued Operation": 25270000.0,
        "Diluted Average Shares": 120939429.0,
        "Basic Average Shares": 120664472.0,
        "Diluted EPS": 0.21,
        "Basic EPS": 0.21,
        "Diluted NI Availto Com Stockholders": 25270000.0,
        "Net Income Common Stockholders": 25270000.0,
        "Net Income": 25270000.0,
        "Net Income Including Noncontrolling Interests": 25270000.0,
        "Net Income Continuous Operations": 25270000.0,
        "Tax Provision": 9274000.0,
        "Pretax Income": 34544000.0,
        "Special Income Charges": -2165000.0,
        "Restructuring And Mergern Acquisition": 2165000.0,
        "Securities Amortization": 2284000.0,
        "Gain On Sale Of Security": 425000.0,
        "Selling General And Administration": 46801000.0,
        "General And Administrative Expense": 46801000.0,
        "Insurance And Claims": 2694000.0,
        "Salaries And Wages": 44107000.0,
        "Total Revenue": 116931000.0,
        "Operating Revenue": 116931000.0,
        "Occupancy And Equipment": 12381000.0,
        "Professional Expense And Contract Services Expense": 2191000.0,
        "Other Non Interest Expense": 15165000.0
    },
    "2024-09-30": {
        "Tax Effect Of Unusual Items": -354524.2,
        "Tax Rate For Calcs": 0.2474,
        "Total Unusual Items": -1433000.0,
        "Total Unusual Items Excluding Goodwill": -1433000.0,
        "Net Income From Continuing Operation Net Minority Interest": 24159000.0,
        "Net Interest Income": 104809000.0,
        "Interest Expense": 130275000.0,
        "Interest Income": 235084000.0,
        "Normalized Income": 25237475.8,
        "Net Income From Continuing And Discontinued Operation": 24159000.0,
        "Diluted Average Shares": 121159977.0,
        "Basic Average Shares": 120734581.0,
        "Diluted EPS": 0.2,
        "Basic EPS": 0.2,
        "Diluted NI Availto Com Stockholders": 24159000.0,
        "Net Income Common Stockholders": 24159000.0,
        "Net Income": 24159000.0,
        "Net Income Including Noncontrolling Interests": 24159000.0,
        "Net Income Continuous Operations": 24159000.0,
        "Tax Provision": 7941000.0,
        "Pretax Income": 32100000.0,
        "Special Income Charges": -1433000.0,
        "Restructuring And Mergern Acquisition": 1433000.0,
        "Securities Amortization": 2206000.0,
        "Gain On Sale Of Security": NaN,
        "Selling General And Administration": 46360000.0,
        "General And Administrative Expense": 46360000.0,
        "Insurance And Claims": 2200000.0,
        "Salaries And Wages": 44160000.0,
        "Total Revenue": 116648000.0,
        "Operating Revenue": 116648000.0,
        "Occupancy And Equipment": 12281000.0,
        "Professional Expense And Contract Services Expense": 1969000.0,
        "Other Non Interest Expense": 17019000.0
    }
}