{
    "2023-03-31": {
        "Tax Effect Of Unusual Items": NaN,
        "Tax Rate For Calcs": NaN,
        "Normalized EBITDA": NaN,
        "Net Income From Continuing Operation Net Minority Interest": NaN,
        "Reconciled Depreciation": NaN,
        "Reconciled Cost Of Revenue": NaN,
        "EBITDA": NaN,
        "EBIT": NaN,
        "Net Interest Income": NaN,
        "Interest Expense": NaN,
        "Normalized Income": NaN,
        "Net Income From Continuing And Discontinued Operation": NaN,
        "Total Expenses": NaN,
        "Rent Expense Supplemental": 113242.0,
        "Total Operating Income As Reported": NaN,
        "Diluted Average Shares": NaN,
        "Basic Average Shares": NaN,
        "Diluted EPS": NaN,
        "Basic EPS": NaN,
        "Diluted NI Availto Com Stockholders": NaN,
        "Net Income Common Stockholders": NaN,
        "Net Income": NaN,
        "Net Income Including Noncontrolling Interests": NaN,
        "Net Income Continuous Operations": NaN,
        "Tax Provision": NaN,
        "Pretax Income": NaN,
        "Other Income Expense": NaN,
        "Other Non Operating Income Expenses": NaN,
        "Net Non Operating Interest Income Expense": NaN,
        "Interest Expense Non Operating": NaN,
        "Operating Income": NaN,
        "Operating Expense": NaN,
        "Other Taxes": 60540.0,
        "Selling General And Administration": NaN,
        "Selling And Marketing Expense": NaN,
        "General And Administrative Expense": NaN,
        "Other Gand A": NaN,
        "Insurance And Claims": 137381.0,
        "Rent And Landing Fees": 113242.0,
        "Salaries And Wages": 1122180.0,
        "Gross Profit": NaN,
        "Cost Of Revenue": NaN,
        "Total Revenue": NaN,
        "Operating Revenue": NaN
    },
    "2022-12-31": {
        "Tax Effect Of Unusual Items": NaN,
        "Tax Rate For Calcs": NaN,
        "Normalized EBITDA": NaN,
        "Net Income From Continuing Operation Net Minority Interest": NaN,
        "Reconciled Depreciation": NaN,
        "Reconciled Cost Of Revenue": NaN,
        "EBITDA": NaN,
        "EBIT": NaN,
        "Net Interest Income": NaN,
        "Interest Expense": NaN,
        "Normalized Income": NaN,
        "Net Income From Continuing And Discontinued Operation": NaN,
        "Total Expenses": NaN,
        "Rent Expense Supplemental": 276876.0,
        "Total Operating Income As Reported": NaN,
        "Diluted Average Shares": NaN,
        "Basic Average Shares": NaN,
        "Diluted EPS": NaN,
        "Basic EPS": NaN,
        "Diluted NI Availto Com Stockholders": NaN,
        "Net Income Common Stockholders": NaN,
        "Net Income": NaN,
        "Net Income Including Noncontrolling Interests": NaN,
        "Net Income Continuous Operations": NaN,
        "Tax Provision": NaN,
        "Pretax Income": NaN,
        "Other Income Expense": NaN,
        "Other Non Operating Income Expenses": NaN,
        "Net Non Operating Interest Income Expense": NaN,
        "Interest Expense Non Operating": NaN,
        "Operating Income": NaN,
        "Operating Expense": NaN,
        "Other Taxes": -145412.0,
        "Selling General And Administration": NaN,
        "Selling And Marketing Expense": NaN,
        "General And Administrative Expense": NaN,
        "Other Gand A": NaN,
        "Insurance And Claims": 143469.0,
        "Rent And Landing Fees": 276876.0,
        "Salaries And Wages": 2338257.0,
        "Gross Profit": NaN,
        "Cost Of Revenue": NaN,
        "Total Revenue": NaN,
        "Operating Revenue": NaN
    },
    "2022-09-30": {
        "Tax Effect Of Unusual Items": NaN,
        "Tax Rate For Calcs": NaN,
        "Normalized EBITDA": NaN,
        "Net Income From Continuing Operation Net Minority Interest": NaN,
        "Reconciled Depreciation": NaN,
        "Reconciled Cost Of Revenue": NaN,
        "EBITDA": NaN,
        "EBIT": NaN,
        "Net Interest Income": NaN,
        "Interest Expense": NaN,
        "Normalized Income": NaN,
        "Net Income From Continuing And Discontinued Operation": NaN,
        "Total Expenses": NaN,
        "Rent Expense Supplemental": 131373.0,
        "Total Operating Income As Reported": NaN,
        "Diluted Average Shares": 33300058.0,
        "Basic Average Shares": 33300058.0,
        "Diluted EPS": 0.01,
        "Basic EPS": 0.01,
        "Diluted NI Availto Com Stockholders": NaN,
        "Net Income Common Stockholders": NaN,
        "Net Income": NaN,
        "Net Income Including Noncontrolling Interests": NaN,
        "Net Income Continuous Operations": NaN,
        "Tax Provision": NaN,
        "Pretax Income": NaN,
        "Other Income Expense": NaN,
        "Other Non Operating Income Expenses": NaN,
        "Net Non Operating Interest Income Expense": NaN,
        "Interest Expense Non Operating": NaN,
        "Operating Income": NaN,
        "Operating Expense": NaN,
        "Other Taxes": 8218.0,
        "Selling General And Administration": NaN,
        "Selling And Marketing Expense": NaN,
        "General And Administrative Expense": NaN,
        "Other Gand A": NaN,
        "Insurance And Claims": 173915.0,
        "Rent And Landing Fees": 131373.0,
        "Salaries And Wages": 1106339.0,
        "Gross Profit": NaN,
        "Cost Of Revenue": NaN,
        "Total Revenue": NaN,
        "Operating Revenue": NaN
    },
    "2022-06-30": {
        "Tax Effect Of Unusual Items": 0.0,
        "Tax Rate For Calcs": 0.236367,
        "Normalized EBITDA": -375747.0,
        "Net Income From Continuing Operation Net Minority Interest": -313407.0,
        "Reconciled Depreciation": 14102.0,
        "Reconciled Cost Of Revenue": 6443910.0,
        "EBITDA": -375747.0,
        "EBIT": -389849.0,
        "Net Interest Income": -20567.0,
        "Interest Expense": 20567.0,
        "Normalized Income": -313407.0,
        "Net Income From Continuing And Discontinued Operation": -313407.0,
        "Total Expenses": 15200177.0,
        "Rent Expense Supplemental": 101393.0,
        "Total Operating Income As Reported": -399659.0,
        "Diluted Average Shares": 34939695.0,
        "Basic Average Shares": 34939695.0,
        "Diluted EPS": -0.01,
        "Basic EPS": -0.01,
        "Diluted NI Availto Com Stockholders": -313407.0,
        "Net Income Common Stockholders": -313407.0,
        "Net Income": -313407.0,
        "Net Income Including Noncontrolling Interests": -313407.0,
        "Net Income Continuous Operations": -313407.0,
        "Tax Provision": -97009.0,
        "Pretax Income": -410416.0,
        "Other Income Expense": 9810.0,
        "Other Non Operating Income Expenses": 9810.0,
        "Net Non Operating Interest Income Expense": -20567.0,
        "Interest Expense Non Operating": 20567.0,
        "Operating Income": -399659.0,
        "Operating Expense": 8756267.0,
        "Other Taxes": 72166.0,
        "Selling General And Administration": 8684101.0,
        "Selling And Marketing Expense": 6502976.0,
        "General And Administrative Expense": 2181125.0,
        "Other Gand A": 633763.0,
        "Insurance And Claims": 115201.0,
        "Rent And Landing Fees": 101393.0,
        "Salaries And Wages": 1330768.0,
        "Gross Profit": 8356608.0,
        "Cost Of Revenue": 6443910.0,
        "Total Revenue": 14800518.0,
        "Operating Revenue": 15836298.0
    },
    "2022-03-31": {
        "Diluted EPS": -0.02,
        "Total Revenue": 12,
        "Gross Profit": 6,
        "Operating Income": -1,
        "EBIT": -1,
        "Net Income": -1
    },
    "2021-12-31": {
        "Diluted EPS": 0.07,
        "Total Revenue": 31,
        "Gross Profit": 17,
        "Operating Income": 3,
        "EBIT": 3,
        "Net Income": 3
    },
    "2021-09-30": {
        "Diluted EPS": 0.01,
        "Total Revenue": 10,
        "Gross Profit": 6,
        "Operating Income": 0,
        "EBIT": 0,
        "Net Income": 0
    },
    "2021-06-30": {
        "Diluted EPS": 0.03,
        "Total Revenue": 12,
        "Gross Profit": 7,
        "Operating Income": 1,
        "EBIT": 1,
        "Net Income": 1
    },
    "2021-03-31": {
        "Diluted EPS": 0.03,
        "Total Revenue": 9,
        "Gross Profit": 5,
        "Operating Income": 1,
        "EBIT": 1,
        "Net Income": 1
    },
    "2020-12-31": {
        "Diluted EPS": 0.0,
        "Total Revenue": NaN,
        "Gross Profit": NaN,
        "Operating Income": NaN,
        "EBIT": NaN,
        "Net Income": NaN
    },
    "2023-06-30": {
        "Tax Effect Of Unusual Items": NaN,
        "Tax Rate For Calcs": NaN,
        "Normalized EBITDA": NaN,
        "Net Income From Continuing Operation Net Minority Interest": NaN,
        "Reconciled Depreciation": NaN,
        "Reconciled Cost Of Revenue": NaN,
        "EBITDA": NaN,
        "EBIT": NaN,
        "Net Interest Income": NaN,
        "Interest Expense": NaN,
        "Normalized Income": NaN,
        "Net Income From Continuing And Discontinued Operation": NaN,
        "Total Expenses": NaN,
        "Rent Expense Supplemental": 107034.0,
        "Total Operating Income As Reported": NaN,
        "Diluted Average Shares": 35055293.0,
        "Basic Average Shares": 35055293.0,
        "Diluted EPS": -0.02,
        "Basic EPS": -0.02,
        "Diluted NI Availto Com Stockholders": NaN,
        "Net Income Common Stockholders": NaN,
        "Net Income": NaN,
        "Net Income Including Noncontrolling Interests": NaN,
        "Net Income Continuous Operations": NaN,
        "Tax Provision": NaN,
        "Pretax Income": NaN,
        "Other Income Expense": NaN,
        "Other Non Operating Income Expenses": NaN,
        "Net Non Operating Interest Income Expense": NaN,
        "Interest Expense Non Operating": NaN,
        "Operating Income": NaN,
        "Operating Expense": NaN,
        "Other Taxes": 46705.0,
        "Selling General And Administration": NaN,
        "Selling And Marketing Expense": NaN,
        "General And Administrative Expense": NaN,
        "Other Gand A": NaN,
        "Insurance And Claims": 140450.0,
        "Rent And Landing Fees": 107034.0,
        "Salaries And Wages": 1288015.0,
        "Gross Profit": NaN,
        "Cost Of Revenue": NaN,
        "Total Revenue": NaN,
        "Operating Revenue": NaN
    },
    "2023-09-30": {
        "Tax Effect Of Unusual Items": 0.0,
        "Tax Rate For Calcs": 0.21,
        "Normalized EBITDA": 199914.0,
        "Net Income From Continuing Operation Net Minority Interest": -15056.0,
        "Reconciled Depreciation": 114946.0,
        "Reconciled Cost Of Revenue": 13819798.0,
        "EBITDA": 199914.0,
        "EBIT": 84968.0,
        "Net Interest Income": -62476.0,
        "Interest Expense": 62476.0,
        "Normalized Income": -15056.0,
        "Net Income From Continuing And Discontinued Operation": -15056.0,
        "Total Expenses": 29083615.0,
        "Rent Expense Supplemental": 105623.0,
        "Total Operating Income As Reported": 68745.0,
        "Diluted Average Shares": 35058340.0,
        "Basic Average Shares": 35058340.0,
        "Diluted EPS": -0.000429,
        "Basic EPS": -0.000429,
        "Diluted NI Availto Com Stockholders": -15056.0,
        "Net Income Common Stockholders": -15056.0,
        "Net Income": -15056.0,
        "Net Income Including Noncontrolling Interests": -15056.0,
        "Net Income Continuous Operations": -15056.0,
        "Tax Provision": 37548.0,
        "Pretax Income": 22492.0,
        "Other Income Expense": 16223.0,
        "Other Non Operating Income Expenses": 16223.0,
        "Net Non Operating Interest Income Expense": -62476.0,
        "Interest Expense Non Operating": 62476.0,
        "Operating Income": 68745.0,
        "Operating Expense": 15263817.0,
        "Other Taxes": 21133.0,
        "Selling General And Administration": 15263817.0,
        "Selling And Marketing Expense": 13632333.0,
        "General And Administrative Expense": 1631484.0,
        "Other Gand A": 1631484.0,
        "Insurance And Claims": 130831.0,
        "Rent And Landing Fees": 105623.0,
        "Salaries And Wages": 1072099.0,
        "Gross Profit": 15332562.0,
        "Cost Of Revenue": 13819798.0,
        "Total Revenue": 29152360.0,
        "Operating Revenue": 31224799.0
    },
    "2023-12-31": {
        "Tax Effect Of Unusual Items": 0.0,
        "Tax Rate For Calcs": 0.351631,
        "Normalized EBITDA": -569581.0,
        "Net Income From Continuing Operation Net Minority Interest": -410026.0,
        "Reconciled Depreciation": -225353.0,
        "Reconciled Cost Of Revenue": 29275343.0,
        "EBITDA": -569581.0,
        "EBIT": -569581.0,
        "Net Interest Income": -62815.0,
        "Interest Expense": 62815.0,
        "Normalized Income": -410026.0,
        "Net Income From Continuing And Discontinued Operation": -410026.0,
        "Total Expenses": 60057402.0,
        "Rent Expense Supplemental": NaN,
        "Total Operating Income As Reported": -570617.0,
        "Diluted Average Shares": NaN,
        "Basic Average Shares": NaN,
        "Diluted EPS": NaN,
        "Basic EPS": NaN,
        "Diluted NI Availto Com Stockholders": -410026.0,
        "Net Income Common Stockholders": -410026.0,
        "Net Income": -410026.0,
        "Net Income Including Noncontrolling Interests": -410026.0,
        "Net Income Continuous Operations": -410026.0,
        "Tax Provision": -222370.0,
        "Pretax Income": -632396.0,
        "Other Income Expense": 1036.0,
        "Other Non Operating Income Expenses": 1036.0,
        "Net Non Operating Interest Income Expense": -62815.0,
        "Interest Expense Non Operating": 62815.0,
        "Operating Income": -570617.0,
        "Operating Expense": 30782059.0,
        "Other Taxes": NaN,
        "Selling General And Administration": 30910437.0,
        "Selling And Marketing Expense": 27750011.0,
        "General And Administrative Expense": 3160426.0,
        "Other Gand A": 7377281.0,
        "Insurance And Claims": NaN,
        "Rent And Landing Fees": NaN,
        "Salaries And Wages": NaN,
        "Gross Profit": 30211442.0,
        "Cost Of Revenue": 29275343.0,
        "Total Revenue": 59486785.0,
        "Operating Revenue": 63520224.0
    },
    "2024-03-31": {
        "Tax Effect Of Unusual Items": 0.0,
        "Tax Rate For Calcs": 0.2908,
        "Normalized EBITDA": 1643215.0,
        "Net Income From Continuing Operation Net Minority Interest": 1065814.0,
        "Reconciled Depreciation": 78165.0,
        "Reconciled Cost Of Revenue": 10228916.0,
        "EBITDA": 1643215.0,
        "EBIT": 1565050.0,
        "Net Interest Income": -62112.0,
        "Interest Expense": 62112.0,
        "Normalized Income": 1065814.0,
        "Net Income From Continuing And Discontinued Operation": 1065814.0,
        "Total Expenses": 23142950.0,
        "Rent Expense Supplemental": NaN,
        "Total Operating Income As Reported": 1538172.0,
        "Diluted Average Shares": 35095602.0,
        "Basic Average Shares": 35095602.0,
        "Diluted EPS": 0.03,
        "Basic EPS": 0.03,
        "Diluted NI Availto Com Stockholders": 1065814.0,
        "Net Income Common Stockholders": 1065814.0,
        "Net Income": 1065814.0,
        "Net Income Including Noncontrolling Interests": 1065814.0,
        "Net Income Continuous Operations": 1065814.0,
        "Tax Provision": 437124.0,
        "Pretax Income": 1502938.0,
        "Other Income Expense": 26878.0,
        "Other Non Operating Income Expenses": 26878.0,
        "Net Non Operating Interest Income Expense": -62112.0,
        "Interest Expense Non Operating": 62112.0,
        "Operating Income": 1538172.0,
        "Operating Expense": 12914034.0,
        "Other Taxes": NaN,
        "Selling General And Administration": 12914034.0,
        "Selling And Marketing Expense": 11174191.0,
        "General And Administrative Expense": 1739843.0,
        "Other Gand A": 1739843.0,
        "Insurance And Claims": NaN,
        "Rent And Landing Fees": NaN,
        "Salaries And Wages": NaN,
        "Gross Profit": 14452206.0,
        "Cost Of Revenue": 10228916.0,
        "Total Revenue": 24681122.0,
        "Operating Revenue": 26329386.0
    },
    "2024-06-30": {
        "Tax Effect Of Unusual Items": 0.0,
        "Tax Rate For Calcs": 0.301923,
        "Normalized EBITDA": 1083424.0,
        "Net Income From Continuing Operation Net Minority Interest": 649150.0,
        "Reconciled Depreciation": 91528.0,
        "Reconciled Cost Of Revenue": 12445297.0,
        "EBITDA": 1083424.0,
        "EBIT": 991896.0,
        "Net Interest Income": -61984.0,
        "Interest Expense": 61984.0,
        "Normalized Income": 649150.0,
        "Net Income From Continuing And Discontinued Operation": 649150.0,
        "Total Expenses": 27133511.0,
        "Rent Expense Supplemental": NaN,
        "Total Operating Income As Reported": 937196.0,
        "Diluted Average Shares": 35108804.0,
        "Basic Average Shares": 35108804.0,
        "Diluted EPS": 0.02,
        "Basic EPS": 0.02,
        "Diluted NI Availto Com Stockholders": 649150.0,
        "Net Income Common Stockholders": 649150.0,
        "Net Income": 649150.0,
        "Net Income Including Noncontrolling Interests": 649150.0,
        "Net Income Continuous Operations": 649150.0,
        "Tax Provision": 280762.0,
        "Pretax Income": 929912.0,
        "Other Income Expense": 54700.0,
        "Other Non Operating Income Expenses": 54700.0,
        "Net Non Operating Interest Income Expense": -61984.0,
        "Interest Expense Non Operating": 61984.0,
        "Operating Income": 937196.0,
        "Operating Expense": 14688214.0,
        "Other Taxes": NaN,
        "Selling General And Administration": 14688214.0,
        "Selling And Marketing Expense": 12843697.0,
        "General And Administrative Expense": 1844517.0,
        "Other Gand A": 1844517.0,
        "Insurance And Claims": NaN,
        "Rent And Landing Fees": NaN,
        "Salaries And Wages": NaN,
        "Gross Profit": 15625410.0,
        "Cost Of Revenue": 12445297.0,
        "Total Revenue": 28070707.0,
        "Operating Revenue": 30174832.0
    },
    "2024-09-30": {
        "Tax Effect Of Unusual Items": 0.0,
        "Tax Rate For Calcs": 0.316776,
        "Normalized EBITDA": 836711.0,
        "Net Income From Continuing Operation Net Minority Interest": 469647.0,
        "Reconciled Depreciation": 86451.0,
        "Reconciled Cost Of Revenue": 14036187.0,
        "EBITDA": 836711.0,
        "EBIT": 750260.0,
        "Net Interest Income": -62862.0,
        "Interest Expense": 62862.0,
        "Normalized Income": 469647.0,
        "Net Income From Continuing And Discontinued Operation": 469647.0,
        "Total Expenses": 30353655.0,
        "Rent Expense Supplemental": NaN,
        "Total Operating Income As Reported": 721843.0,
        "Diluted Average Shares": 35130677.0,
        "Basic Average Shares": 35130677.0,
        "Diluted EPS": 0.01,
        "Basic EPS": 0.01,
        "Diluted NI Availto Com Stockholders": 469647.0,
        "Net Income Common Stockholders": 469647.0,
        "Net Income": 469647.0,
        "Net Income Including Noncontrolling Interests": 469647.0,
        "Net Income Continuous Operations": 469647.0,
        "Tax Provision": 217751.0,
        "Pretax Income": 687398.0,
        "Other Income Expense": 28417.0,
        "Other Non Operating Income Expenses": 28417.0,
        "Net Non Operating Interest Income Expense": -62862.0,
        "Interest Expense Non Operating": 62862.0,
        "Operating Income": 721843.0,
        "Operating Expense": 16317468.0,
        "Other Taxes": NaN,
        "Selling General And Administration": 16317468.0,
        "Selling And Marketing Expense": 14585652.0,
        "General And Administrative Expense": 1731816.0,
        "Other Gand A": 1731816.0,
        "Insurance And Claims": NaN,
        "Rent And Landing Fees": NaN,
        "Salaries And Wages": NaN,
        "Gross Profit": 17039311.0,
        "Cost Of Revenue": 14036187.0,
        "Total Revenue": 31075498.0,
        "Operating Revenue": 33327554.0
    }
}