{
    "2023-03-31": {
        "Tax Effect Of Unusual Items": 0.0,
        "Tax Rate For Calcs": 0.191,
        "Normalized EBITDA": 4102000.0,
        "Net Income From Continuing Operation Net Minority Interest": 2318000.0,
        "Reconciled Depreciation": 697000.0,
        "Reconciled Cost Of Revenue": NaN,
        "EBITDA": 4102000.0,
        "EBIT": 3405000.0,
        "Net Interest Income": -494000.0,
        "Interest Expense": 540000.0,
        "Interest Income": 46000.0,
        "Normalized Income": 2318000.0,
        "Net Income From Continuing And Discontinued Operation": 2630000.0,
        "Total Expenses": 6541000.0,
        "Total Operating Income As Reported": 3316000.0,
        "Diluted Average Shares": 13782000.0,
        "Basic Average Shares": 13707000.0,
        "Diluted EPS": 0.19,
        "Basic EPS": 0.19,
        "Diluted NI Availto Com Stockholders": 2630000.0,
        "Net Income Common Stockholders": 2630000.0,
        "Net Income": 2630000.0,
        "Net Income Including Noncontrolling Interests": 2630000.0,
        "Net Income Discontinuous Operations": 312000.0,
        "Net Income Continuous Operations": 2318000.0,
        "Tax Provision": 547000.0,
        "Pretax Income": 2865000.0,
        "Other Income Expense": 43000.0,
        "Other Non Operating Income Expenses": 43000.0,
        "Net Non Operating Interest Income Expense": -494000.0,
        "Interest Expense Non Operating": 540000.0,
        "Interest Income Non Operating": 46000.0,
        "Operating Income": 3316000.0,
        "Operating Expense": 6541000.0,
        "Depreciation Amortization Depletion Income Statement": 697000.0,
        "Depreciation And Amortization In Income Statement": 697000.0,
        "Selling General And Administration": 5844000.0,
        "Gross Profit": NaN,
        "Cost Of Revenue": NaN,
        "Total Revenue": 9857000.0,
        "Operating Revenue": 9857000.0
    },
    "2022-12-31": {
        "Tax Effect Of Unusual Items": NaN,
        "Tax Rate For Calcs": NaN,
        "Normalized EBITDA": NaN,
        "Net Income From Continuing Operation Net Minority Interest": NaN,
        "Reconciled Depreciation": NaN,
        "Reconciled Cost Of Revenue": NaN,
        "EBITDA": NaN,
        "EBIT": NaN,
        "Net Interest Income": NaN,
        "Interest Expense": NaN,
        "Interest Income": NaN,
        "Normalized Income": NaN,
        "Net Income From Continuing And Discontinued Operation": NaN,
        "Total Expenses": NaN,
        "Total Operating Income As Reported": NaN,
        "Diluted Average Shares": 13741000.0,
        "Basic Average Shares": 13676000.0,
        "Diluted EPS": 0.2,
        "Basic EPS": 0.2,
        "Diluted NI Availto Com Stockholders": NaN,
        "Net Income Common Stockholders": NaN,
        "Net Income": NaN,
        "Net Income Including Noncontrolling Interests": NaN,
        "Net Income Discontinuous Operations": NaN,
        "Net Income Continuous Operations": NaN,
        "Tax Provision": NaN,
        "Pretax Income": NaN,
        "Other Income Expense": NaN,
        "Other Non Operating Income Expenses": NaN,
        "Net Non Operating Interest Income Expense": NaN,
        "Interest Expense Non Operating": NaN,
        "Interest Income Non Operating": NaN,
        "Operating Income": NaN,
        "Operating Expense": NaN,
        "Depreciation Amortization Depletion Income Statement": NaN,
        "Depreciation And Amortization In Income Statement": NaN,
        "Selling General And Administration": NaN,
        "Gross Profit": NaN,
        "Cost Of Revenue": NaN,
        "Total Revenue": NaN,
        "Operating Revenue": NaN
    },
    "2022-09-30": {
        "Tax Effect Of Unusual Items": NaN,
        "Tax Rate For Calcs": NaN,
        "Normalized EBITDA": NaN,
        "Net Income From Continuing Operation Net Minority Interest": NaN,
        "Reconciled Depreciation": NaN,
        "Reconciled Cost Of Revenue": 967000.0,
        "EBITDA": NaN,
        "EBIT": NaN,
        "Net Interest Income": NaN,
        "Interest Expense": NaN,
        "Interest Income": NaN,
        "Normalized Income": NaN,
        "Net Income From Continuing And Discontinued Operation": NaN,
        "Total Expenses": NaN,
        "Total Operating Income As Reported": NaN,
        "Diluted Average Shares": NaN,
        "Basic Average Shares": NaN,
        "Diluted EPS": NaN,
        "Basic EPS": NaN,
        "Diluted NI Availto Com Stockholders": NaN,
        "Net Income Common Stockholders": NaN,
        "Net Income": NaN,
        "Net Income Including Noncontrolling Interests": NaN,
        "Net Income Discontinuous Operations": NaN,
        "Net Income Continuous Operations": NaN,
        "Tax Provision": NaN,
        "Pretax Income": NaN,
        "Other Income Expense": NaN,
        "Other Non Operating Income Expenses": NaN,
        "Net Non Operating Interest Income Expense": NaN,
        "Interest Expense Non Operating": NaN,
        "Interest Income Non Operating": NaN,
        "Operating Income": NaN,
        "Operating Expense": NaN,
        "Depreciation Amortization Depletion Income Statement": NaN,
        "Depreciation And Amortization In Income Statement": NaN,
        "Selling General And Administration": NaN,
        "Gross Profit": 8238000.0,
        "Cost Of Revenue": 1123000.0,
        "Total Revenue": NaN,
        "Operating Revenue": NaN
    },
    "2022-06-30": {
        "Tax Effect Of Unusual Items": 0.0,
        "Tax Rate For Calcs": 0.151,
        "Normalized EBITDA": 6323000.0,
        "Net Income From Continuing Operation Net Minority Interest": 4757000.0,
        "Reconciled Depreciation": 610000.0,
        "Reconciled Cost Of Revenue": 947000.0,
        "EBITDA": 6323000.0,
        "EBIT": 5713000.0,
        "Net Interest Income": -55000.0,
        "Interest Expense": 109000.0,
        "Interest Income": 54000.0,
        "Normalized Income": 4757000.0,
        "Net Income From Continuing And Discontinued Operation": 4891000.0,
        "Total Expenses": 5087000.0,
        "Total Operating Income As Reported": 4201000.0,
        "Diluted Average Shares": 13691000.0,
        "Basic Average Shares": 13607000.0,
        "Diluted EPS": 0.36,
        "Basic EPS": 0.36,
        "Diluted NI Availto Com Stockholders": 4891000.0,
        "Net Income Common Stockholders": 4891000.0,
        "Net Income": 4891000.0,
        "Net Income Including Noncontrolling Interests": 4891000.0,
        "Net Income Discontinuous Operations": 134000.0,
        "Net Income Continuous Operations": 4757000.0,
        "Tax Provision": 847000.0,
        "Pretax Income": 5604000.0,
        "Other Income Expense": 1458000.0,
        "Other Non Operating Income Expenses": 1458000.0,
        "Net Non Operating Interest Income Expense": -55000.0,
        "Interest Expense Non Operating": 109000.0,
        "Interest Income Non Operating": 54000.0,
        "Operating Income": 4201000.0,
        "Operating Expense": 4140000.0,
        "Depreciation Amortization Depletion Income Statement": 610000.0,
        "Depreciation And Amortization In Income Statement": 610000.0,
        "Selling General And Administration": 3530000.0,
        "Gross Profit": 8341000.0,
        "Cost Of Revenue": 947000.0,
        "Total Revenue": 9288000.0,
        "Operating Revenue": 9288000.0
    },
    "2022-03-31": {
        "Diluted EPS": 0.04,
        "Total Revenue": 7,
        "Gross Profit": 7,
        "Operating Income": 4,
        "EBIT": 8,
        "Net Income": 1
    },
    "2021-12-31": {
        "Diluted EPS": 0.17,
        "Total Revenue": 7,
        "Gross Profit": 7,
        "Operating Income": 2,
        "EBIT": 2,
        "Net Income": 2
    },
    "2021-09-30": {
        "Diluted EPS": 0.23,
        "Total Revenue": 7,
        "Gross Profit": 7,
        "Operating Income": 3,
        "EBIT": 4,
        "Net Income": 3
    },
    "2021-06-30": {
        "Diluted EPS": 0.2,
        "Total Revenue": 6,
        "Gross Profit": 6,
        "Operating Income": 3,
        "EBIT": 4,
        "Net Income": 3
    },
    "2021-03-31": {
        "Diluted EPS": 0.27,
        "Total Revenue": 3,
        "Gross Profit": 3,
        "Operating Income": -1,
        "EBIT": 1,
        "Net Income": 4
    },
    "2020-12-31": {
        "Diluted EPS": 0.09,
        "Total Revenue": 3,
        "Gross Profit": 3,
        "Operating Income": 1,
        "EBIT": 1,
        "Net Income": 1
    },
    "2020-09-30": {
        "Diluted EPS": 0.15,
        "Total Revenue": 3,
        "Gross Profit": 3,
        "Operating Income": 2,
        "EBIT": 2,
        "Net Income": 2
    },
    "2020-06-30": {
        "Diluted EPS": 0.09,
        "Total Revenue": 3,
        "Gross Profit": 3,
        "Operating Income": 1,
        "EBIT": 1,
        "Net Income": 1
    },
    "2020-03-31": {
        "Diluted EPS": 0.06,
        "Total Revenue": 4,
        "Gross Profit": 4,
        "Operating Income": 1,
        "EBIT": 1,
        "Net Income": 1
    },
    "2019-12-31": {
        "Diluted EPS": 0.26,
        "Total Revenue": 6,
        "Gross Profit": 6,
        "Operating Income": 2,
        "EBIT": 3,
        "Net Income": 3
    },
    "2019-09-30": {
        "Diluted EPS": -0.6,
        "Total Revenue": 3,
        "Gross Profit": 3,
        "Operating Income": -4,
        "EBIT": -4,
        "Net Income": -8
    },
    "2019-06-30": {
        "Diluted EPS": 0.23,
        "Total Revenue": 3,
        "Gross Profit": 3,
        "Operating Income": 2,
        "EBIT": 2,
        "Net Income": 2
    },
    "2019-03-31": {
        "Diluted EPS": 0.17,
        "Total Revenue": 3,
        "Gross Profit": 3,
        "Operating Income": 2,
        "EBIT": 2,
        "Net Income": 2
    },
    "2018-12-31": {
        "Diluted EPS": 0.22,
        "Total Revenue": 4,
        "Gross Profit": 4,
        "Operating Income": 2,
        "EBIT": 2,
        "Net Income": 2
    },
    "2018-09-30": {
        "Diluted EPS": 0.11,
        "Total Revenue": 2,
        "Gross Profit": 2,
        "Operating Income": 1,
        "EBIT": 1,
        "Net Income": 1
    },
    "2018-06-30": {
        "Diluted EPS": 0.11,
        "Total Revenue": 24,
        "Gross Profit": 6,
        "Operating Income": 1,
        "EBIT": 1,
        "Net Income": 1
    },
    "2018-03-31": {
        "Diluted EPS": -0.24,
        "Total Revenue": 22,
        "Gross Profit": 6,
        "Operating Income": -2,
        "EBIT": -2,
        "Net Income": -1
    },
    "2017-12-31": {
        "Diluted EPS": -0.02,
        "Total Revenue": 25,
        "Gross Profit": 6,
        "Operating Income": 1,
        "EBIT": 1,
        "Net Income": 0
    },
    "2017-09-30": {
        "Diluted EPS": 0.17,
        "Total Revenue": 27,
        "Gross Profit": 7,
        "Operating Income": 2,
        "EBIT": 2,
        "Net Income": 1
    },
    "2017-06-30": {
        "Diluted EPS": 0.14,
        "Total Revenue": 25,
        "Gross Profit": 6,
        "Operating Income": 1,
        "EBIT": 1,
        "Net Income": 1
    },
    "2017-03-31": {
        "Diluted EPS": 0.04,
        "Total Revenue": 22,
        "Gross Profit": 6,
        "Operating Income": 0,
        "EBIT": 0,
        "Net Income": 0
    },
    "2016-12-31": {
        "Diluted EPS": 0.11,
        "Total Revenue": 26,
        "Gross Profit": 7,
        "Operating Income": 0,
        "EBIT": 0,
        "Net Income": 0
    },
    "2016-09-30": {
        "Diluted EPS": 0.12,
        "Total Revenue": 26,
        "Gross Profit": 7,
        "Operating Income": 1,
        "EBIT": 1,
        "Net Income": 1
    },
    "2016-06-30": {
        "Diluted EPS": 0.0,
        "Total Revenue": 22,
        "Gross Profit": 5,
        "Operating Income": 0,
        "EBIT": 0,
        "Net Income": 0
    },
    "2016-03-31": {
        "Diluted EPS": -0.12,
        "Total Revenue": 19,
        "Gross Profit": 5,
        "Operating Income": 0,
        "EBIT": 0,
        "Net Income": -1
    },
    "2015-12-31": {
        "Diluted EPS": 0.0,
        "Total Revenue": 22,
        "Gross Profit": 6,
        "Operating Income": 0,
        "EBIT": 0,
        "Net Income": 0
    },
    "2015-09-30": {
        "Diluted EPS": 0.12,
        "Total Revenue": 25,
        "Gross Profit": 6,
        "Operating Income": 1,
        "EBIT": 1,
        "Net Income": 1
    },
    "2015-06-30": {
        "Diluted EPS": 0.12,
        "Total Revenue": 23,
        "Gross Profit": 6,
        "Operating Income": 1,
        "EBIT": 1,
        "Net Income": 1
    },
    "2015-03-31": {
        "Diluted EPS": 0.0,
        "Total Revenue": 19,
        "Gross Profit": 5,
        "Operating Income": 0,
        "EBIT": 0,
        "Net Income": 0
    },
    "2014-12-31": {
        "Diluted EPS": 0.24,
        "Total Revenue": 24,
        "Gross Profit": 7,
        "Operating Income": 2,
        "EBIT": 2,
        "Net Income": 1
    },
    "2014-09-30": {
        "Diluted EPS": 1.08,
        "Total Revenue": 28,
        "Gross Profit": 8,
        "Operating Income": 3,
        "EBIT": 4,
        "Net Income": 6
    },
    "2014-06-30": {
        "Diluted EPS": 0.24,
        "Total Revenue": 22,
        "Gross Profit": 6,
        "Operating Income": 2,
        "EBIT": 2,
        "Net Income": 1
    },
    "2014-03-31": {
        "Diluted EPS": 0.12,
        "Total Revenue": 18,
        "Gross Profit": 5,
        "Operating Income": 1,
        "EBIT": 1,
        "Net Income": 1
    },
    "2013-12-31": {
        "Diluted EPS": 0.24,
        "Total Revenue": 25,
        "Gross Profit": 6,
        "Operating Income": 1,
        "EBIT": 2,
        "Net Income": 1
    },
    "2013-09-30": {
        "Diluted EPS": 0.24,
        "Total Revenue": 26,
        "Gross Profit": 7,
        "Operating Income": 2,
        "EBIT": 2,
        "Net Income": 1
    },
    "2013-06-30": {
        "Diluted EPS": 0.12,
        "Total Revenue": 23,
        "Gross Profit": 6,
        "Operating Income": 1,
        "EBIT": 1,
        "Net Income": 0
    },
    "2013-03-31": {
        "Diluted EPS": 0.0,
        "Total Revenue": 20,
        "Gross Profit": 5,
        "Operating Income": 0,
        "EBIT": 0,
        "Net Income": 0
    },
    "2012-12-31": {
        "Diluted EPS": 0.12,
        "Total Revenue": 27,
        "Gross Profit": 7,
        "Operating Income": 0,
        "EBIT": 1,
        "Net Income": 1
    },
    "2012-09-30": {
        "Diluted EPS": 0.12,
        "Total Revenue": 28,
        "Gross Profit": 7,
        "Operating Income": 1,
        "EBIT": 1,
        "Net Income": 1
    },
    "2012-06-30": {
        "Diluted EPS": 0.12,
        "Total Revenue": 24,
        "Gross Profit": 6,
        "Operating Income": 1,
        "EBIT": 1,
        "Net Income": 1
    },
    "2012-03-31": {
        "Diluted EPS": -0.12,
        "Total Revenue": 19,
        "Gross Profit": 5,
        "Operating Income": 0,
        "EBIT": 0,
        "Net Income": -1
    },
    "2011-12-31": {
        "Diluted EPS": 0.24,
        "Total Revenue": 20,
        "Gross Profit": 5,
        "Operating Income": 0,
        "EBIT": 0,
        "Net Income": 1
    },
    "2011-09-30": {
        "Diluted EPS": 0.24,
        "Total Revenue": 25,
        "Gross Profit": 6,
        "Operating Income": 1,
        "EBIT": 1,
        "Net Income": 1
    },
    "2011-06-30": {
        "Diluted EPS": 0.12,
        "Total Revenue": 20,
        "Gross Profit": 5,
        "Operating Income": 0,
        "EBIT": 1,
        "Net Income": 1
    },
    "2011-03-31": {
        "Diluted EPS": -0.48,
        "Total Revenue": 16,
        "Gross Profit": 3,
        "Operating Income": -1,
        "EBIT": -1,
        "Net Income": -2
    },
    "2010-12-31": {
        "Diluted EPS": -0.12,
        "Total Revenue": 19,
        "Gross Profit": 4,
        "Operating Income": -1,
        "EBIT": -1,
        "Net Income": -1
    },
    "2010-09-30": {
        "Diluted EPS": 0.24,
        "Total Revenue": 20,
        "Gross Profit": 5,
        "Operating Income": 1,
        "EBIT": 1,
        "Net Income": 1
    },
    "2010-06-30": {
        "Diluted EPS": 0.12,
        "Total Revenue": 19,
        "Gross Profit": 5,
        "Operating Income": 2,
        "EBIT": 2,
        "Net Income": 0
    },
    "2010-03-31": {
        "Diluted EPS": -0.6,
        "Total Revenue": 12,
        "Gross Profit": 3,
        "Operating Income": -1,
        "EBIT": 0,
        "Net Income": -2
    },
    "2009-12-31": {
        "Diluted EPS": -0.6,
        "Total Revenue": 13,
        "Gross Profit": 3,
        "Operating Income": -1,
        "EBIT": 0,
        "Net Income": -2
    },
    "2009-09-30": {
        "Diluted EPS": -0.12,
        "Total Revenue": 13,
        "Gross Profit": 4,
        "Operating Income": 0,
        "EBIT": 0,
        "Net Income": 0
    },
    "2009-06-30": {
        "Diluted EPS": -0.48,
        "Total Revenue": 12,
        "Gross Profit": 3,
        "Operating Income": -1,
        "EBIT": -1,
        "Net Income": -1
    },
    "2009-03-31": {
        "Diluted EPS": -0.72,
        "Total Revenue": 13,
        "Gross Profit": 3,
        "Operating Income": -2,
        "EBIT": -1,
        "Net Income": -2
    },
    "2023-06-30": {
        "Tax Effect Of Unusual Items": 0.0,
        "Tax Rate For Calcs": 0.185,
        "Normalized EBITDA": 3532000.0,
        "Net Income From Continuing Operation Net Minority Interest": 2053000.0,
        "Reconciled Depreciation": 700000.0,
        "Reconciled Cost Of Revenue": NaN,
        "EBITDA": 3532000.0,
        "EBIT": 2832000.0,
        "Net Interest Income": -246000.0,
        "Interest Expense": 314000.0,
        "Interest Income": 68000.0,
        "Normalized Income": 2053000.0,
        "Net Income From Continuing And Discontinued Operation": 2008000.0,
        "Total Expenses": 6325000.0,
        "Total Operating Income As Reported": 2665000.0,
        "Diluted Average Shares": 13817000.0,
        "Basic Average Shares": 13720000.0,
        "Diluted EPS": 0.15,
        "Basic EPS": 0.15,
        "Diluted NI Availto Com Stockholders": 2008000.0,
        "Net Income Common Stockholders": 2008000.0,
        "Net Income": 2008000.0,
        "Net Income Including Noncontrolling Interests": 2008000.0,
        "Net Income Discontinuous Operations": -45000.0,
        "Net Income Continuous Operations": 2053000.0,
        "Tax Provision": 465000.0,
        "Pretax Income": 2518000.0,
        "Other Income Expense": 99000.0,
        "Other Non Operating Income Expenses": 99000.0,
        "Net Non Operating Interest Income Expense": -246000.0,
        "Interest Expense Non Operating": 314000.0,
        "Interest Income Non Operating": 68000.0,
        "Operating Income": 2665000.0,
        "Operating Expense": 6325000.0,
        "Depreciation Amortization Depletion Income Statement": 700000.0,
        "Depreciation And Amortization In Income Statement": 700000.0,
        "Selling General And Administration": 5625000.0,
        "Gross Profit": NaN,
        "Cost Of Revenue": NaN,
        "Total Revenue": 8990000.0,
        "Operating Revenue": 8990000.0
    },
    "2023-09-30": {
        "Tax Effect Of Unusual Items": 0.0,
        "Tax Rate For Calcs": 0.245,
        "Normalized EBITDA": 3117000.0,
        "Net Income From Continuing Operation Net Minority Interest": 1598000.0,
        "Reconciled Depreciation": 699000.0,
        "Reconciled Cost Of Revenue": NaN,
        "EBITDA": 3117000.0,
        "EBIT": 2418000.0,
        "Net Interest Income": -219000.0,
        "Interest Expense": 302000.0,
        "Interest Income": 83000.0,
        "Normalized Income": 1598000.0,
        "Net Income From Continuing And Discontinued Operation": 1483000.0,
        "Total Expenses": 7053000.0,
        "Total Operating Income As Reported": 2218000.0,
        "Diluted Average Shares": 13820000.0,
        "Basic Average Shares": 13751000.0,
        "Diluted EPS": 0.11,
        "Basic EPS": 0.11,
        "Diluted NI Availto Com Stockholders": 1483000.0,
        "Net Income Common Stockholders": 1483000.0,
        "Net Income": 1483000.0,
        "Net Income Including Noncontrolling Interests": 1483000.0,
        "Net Income Discontinuous Operations": -115000.0,
        "Net Income Continuous Operations": 1598000.0,
        "Tax Provision": 518000.0,
        "Pretax Income": 2116000.0,
        "Other Income Expense": 117000.0,
        "Other Non Operating Income Expenses": 117000.0,
        "Net Non Operating Interest Income Expense": -219000.0,
        "Interest Expense Non Operating": 302000.0,
        "Interest Income Non Operating": 83000.0,
        "Operating Income": 2218000.0,
        "Operating Expense": 7053000.0,
        "Depreciation Amortization Depletion Income Statement": 699000.0,
        "Depreciation And Amortization In Income Statement": 699000.0,
        "Selling General And Administration": 6354000.0,
        "Gross Profit": NaN,
        "Cost Of Revenue": NaN,
        "Total Revenue": 9271000.0,
        "Operating Revenue": 9271000.0
    },
    "2023-12-31": {
        "Tax Effect Of Unusual Items": 0.0,
        "Tax Rate For Calcs": 0.21,
        "Normalized EBITDA": 1209000.0,
        "Net Income From Continuing Operation Net Minority Interest": 466000.0,
        "Reconciled Depreciation": 697000.0,
        "Reconciled Cost Of Revenue": NaN,
        "EBITDA": 1209000.0,
        "EBIT": 512000.0,
        "Net Interest Income": -165000.0,
        "Interest Expense": 231000.0,
        "Interest Income": 66000.0,
        "Normalized Income": 466000.0,
        "Net Income From Continuing And Discontinued Operation": 15000.0,
        "Total Expenses": 7321000.0,
        "Total Operating Income As Reported": 2443000.0,
        "Diluted Average Shares": NaN,
        "Basic Average Shares": NaN,
        "Diluted EPS": NaN,
        "Basic EPS": NaN,
        "Diluted NI Availto Com Stockholders": 15000.0,
        "Net Income Common Stockholders": 15000.0,
        "Net Income": 15000.0,
        "Net Income Including Noncontrolling Interests": 15000.0,
        "Net Income Discontinuous Operations": -451000.0,
        "Net Income Continuous Operations": 466000.0,
        "Tax Provision": -185000.0,
        "Pretax Income": 281000.0,
        "Other Income Expense": -1997000.0,
        "Other Non Operating Income Expenses": -1997000.0,
        "Net Non Operating Interest Income Expense": -165000.0,
        "Interest Expense Non Operating": 231000.0,
        "Interest Income Non Operating": 66000.0,
        "Operating Income": 2443000.0,
        "Operating Expense": 7321000.0,
        "Depreciation Amortization Depletion Income Statement": 697000.0,
        "Depreciation And Amortization In Income Statement": 697000.0,
        "Selling General And Administration": 6624000.0,
        "Gross Profit": NaN,
        "Cost Of Revenue": NaN,
        "Total Revenue": 9764000.0,
        "Operating Revenue": 9764000.0
    },
    "2024-03-31": {
        "Tax Effect Of Unusual Items": 0.0,
        "Tax Rate For Calcs": 0.167,
        "Normalized EBITDA": 2973000.0,
        "Net Income From Continuing Operation Net Minority Interest": 1692000.0,
        "Reconciled Depreciation": 698000.0,
        "Reconciled Cost Of Revenue": NaN,
        "EBITDA": 2973000.0,
        "EBIT": 2275000.0,
        "Net Interest Income": -107000.0,
        "Interest Expense": 243000.0,
        "Interest Income": 136000.0,
        "Normalized Income": 1692000.0,
        "Net Income From Continuing And Discontinued Operation": 1619000.0,
        "Total Expenses": 6317000.0,
        "Total Operating Income As Reported": 2102000.0,
        "Diluted Average Shares": 13886000.0,
        "Basic Average Shares": 13800000.0,
        "Diluted EPS": 0.12,
        "Basic EPS": 0.12,
        "Diluted NI Availto Com Stockholders": 1619000.0,
        "Net Income Common Stockholders": 1619000.0,
        "Net Income": 1619000.0,
        "Net Income Including Noncontrolling Interests": 1619000.0,
        "Net Income Discontinuous Operations": -73000.0,
        "Net Income Continuous Operations": 1692000.0,
        "Tax Provision": 340000.0,
        "Pretax Income": 2032000.0,
        "Other Income Expense": 37000.0,
        "Other Non Operating Income Expenses": 37000.0,
        "Net Non Operating Interest Income Expense": -107000.0,
        "Interest Expense Non Operating": 243000.0,
        "Interest Income Non Operating": 136000.0,
        "Operating Income": 2102000.0,
        "Operating Expense": 6317000.0,
        "Depreciation Amortization Depletion Income Statement": 698000.0,
        "Depreciation And Amortization In Income Statement": 698000.0,
        "Selling General And Administration": 5619000.0,
        "Gross Profit": NaN,
        "Cost Of Revenue": NaN,
        "Total Revenue": 8419000.0,
        "Operating Revenue": 8419000.0
    }
}