{
    "2023-04-30": {
        "Tax Effect Of Unusual Items": -726180.0,
        "Tax Rate For Calcs": 0.21,
        "Normalized EBITDA": 67508000.0,
        "Total Unusual Items": -3458000.0,
        "Total Unusual Items Excluding Goodwill": -3458000.0,
        "Net Income From Continuing Operation Net Minority Interest": 4094000.0,
        "Reconciled Depreciation": 39041000.0,
        "Reconciled Cost Of Revenue": 80731000.0,
        "EBITDA": 64050000.0,
        "EBIT": 25009000.0,
        "Net Interest Income": -14997000.0,
        "Interest Expense": 14997000.0,
        "Interest Income": 1598000.0,
        "Normalized Income": 6825820.0,
        "Net Income From Continuing And Discontinued Operation": 4094000.0,
        "Total Expenses": 217793000.0,
        "Total Operating Income As Reported": 23181000.0,
        "Diluted Average Shares": 86102000.0,
        "Basic Average Shares": 85030000.0,
        "Diluted EPS": 0.05,
        "Basic EPS": 0.05,
        "Diluted NI Availto Com Stockholders": 4094000.0,
        "Net Income Common Stockholders": 4094000.0,
        "Net Income": 4094000.0,
        "Net Income Including Noncontrolling Interests": 4094000.0,
        "Net Income Continuous Operations": 4094000.0,
        "Tax Provision": 5918000.0,
        "Pretax Income": 10012000.0,
        "Other Income Expense": -1630000.0,
        "Other Non Operating Income Expenses": 1828000.0,
        "Special Income Charges": -3458000.0,
        "Restructuring And Mergern Acquisition": 3458000.0,
        "Net Non Operating Interest Income Expense": -14997000.0,
        "Interest Expense Non Operating": 14997000.0,
        "Interest Income Non Operating": 1598000.0,
        "Operating Income": 26639000.0,
        "Operating Expense": 121187000.0,
        "Depreciation Amortization Depletion Income Statement": 23166000.0,
        "Depreciation And Amortization In Income Statement": 23166000.0,
        "Amortization": 23166000.0,
        "Amortization Of Intangibles Income Statement": 23166000.0,
        "Research And Development": 53192000.0,
        "Selling General And Administration": 44829000.0,
        "Selling And Marketing Expense": 19935000.0,
        "General And Administrative Expense": 24894000.0,
        "Other Gand A": 24894000.0,
        "Gross Profit": 147826000.0,
        "Cost Of Revenue": 96606000.0,
        "Total Revenue": 244432000.0,
        "Operating Revenue": 244432000.0
    },
    "2023-01-31": {
        "Tax Effect Of Unusual Items": -1073100.0,
        "Tax Rate For Calcs": 0.21,
        "Normalized EBITDA": 59898000.0,
        "Total Unusual Items": -5110000.0,
        "Total Unusual Items Excluding Goodwill": -5110000.0,
        "Net Income From Continuing Operation Net Minority Interest": -209000.0,
        "Reconciled Depreciation": 40475000.0,
        "Reconciled Cost Of Revenue": 82284000.0,
        "EBITDA": 54788000.0,
        "EBIT": 14313000.0,
        "Net Interest Income": -14305000.0,
        "Interest Expense": 14305000.0,
        "Interest Income": 1179000.0,
        "Normalized Income": 3827900.0,
        "Net Income From Continuing And Discontinued Operation": -209000.0,
        "Total Expenses": 215515000.0,
        "Total Operating Income As Reported": 13216000.0,
        "Diluted Average Shares": 84718000.0,
        "Basic Average Shares": 84718000.0,
        "Diluted EPS": -0.002467,
        "Basic EPS": -0.002467,
        "Diluted NI Availto Com Stockholders": -209000.0,
        "Net Income Common Stockholders": -209000.0,
        "Net Income": -209000.0,
        "Net Income Including Noncontrolling Interests": -209000.0,
        "Net Income Continuous Operations": -209000.0,
        "Tax Provision": 217000.0,
        "Pretax Income": 8000.0,
        "Other Income Expense": -4013000.0,
        "Other Non Operating Income Expenses": 1097000.0,
        "Special Income Charges": -5110000.0,
        "Restructuring And Mergern Acquisition": 5110000.0,
        "Net Non Operating Interest Income Expense": -14305000.0,
        "Interest Expense Non Operating": 14305000.0,
        "Interest Income Non Operating": 1179000.0,
        "Operating Income": 18326000.0,
        "Operating Expense": 115922000.0,
        "Depreciation Amortization Depletion Income Statement": 23166000.0,
        "Depreciation And Amortization In Income Statement": 23166000.0,
        "Amortization": 23166000.0,
        "Amortization Of Intangibles Income Statement": 23166000.0,
        "Research And Development": 52722000.0,
        "Selling General And Administration": 40034000.0,
        "Selling And Marketing Expense": 19201000.0,
        "General And Administrative Expense": 20833000.0,
        "Other Gand A": 20833000.0,
        "Gross Profit": 134248000.0,
        "Cost Of Revenue": 99593000.0,
        "Total Revenue": 233841000.0,
        "Operating Revenue": 233841000.0
    },
    "2022-10-31": {
        "Tax Effect Of Unusual Items": -1366890.0,
        "Tax Rate For Calcs": 0.21,
        "Normalized EBITDA": 52994000.0,
        "Total Unusual Items": -6509000.0,
        "Total Unusual Items Excluding Goodwill": -6509000.0,
        "Net Income From Continuing Operation Net Minority Interest": -1641000.0,
        "Reconciled Depreciation": 40500000.0,
        "Reconciled Cost Of Revenue": 72269000.0,
        "EBITDA": 46485000.0,
        "EBIT": 5985000.0,
        "Net Interest Income": -12165000.0,
        "Interest Expense": 12165000.0,
        "Interest Income": 443000.0,
        "Normalized Income": 3501110.0,
        "Net Income From Continuing And Discontinued Operation": -1641000.0,
        "Total Expenses": 204035000.0,
        "Total Operating Income As Reported": 5542000.0,
        "Diluted Average Shares": 84572000.0,
        "Basic Average Shares": 84572000.0,
        "Diluted EPS": -0.02,
        "Basic EPS": -0.02,
        "Diluted NI Availto Com Stockholders": -1641000.0,
        "Net Income Common Stockholders": -1641000.0,
        "Net Income": -1641000.0,
        "Net Income Including Noncontrolling Interests": -1641000.0,
        "Net Income Continuous Operations": -1641000.0,
        "Tax Provision": -4539000.0,
        "Pretax Income": -6180000.0,
        "Other Income Expense": -6066000.0,
        "Other Non Operating Income Expenses": 443000.0,
        "Special Income Charges": -6509000.0,
        "Restructuring And Mergern Acquisition": 6509000.0,
        "Net Non Operating Interest Income Expense": -12165000.0,
        "Interest Expense Non Operating": 12165000.0,
        "Interest Income Non Operating": 443000.0,
        "Operating Income": 12051000.0,
        "Operating Expense": 114807000.0,
        "Depreciation Amortization Depletion Income Statement": 23541000.0,
        "Depreciation And Amortization In Income Statement": 23541000.0,
        "Amortization": 23541000.0,
        "Amortization Of Intangibles Income Statement": 23541000.0,
        "Research And Development": 48890000.0,
        "Selling General And Administration": 42376000.0,
        "Selling And Marketing Expense": 17245000.0,
        "General And Administrative Expense": 25131000.0,
        "Other Gand A": 25131000.0,
        "Gross Profit": 126858000.0,
        "Cost Of Revenue": 89228000.0,
        "Total Revenue": 216086000.0,
        "Operating Revenue": 216086000.0
    },
    "2022-07-31": {
        "Tax Effect Of Unusual Items": -1782712.967635,
        "Tax Rate For Calcs": 0.232033,
        "Normalized EBITDA": 46043000.0,
        "Total Unusual Items": -7683000.0,
        "Total Unusual Items Excluding Goodwill": -7683000.0,
        "Net Income From Continuing Operation Net Minority Interest": -10654000.0,
        "Reconciled Depreciation": 40740000.0,
        "Reconciled Cost Of Revenue": 71771000.0,
        "EBITDA": 38360000.0,
        "EBIT": -2380000.0,
        "Net Interest Income": -11493000.0,
        "Interest Expense": 11493000.0,
        "Interest Income": 89000.0,
        "Normalized Income": -4753712.967635,
        "Net Income From Continuing And Discontinued Operation": -10654000.0,
        "Total Expenses": 200871000.0,
        "Total Operating Income As Reported": -2412000.0,
        "Diluted Average Shares": 84443000.0,
        "Basic Average Shares": 84443000.0,
        "Diluted EPS": -0.13,
        "Basic EPS": -0.13,
        "Diluted NI Availto Com Stockholders": -10654000.0,
        "Net Income Common Stockholders": -10654000.0,
        "Net Income": -10654000.0,
        "Net Income Including Noncontrolling Interests": -10654000.0,
        "Net Income Continuous Operations": -10654000.0,
        "Tax Provision": -3219000.0,
        "Pretax Income": -13873000.0,
        "Other Income Expense": -7651000.0,
        "Other Non Operating Income Expenses": 32000.0,
        "Special Income Charges": -7683000.0,
        "Restructuring And Mergern Acquisition": 7683000.0,
        "Net Non Operating Interest Income Expense": -11493000.0,
        "Interest Expense Non Operating": 11493000.0,
        "Interest Income Non Operating": 89000.0,
        "Operating Income": 5271000.0,
        "Operating Expense": 112541000.0,
        "Depreciation Amortization Depletion Income Statement": 24181000.0,
        "Depreciation And Amortization In Income Statement": 24181000.0,
        "Amortization": 24181000.0,
        "Amortization Of Intangibles Income Statement": 24181000.0,
        "Research And Development": 46580000.0,
        "Selling General And Administration": 41780000.0,
        "Selling And Marketing Expense": 15843000.0,
        "General And Administrative Expense": 25937000.0,
        "Other Gand A": 25937000.0,
        "Gross Profit": 117812000.0,
        "Cost Of Revenue": 88330000.0,
        "Total Revenue": 206142000.0,
        "Operating Revenue": 206142000.0
    },
    "2022-04-30": {
        "Diluted EPS": -0.16,
        "Total Revenue": 206,
        "Gross Profit": 111,
        "Operating Income": -7,
        "EBIT": 33,
        "Net Income": -14
    },
    "2022-01-31": {
        "Diluted EPS": -0.39,
        "Total Revenue": 203,
        "Gross Profit": 105,
        "Operating Income": -27,
        "EBIT": 12,
        "Net Income": -33
    },
    "2021-10-31": {
        "Diluted EPS": -0.06,
        "Total Revenue": 180,
        "Gross Profit": 103,
        "Operating Income": 0,
        "EBIT": 34,
        "Net Income": -5
    },
    "2021-07-31": {
        "Diluted EPS": -0.05,
        "Total Revenue": 189,
        "Gross Profit": 112,
        "Operating Income": -1,
        "EBIT": 33,
        "Net Income": -4
    },
    "2021-04-30": {
        "Diluted EPS": -0.03,
        "Total Revenue": 184,
        "Gross Profit": 103,
        "Operating Income": 4,
        "EBIT": 37,
        "Net Income": -3
    },
    "2021-01-31": {
        "Diluted EPS": 0.07,
        "Total Revenue": 188,
        "Gross Profit": 101,
        "Operating Income": -2,
        "EBIT": 30,
        "Net Income": 5
    },
    "2020-10-31": {
        "Diluted EPS": 0.02,
        "Total Revenue": 179,
        "Gross Profit": 105,
        "Operating Income": 12,
        "EBIT": 42,
        "Net Income": 2
    },
    "2020-07-31": {
        "Diluted EPS": 0.0,
        "Total Revenue": 176,
        "Gross Profit": 102,
        "Operating Income": 9,
        "EBIT": 39,
        "Net Income": 0
    },
    "2020-04-30": {
        "Diluted EPS": 0.03,
        "Total Revenue": 190,
        "Gross Profit": 108,
        "Operating Income": 15,
        "EBIT": 44,
        "Net Income": 2
    },
    "2020-01-31": {
        "Diluted EPS": -0.07,
        "Total Revenue": 201,
        "Gross Profit": 114,
        "Operating Income": 15,
        "EBIT": 43,
        "Net Income": 0
    },
    "2019-10-31": {
        "Diluted EPS": -0.3,
        "Total Revenue": 157,
        "Gross Profit": 96,
        "Operating Income": 10,
        "EBIT": 30,
        "Net Income": -21
    },
    "2019-07-31": {
        "Diluted EPS": 0.3,
        "Total Revenue": 87,
        "Gross Profit": 58,
        "Operating Income": 25,
        "EBIT": 30,
        "Net Income": 19
    },
    "2019-04-30": {
        "Diluted EPS": 0.65,
        "Total Revenue": 87,
        "Gross Profit": 58,
        "Operating Income": 28,
        "EBIT": 32,
        "Net Income": 42
    },
    "2019-01-31": {
        "Diluted EPS": 0.2,
        "Total Revenue": 76,
        "Gross Profit": 44,
        "Operating Income": 17,
        "EBIT": 21,
        "Net Income": 13
    },
    "2018-10-31": {
        "Diluted EPS": 0.25,
        "Total Revenue": 70,
        "Gross Profit": 46,
        "Operating Income": 19,
        "EBIT": 24,
        "Net Income": 16
    },
    "2018-07-31": {
        "Diluted EPS": 0.36,
        "Total Revenue": 71,
        "Gross Profit": 47,
        "Operating Income": 22,
        "EBIT": 26,
        "Net Income": 23
    },
    "2018-04-30": {
        "Diluted EPS": 0.36,
        "Total Revenue": 70,
        "Gross Profit": 44,
        "Operating Income": 21,
        "EBIT": 25,
        "Net Income": 23
    },
    "2018-01-31": {
        "Diluted EPS": 0.1,
        "Total Revenue": 60,
        "Gross Profit": 32,
        "Operating Income": 8,
        "EBIT": 13,
        "Net Income": 6
    },
    "2017-10-31": {
        "Diluted EPS": 0.17,
        "Total Revenue": 57,
        "Gross Profit": 34,
        "Operating Income": 14,
        "EBIT": 18,
        "Net Income": 10
    },
    "2017-07-31": {
        "Diluted EPS": 0.27,
        "Total Revenue": 57,
        "Gross Profit": 36,
        "Operating Income": 16,
        "EBIT": 20,
        "Net Income": 17
    },
    "2017-04-30": {
        "Diluted EPS": 0.23,
        "Total Revenue": 55,
        "Gross Profit": 34,
        "Operating Income": 16,
        "EBIT": 19,
        "Net Income": 14
    },
    "2017-01-31": {
        "Diluted EPS": 0.06,
        "Total Revenue": 47,
        "Gross Profit": 24,
        "Operating Income": 6,
        "EBIT": 10,
        "Net Income": 4
    },
    "2016-10-31": {
        "Diluted EPS": 0.1,
        "Total Revenue": 43,
        "Gross Profit": 26,
        "Operating Income": 9,
        "EBIT": 12,
        "Net Income": 6
    },
    "2016-07-31": {
        "Diluted EPS": 0.14,
        "Total Revenue": 44,
        "Gross Profit": 29,
        "Operating Income": 13,
        "EBIT": 16,
        "Net Income": 8
    },
    "2016-04-30": {
        "Diluted EPS": 0.14,
        "Total Revenue": 44,
        "Gross Profit": 28,
        "Operating Income": 13,
        "EBIT": 16,
        "Net Income": 8
    },
    "2016-01-31": {
        "Diluted EPS": 0.04,
        "Total Revenue": 36,
        "Gross Profit": 18,
        "Operating Income": 4,
        "EBIT": 7,
        "Net Income": 3
    },
    "2015-10-31": {
        "Diluted EPS": 0.07,
        "Total Revenue": 31,
        "Gross Profit": 18,
        "Operating Income": 6,
        "EBIT": 8,
        "Net Income": 4
    },
    "2015-07-31": {
        "Diluted EPS": 0.08,
        "Total Revenue": 30,
        "Gross Profit": 19,
        "Operating Income": 7,
        "EBIT": 9,
        "Net Income": 4
    },
    "2015-04-30": {
        "Diluted EPS": 0.09,
        "Total Revenue": 30,
        "Gross Profit": 18,
        "Operating Income": 8,
        "EBIT": 10,
        "Net Income": 5
    },
    "2015-01-31": {
        "Diluted EPS": 0.02,
        "Total Revenue": 25,
        "Gross Profit": 13,
        "Operating Income": 2,
        "EBIT": 4,
        "Net Income": 4
    },
    "2014-10-31": {
        "Diluted EPS": 0.05,
        "Total Revenue": 22,
        "Gross Profit": 12,
        "Operating Income": 4,
        "EBIT": 6,
        "Net Income": 3
    },
    "2014-07-31": {
        "Diluted EPS": 0.06,
        "Total Revenue": 21,
        "Gross Profit": 12,
        "Operating Income": 5,
        "EBIT": 6,
        "Net Income": 2
    },
    "2014-04-30": {
        "Diluted EPS": 0.08,
        "Total Revenue": 20,
        "Gross Profit": 11,
        "Operating Income": 5,
        "EBIT": 7,
        "Net Income": 4
    },
    "2014-01-31": {
        "Diluted EPS": 0.0,
        "Total Revenue": NaN,
        "Gross Profit": NaN,
        "Operating Income": NaN,
        "EBIT": NaN,
        "Net Income": NaN
    },
    "2013-10-31": {
        "Diluted EPS": 0.04,
        "Total Revenue": 15,
        "Gross Profit": 8,
        "Operating Income": 3,
        "EBIT": 5,
        "Net Income": 1
    },
    "2013-07-31": {
        "Diluted EPS": 0.05,
        "Total Revenue": 15,
        "Gross Profit": 8,
        "Operating Income": 4,
        "EBIT": 4,
        "Net Income": 1
    },
    "2013-01-31": {
        "Diluted EPS": 0.0,
        "Total Revenue": NaN,
        "Gross Profit": NaN,
        "Operating Income": NaN,
        "EBIT": NaN,
        "Net Income": NaN
    },
    "2023-07-31": {
        "Tax Effect Of Unusual Items": -523264.0,
        "Tax Rate For Calcs": 0.256,
        "Normalized EBITDA": 67886000.0,
        "Total Unusual Items": -2044000.0,
        "Total Unusual Items Excluding Goodwill": -2044000.0,
        "Net Income From Continuing Operation Net Minority Interest": 10581000.0,
        "Reconciled Depreciation": 38346000.0,
        "Reconciled Cost Of Revenue": 77439000.0,
        "EBITDA": 65842000.0,
        "EBIT": 27496000.0,
        "Net Interest Income": -10788000.0,
        "Interest Expense": 13272000.0,
        "Interest Income": 2484000.0,
        "Normalized Income": 12101736.0,
        "Net Income From Continuing And Discontinued Operation": 10581000.0,
        "Total Expenses": 216765000.0,
        "Total Operating Income As Reported": 24740000.0,
        "Diluted Average Shares": 86341000.0,
        "Basic Average Shares": 85533000.0,
        "Diluted EPS": 0.12,
        "Basic EPS": 0.12,
        "Diluted NI Availto Com Stockholders": 10581000.0,
        "Net Income Common Stockholders": 10581000.0,
        "Net Income": 10581000.0,
        "Net Income Including Noncontrolling Interests": 10581000.0,
        "Net Income Continuous Operations": 10581000.0,
        "Tax Provision": 3643000.0,
        "Pretax Income": 14224000.0,
        "Other Income Expense": -1772000.0,
        "Other Non Operating Income Expenses": 272000.0,
        "Special Income Charges": -2044000.0,
        "Restructuring And Mergern Acquisition": 2044000.0,
        "Net Non Operating Interest Income Expense": -10788000.0,
        "Interest Expense Non Operating": 13272000.0,
        "Interest Income Non Operating": 2484000.0,
        "Operating Income": 26784000.0,
        "Operating Expense": 124146000.0,
        "Depreciation Amortization Depletion Income Statement": 23166000.0,
        "Depreciation And Amortization In Income Statement": 23166000.0,
        "Amortization": 23166000.0,
        "Amortization Of Intangibles Income Statement": 23166000.0,
        "Research And Development": 54767000.0,
        "Selling General And Administration": 46213000.0,
        "Selling And Marketing Expense": 19123000.0,
        "General And Administrative Expense": 27090000.0,
        "Other Gand A": 27090000.0,
        "Gross Profit": 150930000.0,
        "Cost Of Revenue": 92619000.0,
        "Total Revenue": 243549000.0,
        "Operating Revenue": 243549000.0
    },
    "2023-10-31": {
        "Tax Effect Of Unusual Items": -807567.221511,
        "Tax Rate For Calcs": 0.304168,
        "Normalized EBITDA": 60500000.0,
        "Total Unusual Items": -2655000.0,
        "Total Unusual Items Excluding Goodwill": -2655000.0,
        "Net Income From Continuing Operation Net Minority Interest": 14673000.0,
        "Reconciled Depreciation": 23213000.0,
        "Reconciled Cost Of Revenue": 90811000.0,
        "EBITDA": 57845000.0,
        "EBIT": 34632000.0,
        "Net Interest Income": -13545000.0,
        "Interest Expense": 13545000.0,
        "Interest Income": 3713000.0,
        "Normalized Income": 16520432.778489,
        "Net Income From Continuing And Discontinued Operation": 14673000.0,
        "Total Expenses": 215673000.0,
        "Total Operating Income As Reported": 30891000.0,
        "Diluted Average Shares": 87122000.0,
        "Basic Average Shares": 85697000.0,
        "Diluted EPS": 0.17,
        "Basic EPS": 0.17,
        "Diluted NI Availto Com Stockholders": 14673000.0,
        "Net Income Common Stockholders": 14673000.0,
        "Net Income": 14673000.0,
        "Net Income Including Noncontrolling Interests": 14673000.0,
        "Net Income Continuous Operations": 14673000.0,
        "Tax Provision": 6414000.0,
        "Pretax Income": 21087000.0,
        "Other Income Expense": 1086000.0,
        "Other Non Operating Income Expenses": 3741000.0,
        "Special Income Charges": -2655000.0,
        "Restructuring And Mergern Acquisition": 2655000.0,
        "Net Non Operating Interest Income Expense": -13545000.0,
        "Interest Expense Non Operating": 13545000.0,
        "Interest Income Non Operating": 3713000.0,
        "Operating Income": 33546000.0,
        "Operating Expense": 124862000.0,
        "Depreciation Amortization Depletion Income Statement": 23213000.0,
        "Depreciation And Amortization In Income Statement": 23213000.0,
        "Amortization": 23213000.0,
        "Amortization Of Intangibles Income Statement": 23213000.0,
        "Research And Development": 55614000.0,
        "Selling General And Administration": 46035000.0,
        "Selling And Marketing Expense": 19656000.0,
        "General And Administrative Expense": 26379000.0,
        "Other Gand A": 26379000.0,
        "Gross Profit": 158408000.0,
        "Cost Of Revenue": 90811000.0,
        "Total Revenue": 249219000.0,
        "Operating Revenue": 249219000.0
    }
}