{
    "2023-03-31": {
        "Tax Effect Of Unusual Items": 0.0,
        "Tax Rate For Calcs": 0.244732,
        "Normalized EBITDA": 910039000.0,
        "Net Income From Continuing Operation Net Minority Interest": 646077000.0,
        "Reconciled Depreciation": 32313000.0,
        "Reconciled Cost Of Revenue": 654650000.0,
        "EBIT": 877726000.0,
        "Net Interest Income": -22298000.0,
        "Interest Expense": 22298000.0,
        "Normalized Income": 646077000.0,
        "Net Income From Continuing And Discontinued Operation": 643429000.0,
        "Total Expenses": 1229147000.0,
        "Rent Expense Supplemental": 118111000.0,
        "Diluted Average Shares": 155561000.0,
        "Basic Average Shares": 152283376.0,
        "Diluted EPS": 4.12,
        "Basic EPS": 4.225208,
        "Diluted NI Availto Com Stockholders": 643429000.0,
        "Net Income Common Stockholders": 643429000.0,
        "Net Income": 643429000.0,
        "Net Income Including Noncontrolling Interests": 643429000.0,
        "Net Income Discontinuous Operations": -2648000.0,
        "Net Income Continuous Operations": 646077000.0,
        "Tax Provision": 209351000.0,
        "Pretax Income": 855428000.0,
        "Other Income Expense": 13224000.0,
        "Other Non Operating Income Expenses": 13224000.0,
        "Net Non Operating Interest Income Expense": -22298000.0,
        "Interest Expense Non Operating": 22298000.0,
        "Operating Income": 864502000.0,
        "Operating Expense": 574497000.0,
        "Other Operating Expenses": 179292000.0,
        "Provision For Doubtful Accounts": 34273000.0,
        "Depreciation Amortization Depletion Income Statement": 32313000.0,
        "Depreciation And Amortization In Income Statement": 32313000.0,
        "Selling General And Administration": 328619000.0,
        "Selling And Marketing Expense": 210508000.0,
        "General And Administrative Expense": 118111000.0,
        "Rent And Landing Fees": 118111000.0,
        "Gross Profit": 1438999000.0,
        "Cost Of Revenue": 654650000.0,
        "Total Revenue": 2093649000.0,
        "Operating Revenue": 2082677000.0
    },
    "2022-12-31": {
        "Tax Effect Of Unusual Items": 0.0,
        "Tax Rate For Calcs": 0.258856,
        "Normalized EBITDA": -246295000.0,
        "Net Income From Continuing Operation Net Minority Interest": -220863000.0,
        "Reconciled Depreciation": 32723000.0,
        "Reconciled Cost Of Revenue": 181011000.0,
        "EBIT": -279018000.0,
        "Net Interest Income": -18985000.0,
        "Interest Expense": 18985000.0,
        "Normalized Income": -220863000.0,
        "Net Income From Continuing And Discontinued Operation": -223579000.0,
        "Total Expenses": 449608000.0,
        "Rent Expense Supplemental": 101173000.0,
        "Diluted Average Shares": 154119000.0,
        "Basic Average Shares": 154119000.0,
        "Diluted EPS": -1.45,
        "Basic EPS": -1.45,
        "Diluted NI Availto Com Stockholders": -223579000.0,
        "Net Income Common Stockholders": -223579000.0,
        "Net Income": -223579000.0,
        "Net Income Including Noncontrolling Interests": -223579000.0,
        "Net Income Discontinuous Operations": -2716000.0,
        "Net Income Continuous Operations": -220863000.0,
        "Tax Provision": -77140000.0,
        "Pretax Income": -298003000.0,
        "Other Income Expense": 4185000.0,
        "Other Non Operating Income Expenses": 4185000.0,
        "Net Non Operating Interest Income Expense": -18985000.0,
        "Interest Expense Non Operating": 18985000.0,
        "Operating Income": -283203000.0,
        "Operating Expense": 268597000.0,
        "Other Operating Expenses": 97143000.0,
        "Provision For Doubtful Accounts": 22416000.0,
        "Depreciation Amortization Depletion Income Statement": 32723000.0,
        "Depreciation And Amortization In Income Statement": 32723000.0,
        "Selling General And Administration": 116315000.0,
        "Selling And Marketing Expense": 15142000.0,
        "General And Administrative Expense": 101173000.0,
        "Rent And Landing Fees": 101173000.0,
        "Gross Profit": -14606000.0,
        "Cost Of Revenue": 181011000.0,
        "Total Revenue": 166405000.0,
        "Operating Revenue": 157892000.0
    },
    "2022-09-30": {
        "Tax Effect Of Unusual Items": 0.0,
        "Tax Rate For Calcs": 0.243792,
        "Normalized EBITDA": -171876000.0,
        "Net Income From Continuing Operation Net Minority Interest": -167367000.0,
        "Reconciled Depreciation": 33624000.0,
        "Reconciled Cost Of Revenue": 160258000.0,
        "EBIT": -205500000.0,
        "Net Interest Income": -15824000.0,
        "Interest Expense": 15824000.0,
        "Normalized Income": -167367000.0,
        "Net Income From Continuing And Discontinued Operation": -168421000.0,
        "Total Expenses": 389096000.0,
        "Rent Expense Supplemental": 97590000.0,
        "Diluted Average Shares": 159284000.0,
        "Basic Average Shares": 159284000.0,
        "Diluted EPS": -1.06,
        "Basic EPS": -1.06,
        "Diluted NI Availto Com Stockholders": -168421000.0,
        "Net Income Common Stockholders": -168421000.0,
        "Net Income": -168421000.0,
        "Net Income Including Noncontrolling Interests": -168421000.0,
        "Net Income Discontinuous Operations": -1054000.0,
        "Net Income Continuous Operations": -167367000.0,
        "Tax Provision": -53957000.0,
        "Pretax Income": -221324000.0,
        "Other Income Expense": 3611000.0,
        "Other Non Operating Income Expenses": 3611000.0,
        "Net Non Operating Interest Income Expense": -15824000.0,
        "Interest Expense Non Operating": 15824000.0,
        "Operating Income": -209111000.0,
        "Operating Expense": 228838000.0,
        "Other Operating Expenses": 86646000.0,
        "Provision For Doubtful Accounts": 329000.0,
        "Depreciation Amortization Depletion Income Statement": 33624000.0,
        "Depreciation And Amortization In Income Statement": 33624000.0,
        "Selling General And Administration": 108239000.0,
        "Selling And Marketing Expense": 10649000.0,
        "General And Administrative Expense": 97590000.0,
        "Rent And Landing Fees": 97590000.0,
        "Gross Profit": 19727000.0,
        "Cost Of Revenue": 160258000.0,
        "Total Revenue": 179985000.0,
        "Operating Revenue": 170625000.0
    },
    "2022-06-30": {
        "Tax Effect Of Unusual Items": 0.0,
        "Tax Rate For Calcs": 0.234307,
        "Normalized EBITDA": 346785000.0,
        "Net Income From Continuing Operation Net Minority Interest": 224691000.0,
        "Reconciled Depreciation": 34716000.0,
        "Reconciled Cost Of Revenue": 391589000.0,
        "EBIT": 312069000.0,
        "Net Interest Income": -18621000.0,
        "Interest Expense": 18621000.0,
        "Normalized Income": 224691000.0,
        "Net Income From Continuing And Discontinued Operation": 222703000.0,
        "Total Expenses": 738469000.0,
        "Rent Expense Supplemental": 106639000.0,
        "Diluted Average Shares": 163283000.0,
        "Basic Average Shares": 159930321.0,
        "Diluted EPS": 1.36,
        "Basic EPS": 1.3925,
        "Diluted NI Availto Com Stockholders": 222703000.0,
        "Net Income Common Stockholders": 222703000.0,
        "Net Income": 222703000.0,
        "Net Income Including Noncontrolling Interests": 222703000.0,
        "Net Income Discontinuous Operations": -1988000.0,
        "Net Income Continuous Operations": 224691000.0,
        "Tax Provision": 68757000.0,
        "Pretax Income": 293448000.0,
        "Other Income Expense": 465000.0,
        "Other Non Operating Income Expenses": 465000.0,
        "Net Non Operating Interest Income Expense": -18621000.0,
        "Interest Expense Non Operating": 18621000.0,
        "Operating Income": 311604000.0,
        "Operating Expense": 346880000.0,
        "Other Operating Expenses": 133059000.0,
        "Provision For Doubtful Accounts": 12018000.0,
        "Depreciation Amortization Depletion Income Statement": 34716000.0,
        "Depreciation And Amortization In Income Statement": 34716000.0,
        "Selling General And Administration": 167087000.0,
        "Selling And Marketing Expense": 60448000.0,
        "General And Administrative Expense": 106639000.0,
        "Rent And Landing Fees": 106639000.0,
        "Gross Profit": 658484000.0,
        "Cost Of Revenue": 391589000.0,
        "Total Revenue": 1050073000.0,
        "Operating Revenue": 1031848000.0
    },
    "2022-03-31": {
        "Diluted EPS": 4.05,
        "Total Revenue": NaN,
        "Gross Profit": NaN,
        "Operating Income": 885,
        "EBIT": 921,
        "Net Income": 673
    },
    "2021-12-31": {
        "Diluted EPS": -1.1,
        "Total Revenue": 159,
        "Gross Profit": -131,
        "Operating Income": -277,
        "EBIT": -242,
        "Net Income": -191
    },
    "2021-09-30": {
        "Diluted EPS": -0.85,
        "Total Revenue": 193,
        "Gross Profit": -49,
        "Operating Income": -175,
        "EBIT": -139,
        "Net Income": -152
    },
    "2021-06-30": {
        "Diluted EPS": 0.0,
        "Total Revenue": NaN,
        "Gross Profit": NaN,
        "Operating Income": NaN,
        "EBIT": NaN,
        "Net Income": NaN
    },
    "2021-04-30": {
        "Diluted EPS": 5.06,
        "Total Revenue": NaN,
        "Gross Profit": NaN,
        "Operating Income": NaN,
        "EBIT": NaN,
        "Net Income": 947
    },
    "2021-03-31": {
        "Diluted EPS": 4.08,
        "Total Revenue": NaN,
        "Gross Profit": NaN,
        "Operating Income": 851,
        "EBIT": 890,
        "Net Income": 758
    },
    "2021-01-31": {
        "Diluted EPS": -1.27,
        "Total Revenue": 308,
        "Gross Profit": -72,
        "Operating Income": -264,
        "EBIT": -224,
        "Net Income": -233
    },
    "2020-12-31": {
        "Diluted EPS": -1.39,
        "Total Revenue": 142,
        "Gross Profit": -135,
        "Operating Income": -280,
        "EBIT": -241,
        "Net Income": -256
    },
    "2020-10-31": {
        "Diluted EPS": -1.18,
        "Total Revenue": 177,
        "Gross Profit": -69,
        "Operating Income": -205,
        "EBIT": -167,
        "Net Income": -224
    },
    "2020-09-30": {
        "Diluted EPS": -0.32,
        "Total Revenue": 417,
        "Gross Profit": 139,
        "Operating Income": -1,
        "EBIT": 39,
        "Net Income": -62
    },
    "2020-07-31": {
        "Diluted EPS": 0.47,
        "Total Revenue": 601,
        "Gross Profit": 286,
        "Operating Income": 153,
        "EBIT": 192,
        "Net Income": 91
    },
    "2020-04-30": {
        "Diluted EPS": 0.0,
        "Total Revenue": NaN,
        "Gross Profit": NaN,
        "Operating Income": NaN,
        "EBIT": NaN,
        "Net Income": NaN
    },
    "2020-01-31": {
        "Diluted EPS": -0.67,
        "Total Revenue": 519,
        "Gross Profit": 57,
        "Operating Income": -153,
        "EBIT": -108,
        "Net Income": -130
    },
    "2019-10-31": {
        "Diluted EPS": -0.95,
        "Total Revenue": 161,
        "Gross Profit": -92,
        "Operating Income": -243,
        "EBIT": -200,
        "Net Income": -188
    },
    "2019-07-31": {
        "Diluted EPS": -0.74,
        "Total Revenue": 150,
        "Gross Profit": -79,
        "Operating Income": -195,
        "EBIT": -157,
        "Net Income": -150
    },
    "2019-04-30": {
        "Diluted EPS": 0.0,
        "Total Revenue": NaN,
        "Gross Profit": NaN,
        "Operating Income": NaN,
        "EBIT": NaN,
        "Net Income": NaN
    },
    "2019-01-31": {
        "Diluted EPS": -0.62,
        "Total Revenue": 468,
        "Gross Profit": 47,
        "Operating Income": -138,
        "EBIT": -94,
        "Net Income": -126
    },
    "2018-10-31": {
        "Diluted EPS": -0.86,
        "Total Revenue": 149,
        "Gross Profit": -102,
        "Operating Income": -215,
        "EBIT": -174,
        "Net Income": -176
    },
    "2018-07-31": {
        "Diluted EPS": -0.74,
        "Total Revenue": 145,
        "Gross Profit": -76,
        "Operating Income": -182,
        "EBIT": -142,
        "Net Income": -153
    },
    "2018-04-30": {
        "Diluted EPS": 0.0,
        "Total Revenue": NaN,
        "Gross Profit": NaN,
        "Operating Income": NaN,
        "EBIT": NaN,
        "Net Income": NaN
    },
    "2018-01-31": {
        "Diluted EPS": -1.18,
        "Total Revenue": 488,
        "Gross Profit": 72,
        "Operating Income": -97,
        "EBIT": -49,
        "Net Income": -246
    },
    "2017-10-31": {
        "Diluted EPS": -0.74,
        "Total Revenue": 141,
        "Gross Profit": -99,
        "Operating Income": -216,
        "EBIT": -171,
        "Net Income": -154
    },
    "2017-07-31": {
        "Diluted EPS": -0.63,
        "Total Revenue": 138,
        "Gross Profit": -90,
        "Operating Income": -185,
        "EBIT": -142,
        "Net Income": -131
    },
    "2017-04-30": {
        "Diluted EPS": 0.0,
        "Total Revenue": NaN,
        "Gross Profit": NaN,
        "Operating Income": NaN,
        "EBIT": NaN,
        "Net Income": NaN
    },
    "2017-01-31": {
        "Diluted EPS": -0.5,
        "Total Revenue": 452,
        "Gross Profit": 287,
        "Operating Income": -125,
        "EBIT": -80,
        "Net Income": -105
    },
    "2016-10-31": {
        "Diluted EPS": -0.68,
        "Total Revenue": 131,
        "Gross Profit": 74,
        "Operating Income": -208,
        "EBIT": -162,
        "Net Income": -146
    },
    "2016-07-31": {
        "Diluted EPS": -0.56,
        "Total Revenue": 125,
        "Gross Profit": 73,
        "Operating Income": -185,
        "EBIT": -143,
        "Net Income": -124
    },
    "2016-04-30": {
        "Diluted EPS": 0.0,
        "Total Revenue": NaN,
        "Gross Profit": NaN,
        "Operating Income": NaN,
        "EBIT": NaN,
        "Net Income": NaN
    },
    "2016-01-31": {
        "Diluted EPS": -0.35,
        "Total Revenue": 475,
        "Gross Profit": 293,
        "Operating Income": -120,
        "EBIT": -75,
        "Net Income": -82
    },
    "2015-10-31": {
        "Diluted EPS": -0.55,
        "Total Revenue": 128,
        "Gross Profit": 66,
        "Operating Income": -234,
        "EBIT": -234,
        "Net Income": -145
    },
    "2015-07-31": {
        "Diluted EPS": -0.36,
        "Total Revenue": 138,
        "Gross Profit": 82,
        "Operating Income": -174,
        "EBIT": -174,
        "Net Income": -100
    },
    "2015-04-30": {
        "Diluted EPS": 0.0,
        "Total Revenue": NaN,
        "Gross Profit": NaN,
        "Operating Income": NaN,
        "EBIT": NaN,
        "Net Income": NaN
    },
    "2015-01-31": {
        "Diluted EPS": -0.13,
        "Total Revenue": 509,
        "Gross Profit": 322,
        "Operating Income": -75,
        "EBIT": -75,
        "Net Income": -37
    },
    "2014-10-31": {
        "Diluted EPS": -0.41,
        "Total Revenue": 135,
        "Gross Profit": 65,
        "Operating Income": -184,
        "EBIT": -184,
        "Net Income": -112
    },
    "2014-07-31": {
        "Diluted EPS": -0.42,
        "Total Revenue": 134,
        "Gross Profit": 82,
        "Operating Income": -161,
        "EBIT": -161,
        "Net Income": -116
    },
    "2014-04-30": {
        "Diluted EPS": 0.0,
        "Total Revenue": NaN,
        "Gross Profit": NaN,
        "Operating Income": NaN,
        "EBIT": NaN,
        "Net Income": NaN
    },
    "2014-01-31": {
        "Diluted EPS": -0.78,
        "Total Revenue": 200,
        "Gross Profit": 39,
        "Operating Income": -324,
        "EBIT": -324,
        "Net Income": -215
    },
    "2013-10-31": {
        "Diluted EPS": -0.39,
        "Total Revenue": 134,
        "Gross Profit": 74,
        "Operating Income": -167,
        "EBIT": -167,
        "Net Income": -105
    },
    "2013-07-31": {
        "Diluted EPS": -0.42,
        "Total Revenue": 127,
        "Gross Profit": 81,
        "Operating Income": -180,
        "EBIT": -165,
        "Net Income": -115
    },
    "2013-04-30": {
        "Diluted EPS": 0.0,
        "Total Revenue": NaN,
        "Gross Profit": NaN,
        "Operating Income": NaN,
        "EBIT": NaN,
        "Net Income": NaN
    },
    "2013-01-31": {
        "Diluted EPS": -0.07,
        "Total Revenue": 472,
        "Gross Profit": 312,
        "Operating Income": -93,
        "EBIT": -73,
        "Net Income": -18
    },
    "2012-10-31": {
        "Diluted EPS": -0.39,
        "Total Revenue": 137,
        "Gross Profit": 82,
        "Operating Income": -165,
        "EBIT": -142,
        "Net Income": -105
    },
    "2012-07-31": {
        "Diluted EPS": -0.39,
        "Total Revenue": 96,
        "Gross Profit": 57,
        "Operating Income": -172,
        "EBIT": -150,
        "Net Income": -107
    },
    "2012-04-30": {
        "Diluted EPS": 0.0,
        "Total Revenue": NaN,
        "Gross Profit": NaN,
        "Operating Income": NaN,
        "EBIT": NaN,
        "Net Income": NaN
    },
    "2012-01-31": {
        "Diluted EPS": -0.01,
        "Total Revenue": 663,
        "Gross Profit": 456,
        "Operating Income": -4,
        "EBIT": 20,
        "Net Income": -3
    },
    "2011-10-31": {
        "Diluted EPS": -0.47,
        "Total Revenue": 129,
        "Gross Profit": 68,
        "Operating Income": -206,
        "EBIT": -184,
        "Net Income": -142
    },
    "2011-07-31": {
        "Diluted EPS": -0.57,
        "Total Revenue": 101,
        "Gross Profit": 53,
        "Operating Income": -205,
        "EBIT": -182,
        "Net Income": -175
    },
    "2011-04-30": {
        "Diluted EPS": 0.0,
        "Total Revenue": NaN,
        "Gross Profit": NaN,
        "Operating Income": NaN,
        "EBIT": NaN,
        "Net Income": NaN
    },
    "2011-01-31": {
        "Diluted EPS": -0.04,
        "Total Revenue": 680,
        "Gross Profit": 473,
        "Operating Income": -3,
        "EBIT": -3,
        "Net Income": -13
    },
    "2010-10-31": {
        "Diluted EPS": -0.36,
        "Total Revenue": 120,
        "Gross Profit": 58,
        "Operating Income": -164,
        "EBIT": -164,
        "Net Income": -109
    },
    "2010-07-31": {
        "Diluted EPS": -0.41,
        "Total Revenue": 274,
        "Gross Profit": 106,
        "Operating Income": -188,
        "EBIT": -188,
        "Net Income": -131
    },
    "2010-04-30": {
        "Diluted EPS": 2.1,
        "Total Revenue": NaN,
        "Gross Profit": NaN,
        "Operating Income": NaN,
        "EBIT": NaN,
        "Net Income": 691
    },
    "2010-01-31": {
        "Diluted EPS": 0.15,
        "Total Revenue": 935,
        "Gross Profit": 289,
        "Operating Income": 94,
        "EBIT": 94,
        "Net Income": 51
    },
    "2009-10-31": {
        "Diluted EPS": -0.38,
        "Total Revenue": 326,
        "Gross Profit": -85,
        "Operating Income": -215,
        "EBIT": -215,
        "Net Income": -129
    },
    "2009-07-31": {
        "Diluted EPS": -0.4,
        "Total Revenue": 276,
        "Gross Profit": -111,
        "Operating Income": -214,
        "EBIT": -214,
        "Net Income": -134
    },
    "2009-04-30": {
        "Diluted EPS": 0.0,
        "Total Revenue": NaN,
        "Gross Profit": NaN,
        "Operating Income": NaN,
        "EBIT": NaN,
        "Net Income": NaN
    },
    "2009-01-31": {
        "Diluted EPS": 0.14,
        "Total Revenue": 993,
        "Gross Profit": 309,
        "Operating Income": 100,
        "EBIT": 100,
        "Net Income": 47
    },
    "2023-06-30": {
        "Tax Effect Of Unusual Items": 0.0,
        "Tax Rate For Calcs": 0.189699,
        "Normalized EBITDA": 422823000.0,
        "Net Income From Continuing Operation Net Minority Interest": 303953000.0,
        "Reconciled Depreciation": 31841000.0,
        "Reconciled Cost Of Revenue": 340203000.0,
        "EBIT": 390982000.0,
        "Net Interest Income": -15871000.0,
        "Interest Expense": 15871000.0,
        "Normalized Income": 303953000.0,
        "Net Income From Continuing And Discontinued Operation": 302271000.0,
        "Total Expenses": 655636000.0,
        "Rent Expense Supplemental": 111293000.0,
        "Diluted Average Shares": 153512000.0,
        "Basic Average Shares": 152284238.0,
        "Diluted EPS": 1.96,
        "Basic EPS": 1.984913,
        "Diluted NI Availto Com Stockholders": 302271000.0,
        "Net Income Common Stockholders": 302271000.0,
        "Net Income": 302271000.0,
        "Net Income Including Noncontrolling Interests": 302271000.0,
        "Net Income Discontinuous Operations": -1682000.0,
        "Net Income Continuous Operations": 303953000.0,
        "Tax Provision": 71158000.0,
        "Pretax Income": 375111000.0,
        "Other Income Expense": 14472000.0,
        "Other Non Operating Income Expenses": 14472000.0,
        "Net Non Operating Interest Income Expense": -15871000.0,
        "Interest Expense Non Operating": 15871000.0,
        "Operating Income": 376510000.0,
        "Operating Expense": 315433000.0,
        "Other Operating Expenses": 118960000.0,
        "Provision For Doubtful Accounts": 3383000.0,
        "Depreciation Amortization Depletion Income Statement": 31841000.0,
        "Depreciation And Amortization In Income Statement": 31841000.0,
        "Selling General And Administration": 161249000.0,
        "Selling And Marketing Expense": 49956000.0,
        "General And Administrative Expense": 111293000.0,
        "Rent And Landing Fees": 111293000.0,
        "Gross Profit": 691943000.0,
        "Cost Of Revenue": 340203000.0,
        "Total Revenue": 1032146000.0,
        "Operating Revenue": 1015739000.0
    }
}