{
    "2023-06-30": {
        "Tax Effect Of Unusual Items": 0.0,
        "Tax Rate For Calcs": 0.262136,
        "Normalized EBITDA": 346000000.0,
        "Net Income From Continuing Operation Net Minority Interest": 76000000.0,
        "Reconciled Depreciation": 189000000.0,
        "Reconciled Cost Of Revenue": 345000000.0,
        "EBITDA": 346000000.0,
        "EBIT": 157000000.0,
        "Net Interest Income": -54000000.0,
        "Interest Expense": 54000000.0,
        "Normalized Income": 76000000.0,
        "Net Income From Continuing And Discontinued Operation": 76000000.0,
        "Total Expenses": 645000000.0,
        "Diluted Average Shares": 28600000.0,
        "Basic Average Shares": 28400000.0,
        "Diluted EPS": 2.66,
        "Basic EPS": 2.68,
        "Diluted NI Availto Com Stockholders": 76000000.0,
        "Net Income Common Stockholders": 76000000.0,
        "Net Income": 76000000.0,
        "Net Income Including Noncontrolling Interests": 76000000.0,
        "Net Income Continuous Operations": 76000000.0,
        "Tax Provision": 27000000.0,
        "Pretax Income": 103000000.0,
        "Other Income Expense": NaN,
        "Other Non Operating Income Expenses": NaN,
        "Net Non Operating Interest Income Expense": -54000000.0,
        "Interest Expense Non Operating": 54000000.0,
        "Operating Income": 157000000.0,
        "Operating Expense": 139000000.0,
        "Depreciation Amortization Depletion Income Statement": 28000000.0,
        "Depreciation And Amortization In Income Statement": 28000000.0,
        "Selling General And Administration": 111000000.0,
        "Gross Profit": 296000000.0,
        "Cost Of Revenue": 506000000.0,
        "Total Revenue": 802000000.0,
        "Operating Revenue": 802000000.0
    },
    "2023-03-31": {
        "Tax Effect Of Unusual Items": NaN,
        "Tax Rate For Calcs": NaN,
        "Normalized EBITDA": NaN,
        "Net Income From Continuing Operation Net Minority Interest": NaN,
        "Reconciled Depreciation": NaN,
        "Reconciled Cost Of Revenue": NaN,
        "EBITDA": NaN,
        "EBIT": NaN,
        "Net Interest Income": NaN,
        "Interest Expense": NaN,
        "Normalized Income": NaN,
        "Net Income From Continuing And Discontinued Operation": NaN,
        "Total Expenses": NaN,
        "Diluted Average Shares": NaN,
        "Basic Average Shares": NaN,
        "Diluted EPS": NaN,
        "Basic EPS": NaN,
        "Diluted NI Availto Com Stockholders": NaN,
        "Net Income Common Stockholders": NaN,
        "Net Income": NaN,
        "Net Income Including Noncontrolling Interests": NaN,
        "Net Income Continuous Operations": NaN,
        "Tax Provision": NaN,
        "Pretax Income": NaN,
        "Other Income Expense": -1000000.0,
        "Other Non Operating Income Expenses": -1000000.0,
        "Net Non Operating Interest Income Expense": NaN,
        "Interest Expense Non Operating": NaN,
        "Operating Income": NaN,
        "Operating Expense": NaN,
        "Depreciation Amortization Depletion Income Statement": NaN,
        "Depreciation And Amortization In Income Statement": NaN,
        "Selling General And Administration": NaN,
        "Gross Profit": NaN,
        "Cost Of Revenue": NaN,
        "Total Revenue": NaN,
        "Operating Revenue": NaN
    },
    "2022-12-31": {
        "Tax Effect Of Unusual Items": NaN,
        "Tax Rate For Calcs": NaN,
        "Normalized EBITDA": NaN,
        "Net Income From Continuing Operation Net Minority Interest": NaN,
        "Reconciled Depreciation": NaN,
        "Reconciled Cost Of Revenue": NaN,
        "EBITDA": NaN,
        "EBIT": NaN,
        "Net Interest Income": NaN,
        "Interest Expense": NaN,
        "Normalized Income": NaN,
        "Net Income From Continuing And Discontinued Operation": NaN,
        "Total Expenses": NaN,
        "Diluted Average Shares": NaN,
        "Basic Average Shares": NaN,
        "Diluted EPS": NaN,
        "Basic EPS": NaN,
        "Diluted NI Availto Com Stockholders": NaN,
        "Net Income Common Stockholders": NaN,
        "Net Income": NaN,
        "Net Income Including Noncontrolling Interests": NaN,
        "Net Income Continuous Operations": NaN,
        "Tax Provision": NaN,
        "Pretax Income": NaN,
        "Other Income Expense": -4500000.0,
        "Other Non Operating Income Expenses": -1000000.0,
        "Net Non Operating Interest Income Expense": NaN,
        "Interest Expense Non Operating": NaN,
        "Operating Income": NaN,
        "Operating Expense": NaN,
        "Depreciation Amortization Depletion Income Statement": NaN,
        "Depreciation And Amortization In Income Statement": NaN,
        "Selling General And Administration": NaN,
        "Gross Profit": NaN,
        "Cost Of Revenue": NaN,
        "Total Revenue": NaN,
        "Operating Revenue": NaN
    },
    "2022-09-30": {
        "Tax Effect Of Unusual Items": 0.0,
        "Tax Rate For Calcs": 0.252212,
        "Normalized EBITDA": 333700000.0,
        "Total Unusual Items": NaN,
        "Total Unusual Items Excluding Goodwill": NaN,
        "Net Income From Continuing Operation Net Minority Interest": 101400000.0,
        "Reconciled Depreciation": 165100000.0,
        "Reconciled Cost Of Revenue": 300000000.0,
        "EBITDA": 333700000.0,
        "EBIT": 168600000.0,
        "Net Interest Income": -33000000.0,
        "Interest Expense": 33000000.0,
        "Normalized Income": 101400000.0,
        "Net Income From Continuing And Discontinued Operation": 101400000.0,
        "Total Expenses": 576600000.0,
        "Diluted Average Shares": 30200000.0,
        "Basic Average Shares": 29700000.0,
        "Diluted EPS": 3.36,
        "Basic EPS": 3.41,
        "Diluted NI Availto Com Stockholders": 101400000.0,
        "Net Income Common Stockholders": 101400000.0,
        "Net Income": 101400000.0,
        "Net Income Including Noncontrolling Interests": 101400000.0,
        "Net Income Continuous Operations": 101400000.0,
        "Tax Provision": 34200000.0,
        "Pretax Income": 135600000.0,
        "Other Income Expense": 100000.0,
        "Other Non Operating Income Expenses": 100000.0,
        "Special Income Charges": NaN,
        "Write Off": NaN,
        "Net Non Operating Interest Income Expense": -33000000.0,
        "Interest Expense Non Operating": 33000000.0,
        "Operating Income": 168500000.0,
        "Operating Expense": 137000000.0,
        "Depreciation Amortization Depletion Income Statement": 25500000.0,
        "Depreciation And Amortization In Income Statement": 25500000.0,
        "Selling General And Administration": 111500000.0,
        "Gross Profit": 305500000.0,
        "Cost Of Revenue": 439600000.0,
        "Total Revenue": 745100000.0,
        "Operating Revenue": 745100000.0
    },
    "2022-06-30": {
        "Tax Effect Of Unusual Items": 0.0,
        "Tax Rate For Calcs": 0.259487,
        "Normalized EBITDA": 275600000.0,
        "Total Unusual Items": NaN,
        "Total Unusual Items Excluding Goodwill": NaN,
        "Net Income From Continuing Operation Net Minority Interest": 72200000.0,
        "Reconciled Depreciation": 152900000.0,
        "Reconciled Cost Of Revenue": 420400000.0,
        "EBITDA": 275600000.0,
        "EBIT": 122700000.0,
        "Net Interest Income": -25200000.0,
        "Interest Expense": 25200000.0,
        "Normalized Income": 72200000.0,
        "Net Income From Continuing And Discontinued Operation": 72200000.0,
        "Total Expenses": 517400000.0,
        "Diluted Average Shares": 30300000.0,
        "Basic Average Shares": 29800000.0,
        "Diluted EPS": 2.38,
        "Basic EPS": 2.42,
        "Diluted NI Availto Com Stockholders": 72200000.0,
        "Net Income Common Stockholders": 72200000.0,
        "Net Income": 72200000.0,
        "Net Income Including Noncontrolling Interests": 72200000.0,
        "Net Income Continuous Operations": 72200000.0,
        "Tax Provision": 25300000.0,
        "Pretax Income": 97500000.0,
        "Other Income Expense": -300000.0,
        "Other Non Operating Income Expenses": -300000.0,
        "Special Income Charges": NaN,
        "Write Off": NaN,
        "Net Non Operating Interest Income Expense": -25200000.0,
        "Interest Expense Non Operating": 25200000.0,
        "Operating Income": 123000000.0,
        "Operating Expense": 97000000.0,
        "Depreciation Amortization Depletion Income Statement": NaN,
        "Depreciation And Amortization In Income Statement": NaN,
        "Selling General And Administration": 97000000.0,
        "Gross Profit": 220000000.0,
        "Cost Of Revenue": 420400000.0,
        "Total Revenue": 640400000.0,
        "Operating Revenue": 640400000.0
    },
    "2022-03-31": {
        "Diluted EPS": 1.92,
        "Total Revenue": 568,
        "Gross Profit": 318,
        "Operating Income": 89,
        "EBIT": 230,
        "Net Income": 58
    },
    "2021-12-31": {
        "Diluted EPS": 2.36,
        "Total Revenue": 578,
        "Gross Profit": 369,
        "Operating Income": 112,
        "EBIT": 245,
        "Net Income": 72
    },
    "2021-09-30": {
        "Diluted EPS": 2.37,
        "Total Revenue": 550,
        "Gross Profit": 321,
        "Operating Income": 117,
        "EBIT": 241,
        "Net Income": 72
    },
    "2021-06-30": {
        "Diluted EPS": 1.55,
        "Total Revenue": 491,
        "Gross Profit": 258,
        "Operating Income": 83,
        "EBIT": 201,
        "Net Income": 47
    },
    "2021-03-31": {
        "Diluted EPS": 1.09,
        "Total Revenue": 454,
        "Gross Profit": 228,
        "Operating Income": 62,
        "EBIT": 179,
        "Net Income": 33
    },
    "2020-12-31": {
        "Diluted EPS": 1.22,
        "Total Revenue": 520,
        "Gross Profit": 306,
        "Operating Income": 67,
        "EBIT": 184,
        "Net Income": 36
    },
    "2020-09-30": {
        "Diluted EPS": 1.35,
        "Total Revenue": 457,
        "Gross Profit": 237,
        "Operating Income": 74,
        "EBIT": 192,
        "Net Income": 40
    },
    "2020-06-30": {
        "Diluted EPS": 0.07,
        "Total Revenue": 368,
        "Gross Profit": 189,
        "Operating Income": 27,
        "EBIT": 145,
        "Net Income": 2
    },
    "2020-03-31": {
        "Diluted EPS": -0.13,
        "Total Revenue": 436,
        "Gross Profit": 200,
        "Operating Income": 23,
        "EBIT": 140,
        "Net Income": -4
    },
    "2019-12-31": {
        "Diluted EPS": 1.21,
        "Total Revenue": 540,
        "Gross Profit": 264,
        "Operating Income": 80,
        "EBIT": 203,
        "Net Income": 35
    },
    "2019-09-30": {
        "Diluted EPS": 0.32,
        "Total Revenue": 508,
        "Gross Profit": 267,
        "Operating Income": 88,
        "EBIT": 206,
        "Net Income": 9
    },
    "2019-06-30": {
        "Diluted EPS": 0.33,
        "Total Revenue": 475,
        "Gross Profit": 226,
        "Operating Income": 44,
        "EBIT": 161,
        "Net Income": 10
    },
    "2019-03-31": {
        "Diluted EPS": -0.23,
        "Total Revenue": 476,
        "Gross Profit": 195,
        "Operating Income": 23,
        "EBIT": 140,
        "Net Income": -7
    },
    "2018-12-31": {
        "Diluted EPS": 1.16,
        "Total Revenue": 544,
        "Gross Profit": 258,
        "Operating Income": 73,
        "EBIT": 189,
        "Net Income": 33
    },
    "2018-09-30": {
        "Diluted EPS": 1.6,
        "Total Revenue": 516,
        "Gross Profit": 260,
        "Operating Income": 83,
        "EBIT": 198,
        "Net Income": 46
    },
    "2018-06-30": {
        "Diluted EPS": -0.01,
        "Total Revenue": 486,
        "Gross Profit": 207,
        "Operating Income": 33,
        "EBIT": 145,
        "Net Income": 0
    },
    "2018-03-31": {
        "Diluted EPS": -0.36,
        "Total Revenue": 431,
        "Gross Profit": 184,
        "Operating Income": 17,
        "EBIT": 125,
        "Net Income": -10
    },
    "2017-12-31": {
        "Diluted EPS": 7.52,
        "Total Revenue": 492,
        "Gross Profit": 232,
        "Operating Income": 60,
        "EBIT": 171,
        "Net Income": 214
    },
    "2017-09-30": {
        "Diluted EPS": 0.45,
        "Total Revenue": 458,
        "Gross Profit": 230,
        "Operating Income": 49,
        "EBIT": 161,
        "Net Income": 13
    },
    "2017-06-30": {
        "Diluted EPS": -0.98,
        "Total Revenue": 416,
        "Gross Profit": 185,
        "Operating Income": -18,
        "EBIT": 91,
        "Net Income": -28
    },
    "2017-03-31": {
        "Diluted EPS": -1.39,
        "Total Revenue": 389,
        "Gross Profit": 157,
        "Operating Income": -17,
        "EBIT": 89,
        "Net Income": -39
    },
    "2016-12-31": {
        "Diluted EPS": -0.49,
        "Total Revenue": 405,
        "Gross Profit": 192,
        "Operating Income": 25,
        "EBIT": 133,
        "Net Income": -14
    },
    "2016-09-30": {
        "Diluted EPS": 0.11,
        "Total Revenue": 404,
        "Gross Profit": 194,
        "Operating Income": 38,
        "EBIT": 141,
        "Net Income": 3
    },
    "2016-06-30": {
        "Diluted EPS": -0.28,
        "Total Revenue": 380,
        "Gross Profit": 169,
        "Operating Income": 10,
        "EBIT": 106,
        "Net Income": -8
    },
    "2016-03-31": {
        "Diluted EPS": -0.05,
        "Total Revenue": 366,
        "Gross Profit": 148,
        "Operating Income": 4,
        "EBIT": 98,
        "Net Income": -2
    },
    "2015-12-31": {
        "Diluted EPS": 2.68,
        "Total Revenue": 422,
        "Gross Profit": 194,
        "Operating Income": 48,
        "EBIT": 154,
        "Net Income": 78
    },
    "2015-09-30": {
        "Diluted EPS": 0.69,
        "Total Revenue": 432,
        "Gross Profit": 197,
        "Operating Income": 44,
        "EBIT": 153,
        "Net Income": 21
    },
    "2015-06-30": {
        "Diluted EPS": 0.35,
        "Total Revenue": 423,
        "Gross Profit": 185,
        "Operating Income": 27,
        "EBIT": -554,
        "Net Income": 11
    },
    "2015-03-31": {
        "Diluted EPS": -2.25,
        "Total Revenue": NaN,
        "Gross Profit": NaN,
        "Operating Income": 73,
        "EBIT": 864,
        "Net Income": -70
    },
    "2014-12-31": {
        "Diluted EPS": -7.65,
        "Total Revenue": NaN,
        "Gross Profit": 984,
        "Operating Income": -114,
        "EBIT": NaN,
        "Net Income": -234
    },
    "2014-09-30": {
        "Diluted EPS": 4.8,
        "Total Revenue": NaN,
        "Gross Profit": NaN,
        "Operating Income": 370,
        "EBIT": NaN,
        "Net Income": 149
    },
    "2014-06-30": {
        "Diluted EPS": 2.25,
        "Total Revenue": NaN,
        "Gross Profit": NaN,
        "Operating Income": 264,
        "EBIT": NaN,
        "Net Income": 72
    },
    "2014-03-31": {
        "Diluted EPS": -2.25,
        "Total Revenue": NaN,
        "Gross Profit": NaN,
        "Operating Income": 91,
        "EBIT": 899,
        "Net Income": -69
    },
    "2013-12-31": {
        "Diluted EPS": -0.45,
        "Total Revenue": NaN,
        "Gross Profit": NaN,
        "Operating Income": 232,
        "EBIT": 955,
        "Net Income": -17
    },
    "2013-09-30": {
        "Diluted EPS": 6.6,
        "Total Revenue": NaN,
        "Gross Profit": NaN,
        "Operating Income": 574,
        "EBIT": NaN,
        "Net Income": 202
    },
    "2013-06-30": {
        "Diluted EPS": 3.75,
        "Total Revenue": NaN,
        "Gross Profit": NaN,
        "Operating Income": 372,
        "EBIT": NaN,
        "Net Income": 111
    },
    "2013-03-31": {
        "Diluted EPS": 0.15,
        "Total Revenue": NaN,
        "Gross Profit": NaN,
        "Operating Income": 234,
        "EBIT": 907,
        "Net Income": 6
    },
    "2012-12-31": {
        "Diluted EPS": -3.3,
        "Total Revenue": NaN,
        "Gross Profit": 994,
        "Operating Income": 99,
        "EBIT": 707,
        "Net Income": -95
    },
    "2012-09-30": {
        "Diluted EPS": 8.25,
        "Total Revenue": NaN,
        "Gross Profit": NaN,
        "Operating Income": 514,
        "EBIT": NaN,
        "Net Income": 243
    },
    "2012-06-30": {
        "Diluted EPS": 3.15,
        "Total Revenue": NaN,
        "Gross Profit": NaN,
        "Operating Income": 310,
        "EBIT": 890,
        "Net Income": 93
    },
    "2012-03-31": {
        "Diluted EPS": -1.95,
        "Total Revenue": NaN,
        "Gross Profit": 847,
        "Operating Income": 124,
        "EBIT": 704,
        "Net Income": -56
    },
    "2011-12-31": {
        "Diluted EPS": 1.5,
        "Total Revenue": NaN,
        "Gross Profit": 950,
        "Operating Income": 241,
        "EBIT": 815,
        "Net Income": 35
    },
    "2011-09-30": {
        "Diluted EPS": 7.05,
        "Total Revenue": NaN,
        "Gross Profit": NaN,
        "Operating Income": 464,
        "EBIT": NaN,
        "Net Income": 207
    },
    "2011-06-30": {
        "Diluted EPS": 1.8,
        "Total Revenue": NaN,
        "Gross Profit": 885,
        "Operating Income": 270,
        "EBIT": 750,
        "Net Income": 55
    },
    "2011-03-31": {
        "Diluted EPS": -4.8,
        "Total Revenue": NaN,
        "Gross Profit": 706,
        "Operating Income": 88,
        "EBIT": 615,
        "Net Income": -133
    },
    "2010-12-31": {
        "Diluted EPS": -0.75,
        "Total Revenue": NaN,
        "Gross Profit": 800,
        "Operating Income": 193,
        "EBIT": 714,
        "Net Income": -28
    },
    "2010-09-30": {
        "Diluted EPS": 5.4,
        "Total Revenue": NaN,
        "Gross Profit": NaN,
        "Operating Income": 357,
        "EBIT": 936,
        "Net Income": 155
    },
    "2010-06-30": {
        "Diluted EPS": -0.9,
        "Total Revenue": NaN,
        "Gross Profit": 805,
        "Operating Income": 176,
        "EBIT": 720,
        "Net Income": -25
    },
    "2010-03-31": {
        "Diluted EPS": -5.55,
        "Total Revenue": NaN,
        "Gross Profit": 648,
        "Operating Income": 21,
        "EBIT": 568,
        "Net Income": -150
    },
    "2009-12-31": {
        "Diluted EPS": 0.0,
        "Total Revenue": NaN,
        "Gross Profit": 716,
        "Operating Income": 97,
        "EBIT": 586,
        "Net Income": -34
    },
    "2009-09-30": {
        "Diluted EPS": 2.25,
        "Total Revenue": NaN,
        "Gross Profit": 923,
        "Operating Income": 244,
        "EBIT": 848,
        "Net Income": 65
    },
    "2009-06-30": {
        "Diluted EPS": 0.15,
        "Total Revenue": NaN,
        "Gross Profit": 766,
        "Operating Income": 145,
        "EBIT": 732,
        "Net Income": 4
    },
    "2009-03-31": {
        "Diluted EPS": -7.65,
        "Total Revenue": NaN,
        "Gross Profit": 610,
        "Operating Income": -47,
        "EBIT": 521,
        "Net Income": -164
    },
    "2023-09-30": {
        "Tax Effect Of Unusual Items": 0.0,
        "Tax Rate For Calcs": 0.23,
        "Normalized EBITDA": 402000000.0,
        "Net Income From Continuing Operation Net Minority Interest": 113000000.0,
        "Reconciled Depreciation": 196000000.0,
        "Reconciled Cost Of Revenue": 394000000.0,
        "EBITDA": 402000000.0,
        "EBIT": 206000000.0,
        "Net Interest Income": -60000000.0,
        "Interest Expense": 60000000.0,
        "Normalized Income": 113000000.0,
        "Net Income From Continuing And Discontinued Operation": 113000000.0,
        "Total Expenses": 705000000.0,
        "Diluted Average Shares": 28500000.0,
        "Basic Average Shares": 28300000.0,
        "Diluted EPS": 3.96,
        "Basic EPS": 3.99,
        "Diluted NI Availto Com Stockholders": 113000000.0,
        "Net Income Common Stockholders": 113000000.0,
        "Net Income": 113000000.0,
        "Net Income Including Noncontrolling Interests": 113000000.0,
        "Net Income Continuous Operations": 113000000.0,
        "Tax Provision": 33000000.0,
        "Pretax Income": 146000000.0,
        "Other Income Expense": 3000000.0,
        "Other Non Operating Income Expenses": 3000000.0,
        "Net Non Operating Interest Income Expense": -60000000.0,
        "Interest Expense Non Operating": 60000000.0,
        "Operating Income": 203000000.0,
        "Operating Expense": 144000000.0,
        "Depreciation Amortization Depletion Income Statement": 29000000.0,
        "Depreciation And Amortization In Income Statement": 29000000.0,
        "Selling General And Administration": 115000000.0,
        "Gross Profit": 347000000.0,
        "Cost Of Revenue": 561000000.0,
        "Total Revenue": 908000000.0,
        "Operating Revenue": 908000000.0
    },
    "2023-12-31": {
        "Tax Effect Of Unusual Items": 0.0,
        "Tax Rate For Calcs": 0.260163,
        "Normalized EBITDA": 377000000.0,
        "Net Income From Continuing Operation Net Minority Interest": 91000000.0,
        "Reconciled Depreciation": 192000000.0,
        "Reconciled Cost Of Revenue": 345000000.0,
        "EBITDA": 377000000.0,
        "EBIT": 185000000.0,
        "Net Interest Income": -62000000.0,
        "Interest Expense": 62000000.0,
        "Normalized Income": 91000000.0,
        "Net Income From Continuing And Discontinued Operation": 91000000.0,
        "Total Expenses": 653000000.0,
        "Diluted Average Shares": 28400000.0,
        "Basic Average Shares": 28200000.0,
        "Diluted EPS": 3.2,
        "Basic EPS": 3.23,
        "Diluted NI Availto Com Stockholders": 91000000.0,
        "Net Income Common Stockholders": 91000000.0,
        "Net Income": 91000000.0,
        "Net Income Including Noncontrolling Interests": 91000000.0,
        "Net Income Continuous Operations": 91000000.0,
        "Tax Provision": 32000000.0,
        "Pretax Income": 123000000.0,
        "Other Income Expense": 6000000.0,
        "Other Non Operating Income Expenses": 6000000.0,
        "Net Non Operating Interest Income Expense": -62000000.0,
        "Interest Expense Non Operating": 62000000.0,
        "Operating Income": 179000000.0,
        "Operating Expense": 145000000.0,
        "Depreciation Amortization Depletion Income Statement": 29000000.0,
        "Depreciation And Amortization In Income Statement": 29000000.0,
        "Selling General And Administration": 116000000.0,
        "Gross Profit": 324000000.0,
        "Cost Of Revenue": 508000000.0,
        "Total Revenue": 832000000.0,
        "Operating Revenue": 832000000.0
    },
    "2024-03-31": {
        "Tax Effect Of Unusual Items": 0.0,
        "Tax Rate For Calcs": 0.197531,
        "Normalized EBITDA": 331000000.0,
        "Net Income From Continuing Operation Net Minority Interest": 65000000.0,
        "Reconciled Depreciation": 189000000.0,
        "Reconciled Cost Of Revenue": 359000000.0,
        "EBITDA": 331000000.0,
        "EBIT": 142000000.0,
        "Net Interest Income": -61000000.0,
        "Interest Expense": 61000000.0,
        "Normalized Income": 65000000.0,
        "Net Income From Continuing And Discontinued Operation": 65000000.0,
        "Total Expenses": 663000000.0,
        "Diluted Average Shares": 28400000.0,
        "Basic Average Shares": 28300000.0,
        "Diluted EPS": 2.29,
        "Basic EPS": 2.3,
        "Diluted NI Availto Com Stockholders": 65000000.0,
        "Net Income Common Stockholders": 65000000.0,
        "Net Income": 65000000.0,
        "Net Income Including Noncontrolling Interests": 65000000.0,
        "Net Income Continuous Operations": 65000000.0,
        "Tax Provision": 16000000.0,
        "Pretax Income": 81000000.0,
        "Other Income Expense": 1000000.0,
        "Other Non Operating Income Expenses": 1000000.0,
        "Net Non Operating Interest Income Expense": -61000000.0,
        "Interest Expense Non Operating": 61000000.0,
        "Operating Income": 141000000.0,
        "Operating Expense": 144000000.0,
        "Depreciation Amortization Depletion Income Statement": 29000000.0,
        "Depreciation And Amortization In Income Statement": 29000000.0,
        "Selling General And Administration": 115000000.0,
        "Gross Profit": 285000000.0,
        "Cost Of Revenue": 519000000.0,
        "Total Revenue": 804000000.0,
        "Operating Revenue": 804000000.0
    },
    "2024-06-30": {
        "Tax Effect Of Unusual Items": 0.0,
        "Tax Rate For Calcs": 0.247312,
        "Normalized EBITDA": 351000000.0,
        "Net Income From Continuing Operation Net Minority Interest": 70000000.0,
        "Reconciled Depreciation": 195000000.0,
        "Reconciled Cost Of Revenue": 377000000.0,
        "EBITDA": 351000000.0,
        "EBIT": 156000000.0,
        "Net Interest Income": -63000000.0,
        "Interest Expense": 63000000.0,
        "Normalized Income": 70000000.0,
        "Net Income From Continuing And Discontinued Operation": 70000000.0,
        "Total Expenses": 692000000.0,
        "Diluted Average Shares": 28500000.0,
        "Basic Average Shares": 28400000.0,
        "Diluted EPS": 2.46,
        "Basic EPS": 2.46,
        "Diluted NI Availto Com Stockholders": 70000000.0,
        "Net Income Common Stockholders": 70000000.0,
        "Net Income": 70000000.0,
        "Net Income Including Noncontrolling Interests": 70000000.0,
        "Net Income Continuous Operations": 70000000.0,
        "Tax Provision": 23000000.0,
        "Pretax Income": 93000000.0,
        "Other Income Expense": NaN,
        "Other Non Operating Income Expenses": NaN,
        "Net Non Operating Interest Income Expense": -63000000.0,
        "Interest Expense Non Operating": 63000000.0,
        "Operating Income": 156000000.0,
        "Operating Expense": 150000000.0,
        "Depreciation Amortization Depletion Income Statement": 30000000.0,
        "Depreciation And Amortization In Income Statement": 30000000.0,
        "Selling General And Administration": 120000000.0,
        "Gross Profit": 306000000.0,
        "Cost Of Revenue": 542000000.0,
        "Total Revenue": 848000000.0,
        "Operating Revenue": 848000000.0
    },
    "2024-09-30": {
        "Tax Effect Of Unusual Items": 0.0,
        "Tax Rate For Calcs": 0.24,
        "Normalized EBITDA": 436000000.0,
        "Net Income From Continuing Operation Net Minority Interest": 122000000.0,
        "Reconciled Depreciation": 207000000.0,
        "Reconciled Cost Of Revenue": 406000000.0,
        "EBITDA": 436000000.0,
        "EBIT": 229000000.0,
        "Net Interest Income": -69000000.0,
        "Interest Expense": 69000000.0,
        "Normalized Income": 122000000.0,
        "Net Income From Continuing And Discontinued Operation": 122000000.0,
        "Total Expenses": 736000000.0,
        "Diluted Average Shares": 28500000.0,
        "Basic Average Shares": 28400000.0,
        "Diluted EPS": 4.28,
        "Basic EPS": 4.3,
        "Diluted NI Availto Com Stockholders": 122000000.0,
        "Net Income Common Stockholders": 122000000.0,
        "Net Income": 122000000.0,
        "Net Income Including Noncontrolling Interests": 122000000.0,
        "Net Income Continuous Operations": 122000000.0,
        "Tax Provision": 38000000.0,
        "Pretax Income": 160000000.0,
        "Other Income Expense": NaN,
        "Other Non Operating Income Expenses": NaN,
        "Net Non Operating Interest Income Expense": -69000000.0,
        "Interest Expense Non Operating": 69000000.0,
        "Operating Income": 229000000.0,
        "Operating Expense": 156000000.0,
        "Depreciation Amortization Depletion Income Statement": 33000000.0,
        "Depreciation And Amortization In Income Statement": 33000000.0,
        "Selling General And Administration": 123000000.0,
        "Gross Profit": 385000000.0,
        "Cost Of Revenue": 580000000.0,
        "Total Revenue": 965000000.0,
        "Operating Revenue": 965000000.0
    }
}