{
    "2023-03-31": {
        "Tax Effect Of Unusual Items": NaN,
        "Tax Rate For Calcs": NaN,
        "Normalized EBITDA": NaN,
        "Total Unusual Items": NaN,
        "Total Unusual Items Excluding Goodwill": NaN,
        "Net Income From Continuing Operation Net Minority Interest": NaN,
        "Reconciled Depreciation": NaN,
        "Reconciled Cost Of Revenue": NaN,
        "EBITDA": NaN,
        "EBIT": NaN,
        "Net Interest Income": NaN,
        "Interest Expense": NaN,
        "Interest Income": 3086000.0,
        "Normalized Income": NaN,
        "Net Income From Continuing And Discontinued Operation": NaN,
        "Total Expenses": NaN,
        "Total Operating Income As Reported": NaN,
        "Diluted Average Shares": NaN,
        "Basic Average Shares": NaN,
        "Diluted EPS": NaN,
        "Basic EPS": NaN,
        "Diluted NI Availto Com Stockholders": NaN,
        "Net Income Common Stockholders": NaN,
        "Net Income": NaN,
        "Net Income Including Noncontrolling Interests": NaN,
        "Net Income Continuous Operations": NaN,
        "Tax Provision": NaN,
        "Pretax Income": NaN,
        "Other Income Expense": NaN,
        "Other Non Operating Income Expenses": NaN,
        "Special Income Charges": NaN,
        "Other Special Charges": NaN,
        "Net Non Operating Interest Income Expense": NaN,
        "Interest Expense Non Operating": NaN,
        "Interest Income Non Operating": 3086000.0,
        "Operating Income": NaN,
        "Operating Expense": NaN,
        "Research And Development": NaN,
        "Selling General And Administration": NaN,
        "Selling And Marketing Expense": NaN,
        "General And Administrative Expense": NaN,
        "Other Gand A": NaN,
        "Gross Profit": NaN,
        "Cost Of Revenue": NaN,
        "Total Revenue": NaN,
        "Operating Revenue": NaN
    },
    "2022-12-31": {
        "Tax Effect Of Unusual Items": NaN,
        "Tax Rate For Calcs": NaN,
        "Normalized EBITDA": NaN,
        "Total Unusual Items": 0.0,
        "Total Unusual Items Excluding Goodwill": 0.0,
        "Net Income From Continuing Operation Net Minority Interest": NaN,
        "Reconciled Depreciation": NaN,
        "Reconciled Cost Of Revenue": NaN,
        "EBITDA": NaN,
        "EBIT": NaN,
        "Net Interest Income": NaN,
        "Interest Expense": NaN,
        "Interest Income": NaN,
        "Normalized Income": NaN,
        "Net Income From Continuing And Discontinued Operation": NaN,
        "Total Expenses": NaN,
        "Total Operating Income As Reported": NaN,
        "Diluted Average Shares": NaN,
        "Basic Average Shares": NaN,
        "Diluted EPS": NaN,
        "Basic EPS": NaN,
        "Diluted NI Availto Com Stockholders": NaN,
        "Net Income Common Stockholders": NaN,
        "Net Income": NaN,
        "Net Income Including Noncontrolling Interests": NaN,
        "Net Income Continuous Operations": NaN,
        "Tax Provision": NaN,
        "Pretax Income": NaN,
        "Other Income Expense": NaN,
        "Other Non Operating Income Expenses": NaN,
        "Special Income Charges": 0.0,
        "Other Special Charges": NaN,
        "Net Non Operating Interest Income Expense": NaN,
        "Interest Expense Non Operating": NaN,
        "Interest Income Non Operating": NaN,
        "Operating Income": NaN,
        "Operating Expense": NaN,
        "Research And Development": NaN,
        "Selling General And Administration": NaN,
        "Selling And Marketing Expense": NaN,
        "General And Administrative Expense": NaN,
        "Other Gand A": NaN,
        "Gross Profit": NaN,
        "Cost Of Revenue": NaN,
        "Total Revenue": NaN,
        "Operating Revenue": NaN
    },
    "2022-09-30": {
        "Tax Effect Of Unusual Items": NaN,
        "Tax Rate For Calcs": NaN,
        "Normalized EBITDA": NaN,
        "Total Unusual Items": 0.0,
        "Total Unusual Items Excluding Goodwill": 0.0,
        "Net Income From Continuing Operation Net Minority Interest": NaN,
        "Reconciled Depreciation": NaN,
        "Reconciled Cost Of Revenue": NaN,
        "EBITDA": NaN,
        "EBIT": NaN,
        "Net Interest Income": NaN,
        "Interest Expense": NaN,
        "Interest Income": NaN,
        "Normalized Income": NaN,
        "Net Income From Continuing And Discontinued Operation": NaN,
        "Total Expenses": NaN,
        "Total Operating Income As Reported": NaN,
        "Diluted Average Shares": NaN,
        "Basic Average Shares": NaN,
        "Diluted EPS": NaN,
        "Basic EPS": NaN,
        "Diluted NI Availto Com Stockholders": NaN,
        "Net Income Common Stockholders": NaN,
        "Net Income": NaN,
        "Net Income Including Noncontrolling Interests": NaN,
        "Net Income Continuous Operations": NaN,
        "Tax Provision": NaN,
        "Pretax Income": NaN,
        "Other Income Expense": NaN,
        "Other Non Operating Income Expenses": NaN,
        "Special Income Charges": 0.0,
        "Other Special Charges": NaN,
        "Net Non Operating Interest Income Expense": NaN,
        "Interest Expense Non Operating": NaN,
        "Interest Income Non Operating": NaN,
        "Operating Income": NaN,
        "Operating Expense": NaN,
        "Research And Development": NaN,
        "Selling General And Administration": NaN,
        "Selling And Marketing Expense": NaN,
        "General And Administrative Expense": NaN,
        "Other Gand A": NaN,
        "Gross Profit": NaN,
        "Cost Of Revenue": NaN,
        "Total Revenue": NaN,
        "Operating Revenue": NaN
    },
    "2022-06-30": {
        "Tax Effect Of Unusual Items": 0.0,
        "Tax Rate For Calcs": 0.195,
        "Normalized EBITDA": 39213000.0,
        "Total Unusual Items": NaN,
        "Total Unusual Items Excluding Goodwill": NaN,
        "Net Income From Continuing Operation Net Minority Interest": 23531000.0,
        "Reconciled Depreciation": 6055000.0,
        "Reconciled Cost Of Revenue": 18921000.0,
        "EBITDA": 39213000.0,
        "EBIT": 33158000.0,
        "Net Interest Income": -3927000.0,
        "Interest Expense": 3927000.0,
        "Normalized Income": 23531000.0,
        "Net Income From Continuing And Discontinued Operation": 23531000.0,
        "Total Expenses": 73912000.0,
        "Total Operating Income As Reported": 33116000.0,
        "Diluted Average Shares": 60922672.0,
        "Basic Average Shares": 59063358.0,
        "Diluted EPS": 0.39,
        "Basic EPS": 0.4,
        "Diluted NI Availto Com Stockholders": 23531000.0,
        "Net Income Common Stockholders": 23531000.0,
        "Net Income": 23531000.0,
        "Net Income Including Noncontrolling Interests": 23531000.0,
        "Net Income Continuous Operations": 23531000.0,
        "Tax Provision": 5700000.0,
        "Pretax Income": 29231000.0,
        "Other Income Expense": 42000.0,
        "Other Non Operating Income Expenses": 42000.0,
        "Special Income Charges": NaN,
        "Net Non Operating Interest Income Expense": -3927000.0,
        "Interest Expense Non Operating": 3927000.0,
        "Operating Income": 33116000.0,
        "Operating Expense": 54991000.0,
        "Research And Development": 12668000.0,
        "Selling General And Administration": 42323000.0,
        "Selling And Marketing Expense": 20160000.0,
        "General And Administrative Expense": 22163000.0,
        "Other Gand A": 22163000.0,
        "Gross Profit": 88107000.0,
        "Cost Of Revenue": 18921000.0,
        "Total Revenue": 107028000.0,
        "Operating Revenue": 107028000.0
    },
    "2023-06-30": {
        "Tax Effect Of Unusual Items": NaN,
        "Tax Rate For Calcs": NaN,
        "Normalized EBITDA": NaN,
        "Total Unusual Items": NaN,
        "Total Unusual Items Excluding Goodwill": NaN,
        "Net Income From Continuing Operation Net Minority Interest": NaN,
        "Reconciled Depreciation": NaN,
        "Reconciled Cost Of Revenue": NaN,
        "EBITDA": NaN,
        "EBIT": NaN,
        "Net Interest Income": NaN,
        "Interest Expense": NaN,
        "Interest Income": 3442000.0,
        "Normalized Income": NaN,
        "Net Income From Continuing And Discontinued Operation": NaN,
        "Total Expenses": NaN,
        "Total Operating Income As Reported": NaN,
        "Diluted Average Shares": NaN,
        "Basic Average Shares": NaN,
        "Diluted EPS": NaN,
        "Basic EPS": NaN,
        "Diluted NI Availto Com Stockholders": NaN,
        "Net Income Common Stockholders": NaN,
        "Net Income": NaN,
        "Net Income Including Noncontrolling Interests": NaN,
        "Net Income Continuous Operations": NaN,
        "Tax Provision": NaN,
        "Pretax Income": NaN,
        "Other Income Expense": NaN,
        "Other Non Operating Income Expenses": NaN,
        "Special Income Charges": NaN,
        "Other Special Charges": NaN,
        "Net Non Operating Interest Income Expense": NaN,
        "Interest Expense Non Operating": NaN,
        "Interest Income Non Operating": 3442000.0,
        "Operating Income": NaN,
        "Operating Expense": NaN,
        "Research And Development": NaN,
        "Selling General And Administration": NaN,
        "Selling And Marketing Expense": NaN,
        "General And Administrative Expense": NaN,
        "Other Gand A": NaN,
        "Gross Profit": NaN,
        "Cost Of Revenue": NaN,
        "Total Revenue": NaN,
        "Operating Revenue": NaN
    },
    "2022-03-31": {
        "Diluted EPS": 0.35,
        "Total Revenue": 85,
        "Gross Profit": 71,
        "Operating Income": 28,
        "EBIT": 33,
        "Net Income": 21
    },
    "2021-12-31": {
        "Diluted EPS": 0.38,
        "Total Revenue": 91,
        "Gross Profit": 73,
        "Operating Income": 29,
        "EBIT": 34,
        "Net Income": 23
    },
    "2021-09-30": {
        "Diluted EPS": -0.17,
        "Total Revenue": 81,
        "Gross Profit": 66,
        "Operating Income": 21,
        "EBIT": 26,
        "Net Income": -10
    },
    "2021-06-30": {
        "Diluted EPS": 0.24,
        "Total Revenue": 74,
        "Gross Profit": 61,
        "Operating Income": 23,
        "EBIT": 29,
        "Net Income": 14
    },
    "2021-03-31": {
        "Diluted EPS": 0.13,
        "Total Revenue": 60,
        "Gross Profit": 49,
        "Operating Income": 15,
        "EBIT": 20,
        "Net Income": 7
    },
    "2020-12-31": {
        "Diluted EPS": 5.3,
        "Total Revenue": 56,
        "Gross Profit": 46,
        "Operating Income": 9,
        "EBIT": 15,
        "Net Income": 0
    },
    "2020-09-30": {
        "Diluted EPS": -0.14,
        "Total Revenue": 46,
        "Gross Profit": 38,
        "Operating Income": 10,
        "EBIT": 13,
        "Net Income": -4
    },
    "2020-06-30": {
        "Diluted EPS": -1.34,
        "Total Revenue": 38,
        "Gross Profit": 32,
        "Operating Income": 7,
        "EBIT": 10,
        "Net Income": -10
    },
    "2020-03-31": {
        "Diluted EPS": -6.3,
        "Total Revenue": 20,
        "Gross Profit": 16,
        "Operating Income": -10,
        "EBIT": -7,
        "Net Income": -49
    },
    "2019-12-31": {
        "Diluted EPS": 0.0,
        "Total Revenue": NaN,
        "Gross Profit": NaN,
        "Operating Income": NaN,
        "EBIT": NaN,
        "Net Income": NaN
    },
    "2019-09-30": {
        "Diluted EPS": -5.26,
        "Total Revenue": NaN,
        "Gross Profit": NaN,
        "Operating Income": -30,
        "EBIT": -30,
        "Net Income": -41
    },
    "2023-09-30": {
        "Tax Effect Of Unusual Items": -2519628.0,
        "Tax Rate For Calcs": 0.258,
        "Normalized EBITDA": 74716000.0,
        "Total Unusual Items": -9766000.0,
        "Total Unusual Items Excluding Goodwill": -9766000.0,
        "Net Income From Continuing Operation Net Minority Interest": 38461000.0,
        "Reconciled Depreciation": 6106000.0,
        "Reconciled Cost Of Revenue": 32296000.0,
        "EBITDA": 64950000.0,
        "EBIT": 58844000.0,
        "Net Interest Income": -2906000.0,
        "Interest Expense": 7012000.0,
        "Interest Income": 4106000.0,
        "Normalized Income": 45707372.0,
        "Net Income From Continuing And Discontinued Operation": 38461000.0,
        "Total Expenses": 95759000.0,
        "Total Operating Income As Reported": 64509000.0,
        "Diluted Average Shares": 60681676.0,
        "Basic Average Shares": 59863102.0,
        "Diluted EPS": 0.63,
        "Basic EPS": 0.64,
        "Diluted NI Availto Com Stockholders": 38461000.0,
        "Net Income Common Stockholders": 38461000.0,
        "Net Income": 38461000.0,
        "Net Income Including Noncontrolling Interests": 38461000.0,
        "Net Income Continuous Operations": 38461000.0,
        "Tax Provision": 13371000.0,
        "Pretax Income": 51832000.0,
        "Other Income Expense": -9771000.0,
        "Other Non Operating Income Expenses": -5000.0,
        "Special Income Charges": -9766000.0,
        "Other Special Charges": 9766000.0,
        "Net Non Operating Interest Income Expense": -2906000.0,
        "Interest Expense Non Operating": 7012000.0,
        "Interest Income Non Operating": 4106000.0,
        "Operating Income": 64509000.0,
        "Operating Expense": 63463000.0,
        "Research And Development": 17499000.0,
        "Selling General And Administration": 45964000.0,
        "Selling And Marketing Expense": 23418000.0,
        "General And Administrative Expense": 22546000.0,
        "Other Gand A": 22546000.0,
        "Gross Profit": 127972000.0,
        "Cost Of Revenue": 32296000.0,
        "Total Revenue": 160268000.0,
        "Operating Revenue": 160268000.0
    },
    "2023-12-31": {
        "Tax Effect Of Unusual Items": 0.0,
        "Tax Rate For Calcs": 0.329613,
        "Normalized EBITDA": 61244000.0,
        "Total Unusual Items": 0.0,
        "Total Unusual Items Excluding Goodwill": 0.0,
        "Net Income From Continuing Operation Net Minority Interest": 26607000.0,
        "Reconciled Depreciation": 6125000.0,
        "Reconciled Cost Of Revenue": 43152000.0,
        "EBITDA": 61244000.0,
        "EBIT": 55119000.0,
        "Net Interest Income": -700000.0,
        "Interest Expense": 15430000.0,
        "Interest Income": NaN,
        "Normalized Income": 26607000.0,
        "Net Income From Continuing And Discontinued Operation": 26607000.0,
        "Total Expenses": 128216000.0,
        "Total Operating Income As Reported": 40196000.0,
        "Diluted Average Shares": 58853292.0,
        "Basic Average Shares": 58320400.0,
        "Diluted EPS": 0.45,
        "Basic EPS": 0.46,
        "Diluted NI Availto Com Stockholders": 26607000.0,
        "Net Income Common Stockholders": 26607000.0,
        "Net Income": 26607000.0,
        "Net Income Including Noncontrolling Interests": 26607000.0,
        "Net Income Continuous Operations": 26607000.0,
        "Tax Provision": 13082000.0,
        "Pretax Income": 39689000.0,
        "Other Income Expense": 193000.0,
        "Other Non Operating Income Expenses": 193000.0,
        "Special Income Charges": 0.0,
        "Other Special Charges": 0.0,
        "Net Non Operating Interest Income Expense": -700000.0,
        "Interest Expense Non Operating": 15430000.0,
        "Interest Income Non Operating": NaN,
        "Operating Income": 40196000.0,
        "Operating Expense": 85064000.0,
        "Research And Development": 30306000.0,
        "Selling General And Administration": 54758000.0,
        "Selling And Marketing Expense": 26886000.0,
        "General And Administrative Expense": 27872000.0,
        "Other Gand A": 27872000.0,
        "Gross Profit": 125260000.0,
        "Cost Of Revenue": 43152000.0,
        "Total Revenue": 168412000.0,
        "Operating Revenue": 168412000.0
    },
    "2024-03-31": {
        "Tax Effect Of Unusual Items": 0.0,
        "Tax Rate For Calcs": 0.26,
        "Normalized EBITDA": 62444000.0,
        "Total Unusual Items": NaN,
        "Total Unusual Items Excluding Goodwill": NaN,
        "Net Income From Continuing Operation Net Minority Interest": 38334000.0,
        "Reconciled Depreciation": 6124000.0,
        "Reconciled Cost Of Revenue": 27484000.0,
        "EBITDA": 62444000.0,
        "EBIT": 56320000.0,
        "Net Interest Income": -107000.0,
        "Interest Expense": 4535000.0,
        "Interest Income": 4428000.0,
        "Normalized Income": 38334000.0,
        "Net Income From Continuing And Discontinued Operation": 38334000.0,
        "Total Expenses": 102582000.0,
        "Total Operating Income As Reported": 52033000.0,
        "Diluted Average Shares": 57597627.0,
        "Basic Average Shares": 56771251.0,
        "Diluted EPS": 0.67,
        "Basic EPS": 0.68,
        "Diluted NI Availto Com Stockholders": 38334000.0,
        "Net Income Common Stockholders": 38334000.0,
        "Net Income": 38334000.0,
        "Net Income Including Noncontrolling Interests": 38334000.0,
        "Net Income Continuous Operations": 38334000.0,
        "Tax Provision": 13451000.0,
        "Pretax Income": 51785000.0,
        "Other Income Expense": -141000.0,
        "Other Non Operating Income Expenses": -141000.0,
        "Special Income Charges": NaN,
        "Other Special Charges": NaN,
        "Net Non Operating Interest Income Expense": -107000.0,
        "Interest Expense Non Operating": 4535000.0,
        "Interest Income Non Operating": 4428000.0,
        "Operating Income": 52033000.0,
        "Operating Expense": 75098000.0,
        "Research And Development": 22189000.0,
        "Selling General And Administration": 52909000.0,
        "Selling And Marketing Expense": 27233000.0,
        "General And Administrative Expense": 25676000.0,
        "Other Gand A": 25676000.0,
        "Gross Profit": 127131000.0,
        "Cost Of Revenue": 27484000.0,
        "Total Revenue": 154615000.0,
        "Operating Revenue": 154615000.0
    },
    "2024-06-30": {
        "Tax Effect Of Unusual Items": 0.0,
        "Tax Rate For Calcs": 0.21,
        "Normalized EBITDA": 32150000.0,
        "Total Unusual Items": NaN,
        "Total Unusual Items Excluding Goodwill": NaN,
        "Net Income From Continuing Operation Net Minority Interest": 11591000.0,
        "Reconciled Depreciation": 6052000.0,
        "Reconciled Cost Of Revenue": 32144000.0,
        "EBITDA": 32150000.0,
        "EBIT": 26098000.0,
        "Net Interest Income": 301000.0,
        "Interest Expense": 4404000.0,
        "Interest Income": 4705000.0,
        "Normalized Income": 11591000.0,
        "Net Income From Continuing And Discontinued Operation": 11591000.0,
        "Total Expenses": 151458000.0,
        "Total Operating Income As Reported": 21356000.0,
        "Diluted Average Shares": 57541696.0,
        "Basic Average Shares": 56802357.0,
        "Diluted EPS": 0.2,
        "Basic EPS": 0.2,
        "Diluted NI Availto Com Stockholders": 11591000.0,
        "Net Income Common Stockholders": 11591000.0,
        "Net Income": 11591000.0,
        "Net Income Including Noncontrolling Interests": 11591000.0,
        "Net Income Continuous Operations": 11591000.0,
        "Tax Provision": 10103000.0,
        "Pretax Income": 21694000.0,
        "Other Income Expense": 37000.0,
        "Other Non Operating Income Expenses": 37000.0,
        "Special Income Charges": NaN,
        "Other Special Charges": NaN,
        "Net Non Operating Interest Income Expense": 301000.0,
        "Interest Expense Non Operating": 4404000.0,
        "Interest Income Non Operating": 4705000.0,
        "Operating Income": 21356000.0,
        "Operating Expense": 119314000.0,
        "Research And Development": 63583000.0,
        "Selling General And Administration": 55731000.0,
        "Selling And Marketing Expense": 28507000.0,
        "General And Administrative Expense": 27224000.0,
        "Other Gand A": 27224000.0,
        "Gross Profit": 140670000.0,
        "Cost Of Revenue": 32144000.0,
        "Total Revenue": 172814000.0,
        "Operating Revenue": 172814000.0
    },
    "2024-09-30": {
        "Tax Effect Of Unusual Items": 0.0,
        "Tax Rate For Calcs": 0.259,
        "Normalized EBITDA": 72486000.0,
        "Total Unusual Items": 0.0,
        "Total Unusual Items Excluding Goodwill": 0.0,
        "Net Income From Continuing Operation Net Minority Interest": 46093000.0,
        "Reconciled Depreciation": 5968000.0,
        "Reconciled Cost Of Revenue": 42778000.0,
        "EBITDA": 72486000.0,
        "EBIT": 66518000.0,
        "Net Interest Income": 584000.0,
        "Interest Expense": 4348000.0,
        "Interest Income": 4932000.0,
        "Normalized Income": 46093000.0,
        "Net Income From Continuing And Discontinued Operation": 46093000.0,
        "Total Expenses": 124328000.0,
        "Total Operating Income As Reported": 61710000.0,
        "Diluted Average Shares": 58103963.0,
        "Basic Average Shares": 56870234.0,
        "Diluted EPS": 0.79,
        "Basic EPS": 0.81,
        "Diluted NI Availto Com Stockholders": 46093000.0,
        "Net Income Common Stockholders": 46093000.0,
        "Net Income": 46093000.0,
        "Net Income Including Noncontrolling Interests": 46093000.0,
        "Net Income Continuous Operations": 46093000.0,
        "Tax Provision": 16077000.0,
        "Pretax Income": 62170000.0,
        "Other Income Expense": -124000.0,
        "Other Non Operating Income Expenses": -124000.0,
        "Special Income Charges": 0.0,
        "Other Special Charges": NaN,
        "Net Non Operating Interest Income Expense": 584000.0,
        "Interest Expense Non Operating": 4348000.0,
        "Interest Income Non Operating": 4932000.0,
        "Operating Income": 61710000.0,
        "Operating Expense": 81550000.0,
        "Research And Development": 25387000.0,
        "Selling General And Administration": 56163000.0,
        "Selling And Marketing Expense": 27576000.0,
        "General And Administrative Expense": 28587000.0,
        "Other Gand A": 28587000.0,
        "Gross Profit": 143260000.0,
        "Cost Of Revenue": 42778000.0,
        "Total Revenue": 186038000.0,
        "Operating Revenue": 186038000.0
    }
}