{
    "2023-03-31": {
        "Tax Effect Of Unusual Items": -142396.8,
        "Tax Rate For Calcs": 0.0416,
        "Normalized EBITDA": 3915000.0,
        "Total Unusual Items": -3423000.0,
        "Total Unusual Items Excluding Goodwill": -3423000.0,
        "Net Income From Continuing Operation Net Minority Interest": -6643000.0,
        "Reconciled Depreciation": 2676000.0,
        "Reconciled Cost Of Revenue": 8271000.0,
        "EBITDA": 492000.0,
        "EBIT": -2184000.0,
        "Net Interest Income": -4747000.0,
        "Interest Expense": 4747000.0,
        "Normalized Income": -3362396.8,
        "Net Income From Continuing And Discontinued Operation": -6643000.0,
        "Total Expenses": 24893000.0,
        "Total Operating Income As Reported": 1210000.0,
        "Diluted Average Shares": 30289730.0,
        "Basic Average Shares": 30289730.0,
        "Diluted EPS": -0.22,
        "Basic EPS": -0.22,
        "Diluted NI Availto Com Stockholders": -6643000.0,
        "Net Income Common Stockholders": -6643000.0,
        "Net Income": -6643000.0,
        "Net Income Including Noncontrolling Interests": -6643000.0,
        "Net Income Continuous Operations": -6643000.0,
        "Tax Provision": -288000.0,
        "Pretax Income": -6931000.0,
        "Other Income Expense": -3394000.0,
        "Other Non Operating Income Expenses": 29000.0,
        "Special Income Charges": -5465000.0,
        "Other Special Charges": 5465000.0,
        "Earnings From Equity Interest": 0.0,
        "Gain On Sale Of Security": 2042000.0,
        "Net Non Operating Interest Income Expense": -4747000.0,
        "Interest Expense Non Operating": 4747000.0,
        "Operating Income": 1210000.0,
        "Operating Expense": 16622000.0,
        "Research And Development": 734000.0,
        "Selling General And Administration": 15888000.0,
        "Gross Profit": 17832000.0,
        "Cost Of Revenue": 8271000.0,
        "Total Revenue": 26103000.0,
        "Operating Revenue": 20453000.0
    },
    "2022-12-31": {
        "Tax Effect Of Unusual Items": 0.0,
        "Tax Rate For Calcs": 0.0,
        "Normalized EBITDA": 5853000.0,
        "Total Unusual Items": 6686000.0,
        "Total Unusual Items Excluding Goodwill": 6686000.0,
        "Net Income From Continuing Operation Net Minority Interest": 1055000.0,
        "Reconciled Depreciation": 940000.0,
        "Reconciled Cost Of Revenue": 6165000.0,
        "EBITDA": 12539000.0,
        "EBIT": 11599000.0,
        "Net Interest Income": -1858000.0,
        "Interest Expense": NaN,
        "Normalized Income": -5631000.0,
        "Net Income From Continuing And Discontinued Operation": 1055000.0,
        "Total Expenses": 22107000.0,
        "Total Operating Income As Reported": -1778000.0,
        "Diluted Average Shares": 26375000.0,
        "Basic Average Shares": 26375000.0,
        "Diluted EPS": 0.04,
        "Basic EPS": 0.04,
        "Diluted NI Availto Com Stockholders": 1055000.0,
        "Net Income Common Stockholders": 1055000.0,
        "Net Income": 1055000.0,
        "Net Income Including Noncontrolling Interests": 1055000.0,
        "Net Income Continuous Operations": 1055000.0,
        "Tax Provision": 0.0,
        "Pretax Income": 1055000.0,
        "Other Income Expense": 4691000.0,
        "Other Non Operating Income Expenses": NaN,
        "Special Income Charges": 5259000.0,
        "Other Special Charges": NaN,
        "Earnings From Equity Interest": -2097000.0,
        "Gain On Sale Of Security": 1427000.0,
        "Net Non Operating Interest Income Expense": -1858000.0,
        "Interest Expense Non Operating": NaN,
        "Operating Income": -1778000.0,
        "Operating Expense": 15942000.0,
        "Research And Development": 703000.0,
        "Selling General And Administration": 15239000.0,
        "Gross Profit": 14164000.0,
        "Cost Of Revenue": 6165000.0,
        "Total Revenue": 20329000.0,
        "Operating Revenue": 20329000.0
    },
    "2022-09-30": {
        "Tax Effect Of Unusual Items": -412400.0,
        "Tax Rate For Calcs": 0.4,
        "Normalized EBITDA": -2781000.0,
        "Total Unusual Items": -1031000.0,
        "Total Unusual Items Excluding Goodwill": -1031000.0,
        "Net Income From Continuing Operation Net Minority Interest": -6464000.0,
        "Reconciled Depreciation": 817000.0,
        "Reconciled Cost Of Revenue": 6721000.0,
        "EBITDA": -3812000.0,
        "EBIT": -4629000.0,
        "Net Interest Income": -1800000.0,
        "Interest Expense": 1800000.0,
        "Normalized Income": -5845400.0,
        "Net Income From Continuing And Discontinued Operation": -6464000.0,
        "Total Expenses": 22917000.0,
        "Total Operating Income As Reported": -94000.0,
        "Diluted Average Shares": 27349642.0,
        "Basic Average Shares": 27349642.0,
        "Diluted EPS": -0.24,
        "Basic EPS": -0.24,
        "Diluted NI Availto Com Stockholders": -6464000.0,
        "Net Income Common Stockholders": -6464000.0,
        "Net Income": -6464000.0,
        "Net Income Including Noncontrolling Interests": -6464000.0,
        "Net Income Continuous Operations": -6464000.0,
        "Tax Provision": 35000.0,
        "Pretax Income": -6429000.0,
        "Other Income Expense": -4535000.0,
        "Other Non Operating Income Expenses": NaN,
        "Special Income Charges": 0.0,
        "Other Special Charges": NaN,
        "Impairment Of Capital Assets": NaN,
        "Earnings From Equity Interest": -3504000.0,
        "Gain On Sale Of Security": -1031000.0,
        "Net Non Operating Interest Income Expense": -1800000.0,
        "Interest Expense Non Operating": 1800000.0,
        "Operating Income": -94000.0,
        "Operating Expense": 16196000.0,
        "Research And Development": 775000.0,
        "Selling General And Administration": 15421000.0,
        "Gross Profit": 16102000.0,
        "Cost Of Revenue": 6721000.0,
        "Total Revenue": 22823000.0,
        "Operating Revenue": 22823000.0
    },
    "2022-06-30": {
        "Tax Effect Of Unusual Items": -1379600.0,
        "Tax Rate For Calcs": 0.4,
        "Normalized EBITDA": 5000.0,
        "Total Unusual Items": -3449000.0,
        "Total Unusual Items Excluding Goodwill": -3449000.0,
        "Net Income From Continuing Operation Net Minority Interest": -6239000.0,
        "Reconciled Depreciation": 961000.0,
        "Reconciled Cost Of Revenue": 6534000.0,
        "EBITDA": -3444000.0,
        "EBIT": -4405000.0,
        "Net Interest Income": -1794000.0,
        "Interest Expense": 1794000.0,
        "Normalized Income": -4169600.0,
        "Net Income From Continuing And Discontinued Operation": -6239000.0,
        "Total Expenses": 21633000.0,
        "Total Operating Income As Reported": 1690000.0,
        "Diluted Average Shares": 27303458.0,
        "Basic Average Shares": 27303458.0,
        "Diluted EPS": -0.23,
        "Basic EPS": -0.23,
        "Diluted NI Availto Com Stockholders": -6239000.0,
        "Net Income Common Stockholders": -6239000.0,
        "Net Income": -6239000.0,
        "Net Income Including Noncontrolling Interests": -6239000.0,
        "Net Income Continuous Operations": -6239000.0,
        "Tax Provision": 40000.0,
        "Pretax Income": -6199000.0,
        "Other Income Expense": -6095000.0,
        "Other Non Operating Income Expenses": NaN,
        "Special Income Charges": 0.0,
        "Other Special Charges": NaN,
        "Impairment Of Capital Assets": NaN,
        "Earnings From Equity Interest": -2646000.0,
        "Gain On Sale Of Security": -3449000.0,
        "Net Non Operating Interest Income Expense": -1794000.0,
        "Interest Expense Non Operating": 1794000.0,
        "Operating Income": 1690000.0,
        "Operating Expense": 15099000.0,
        "Research And Development": 914000.0,
        "Selling General And Administration": 14185000.0,
        "Gross Profit": 16789000.0,
        "Cost Of Revenue": 6534000.0,
        "Total Revenue": 23323000.0,
        "Operating Revenue": 23323000.0
    },
    "2022-03-31": {
        "Diluted EPS": -0.09,
        "Total Revenue": 22,
        "Gross Profit": 16,
        "Operating Income": 2,
        "EBIT": 3,
        "Net Income": -2
    },
    "2021-12-31": {
        "Diluted EPS": -0.28,
        "Total Revenue": 20,
        "Gross Profit": 15,
        "Operating Income": -2,
        "EBIT": -1,
        "Net Income": -7
    },
    "2021-09-30": {
        "Diluted EPS": -0.31,
        "Total Revenue": 19,
        "Gross Profit": 14,
        "Operating Income": -4,
        "EBIT": -3,
        "Net Income": -8
    },
    "2021-06-30": {
        "Diluted EPS": -0.11,
        "Total Revenue": 18,
        "Gross Profit": 14,
        "Operating Income": 4,
        "EBIT": 5,
        "Net Income": -3
    },
    "2021-03-31": {
        "Diluted EPS": 0.01,
        "Total Revenue": 15,
        "Gross Profit": 12,
        "Operating Income": 3,
        "EBIT": 4,
        "Net Income": 0
    },
    "2020-12-31": {
        "Diluted EPS": 0.06,
        "Total Revenue": 15,
        "Gross Profit": 11,
        "Operating Income": 3,
        "EBIT": 3,
        "Net Income": 1
    },
    "2020-09-30": {
        "Diluted EPS": 0.32,
        "Total Revenue": 14,
        "Gross Profit": 11,
        "Operating Income": 2,
        "EBIT": 2,
        "Net Income": 9
    },
    "2020-06-30": {
        "Diluted EPS": -0.01,
        "Total Revenue": 8,
        "Gross Profit": 5,
        "Operating Income": -3,
        "EBIT": -2,
        "Net Income": 0
    },
    "2020-03-31": {
        "Diluted EPS": -0.5,
        "Total Revenue": 12,
        "Gross Profit": 8,
        "Operating Income": -1,
        "EBIT": 0,
        "Net Income": -13
    },
    "2019-12-31": {
        "Diluted EPS": 0.12,
        "Total Revenue": 13,
        "Gross Profit": 9,
        "Operating Income": 1,
        "EBIT": 2,
        "Net Income": 3
    },
    "2019-09-30": {
        "Diluted EPS": -0.45,
        "Total Revenue": 13,
        "Gross Profit": 9,
        "Operating Income": -4,
        "EBIT": -4,
        "Net Income": -11
    },
    "2019-06-30": {
        "Diluted EPS": -0.09,
        "Total Revenue": 14,
        "Gross Profit": 8,
        "Operating Income": -1,
        "EBIT": 0,
        "Net Income": -2
    },
    "2019-03-31": {
        "Diluted EPS": 0.43,
        "Total Revenue": 12,
        "Gross Profit": 8,
        "Operating Income": -1,
        "EBIT": 0,
        "Net Income": 11
    },
    "2018-12-31": {
        "Diluted EPS": 0.79,
        "Total Revenue": 11,
        "Gross Profit": 7,
        "Operating Income": -2,
        "EBIT": -2,
        "Net Income": 18
    },
    "2018-09-30": {
        "Diluted EPS": -0.12,
        "Total Revenue": 11,
        "Gross Profit": 7,
        "Operating Income": -1,
        "EBIT": 0,
        "Net Income": -3
    },
    "2018-06-30": {
        "Diluted EPS": 0.11,
        "Total Revenue": 10,
        "Gross Profit": 6,
        "Operating Income": -1,
        "EBIT": 0,
        "Net Income": 3
    },
    "2018-03-31": {
        "Diluted EPS": -0.17,
        "Total Revenue": 9,
        "Gross Profit": 5,
        "Operating Income": -2,
        "EBIT": -1,
        "Net Income": -4
    },
    "2017-12-31": {
        "Diluted EPS": -0.12,
        "Total Revenue": 7,
        "Gross Profit": 4,
        "Operating Income": -2,
        "EBIT": -2,
        "Net Income": -3
    },
    "2017-09-30": {
        "Diluted EPS": -0.28,
        "Total Revenue": 6,
        "Gross Profit": 3,
        "Operating Income": -3,
        "EBIT": -2,
        "Net Income": -6
    },
    "2017-06-30": {
        "Diluted EPS": 0.06,
        "Total Revenue": 7,
        "Gross Profit": 4,
        "Operating Income": -3,
        "EBIT": -2,
        "Net Income": 1
    },
    "2017-03-31": {
        "Diluted EPS": -0.26,
        "Total Revenue": 6,
        "Gross Profit": 3,
        "Operating Income": -4,
        "EBIT": -3,
        "Net Income": -5
    },
    "2016-12-31": {
        "Diluted EPS": -0.43,
        "Total Revenue": 6,
        "Gross Profit": 3,
        "Operating Income": -4,
        "EBIT": -3,
        "Net Income": -6
    },
    "2016-09-30": {
        "Diluted EPS": -0.29,
        "Total Revenue": 5,
        "Gross Profit": 3,
        "Operating Income": -5,
        "EBIT": -4,
        "Net Income": -4
    },
    "2016-06-30": {
        "Diluted EPS": -0.35,
        "Total Revenue": 5,
        "Gross Profit": 3,
        "Operating Income": -4,
        "EBIT": -3,
        "Net Income": -5
    },
    "2016-03-31": {
        "Diluted EPS": -0.43,
        "Total Revenue": 4,
        "Gross Profit": 2,
        "Operating Income": -4,
        "EBIT": -3,
        "Net Income": -4
    },
    "2015-12-31": {
        "Diluted EPS": -0.53,
        "Total Revenue": 4,
        "Gross Profit": 2,
        "Operating Income": -5,
        "EBIT": -4,
        "Net Income": -5
    },
    "2015-09-30": {
        "Diluted EPS": -0.41,
        "Total Revenue": 3,
        "Gross Profit": 1,
        "Operating Income": -4,
        "EBIT": -3,
        "Net Income": -4
    },
    "2015-06-30": {
        "Diluted EPS": -0.39,
        "Total Revenue": 2,
        "Gross Profit": 1,
        "Operating Income": -3,
        "EBIT": -3,
        "Net Income": -4
    },
    "2015-03-31": {
        "Diluted EPS": -0.33,
        "Total Revenue": 2,
        "Gross Profit": 1,
        "Operating Income": -3,
        "EBIT": -3,
        "Net Income": -3
    },
    "2014-12-31": {
        "Diluted EPS": -0.3,
        "Total Revenue": 1,
        "Gross Profit": 0,
        "Operating Income": -3,
        "EBIT": -3,
        "Net Income": -3
    },
    "2014-09-30": {
        "Diluted EPS": -0.27,
        "Total Revenue": 0,
        "Gross Profit": 0,
        "Operating Income": -2,
        "EBIT": -2,
        "Net Income": -2
    },
    "2014-06-30": {
        "Diluted EPS": -0.28,
        "Total Revenue": 1,
        "Gross Profit": 0,
        "Operating Income": -3,
        "EBIT": -3,
        "Net Income": -3
    },
    "2014-03-31": {
        "Diluted EPS": -0.26,
        "Total Revenue": 0,
        "Gross Profit": 0,
        "Operating Income": -2,
        "EBIT": -2,
        "Net Income": -2
    },
    "2013-12-31": {
        "Diluted EPS": -0.21,
        "Total Revenue": 0,
        "Gross Profit": 0,
        "Operating Income": -2,
        "EBIT": -2,
        "Net Income": -2
    },
    "2013-09-30": {
        "Diluted EPS": -0.23,
        "Total Revenue": 0,
        "Gross Profit": 0,
        "Operating Income": -2,
        "EBIT": -2,
        "Net Income": -2
    },
    "2013-06-30": {
        "Diluted EPS": -0.25,
        "Total Revenue": 0,
        "Gross Profit": 0,
        "Operating Income": -2,
        "EBIT": -2,
        "Net Income": -2
    },
    "2013-03-31": {
        "Diluted EPS": -0.19,
        "Total Revenue": 0,
        "Gross Profit": 0,
        "Operating Income": -1,
        "EBIT": -1,
        "Net Income": -1
    },
    "2012-12-31": {
        "Diluted EPS": 0.65,
        "Total Revenue": NaN,
        "Gross Profit": NaN,
        "Operating Income": -1,
        "EBIT": -1,
        "Net Income": -1
    },
    "2012-09-30": {
        "Diluted EPS": -0.2,
        "Total Revenue": NaN,
        "Gross Profit": NaN,
        "Operating Income": -1,
        "EBIT": -1,
        "Net Income": -1
    },
    "2012-06-30": {
        "Diluted EPS": -0.39,
        "Total Revenue": NaN,
        "Gross Profit": NaN,
        "Operating Income": -1,
        "EBIT": -1,
        "Net Income": -2
    },
    "2012-03-31": {
        "Diluted EPS": -1.3,
        "Total Revenue": 0,
        "Gross Profit": 0,
        "Operating Income": 0,
        "EBIT": 0,
        "Net Income": -1
    },
    "2011-12-31": {
        "Diluted EPS": 0.0,
        "Total Revenue": NaN,
        "Gross Profit": NaN,
        "Operating Income": NaN,
        "EBIT": NaN,
        "Net Income": NaN
    },
    "2010-09-30": {
        "Diluted EPS": -2.0,
        "Total Revenue": NaN,
        "Gross Profit": NaN,
        "Operating Income": -1,
        "EBIT": -1,
        "Net Income": -1
    },
    "2010-06-30": {
        "Diluted EPS": -1.2,
        "Total Revenue": NaN,
        "Gross Profit": NaN,
        "Operating Income": 0,
        "EBIT": -1,
        "Net Income": -1
    },
    "2010-03-31": {
        "Diluted EPS": -2.4,
        "Total Revenue": NaN,
        "Gross Profit": NaN,
        "Operating Income": -1,
        "EBIT": -1,
        "Net Income": -1
    },
    "2009-12-31": {
        "Diluted EPS": 0.0,
        "Total Revenue": NaN,
        "Gross Profit": NaN,
        "Operating Income": -1,
        "EBIT": -1,
        "Net Income": -1
    },
    "2009-09-30": {
        "Diluted EPS": 0.0,
        "Total Revenue": NaN,
        "Gross Profit": NaN,
        "Operating Income": -1,
        "EBIT": -1,
        "Net Income": -1
    },
    "2009-06-30": {
        "Diluted EPS": 0.0,
        "Total Revenue": NaN,
        "Gross Profit": NaN,
        "Operating Income": -1,
        "EBIT": -1,
        "Net Income": -1
    },
    "2009-03-31": {
        "Diluted EPS": 0.0,
        "Total Revenue": NaN,
        "Gross Profit": NaN,
        "Operating Income": -2,
        "EBIT": -2,
        "Net Income": -2
    },
    "2023-06-30": {
        "Tax Effect Of Unusual Items": -2523.562677,
        "Tax Rate For Calcs": 0.003534,
        "Normalized EBITDA": 5595000.0,
        "Total Unusual Items": -714000.0,
        "Total Unusual Items Excluding Goodwill": -714000.0,
        "Net Income From Continuing Operation Net Minority Interest": -4229000.0,
        "Reconciled Depreciation": 3421000.0,
        "Reconciled Cost Of Revenue": 10000000.0,
        "EBITDA": 4881000.0,
        "EBIT": 1460000.0,
        "Net Interest Income": -5704000.0,
        "Interest Expense": 5704000.0,
        "Normalized Income": -3517523.562677,
        "Net Income From Continuing And Discontinued Operation": -4229000.0,
        "Total Expenses": 31118000.0,
        "Total Operating Income As Reported": 2352000.0,
        "Diluted Average Shares": 30458677.0,
        "Basic Average Shares": 30458677.0,
        "Diluted EPS": -0.14,
        "Basic EPS": -0.14,
        "Diluted NI Availto Com Stockholders": -4229000.0,
        "Net Income Common Stockholders": -4229000.0,
        "Net Income": -4229000.0,
        "Net Income Including Noncontrolling Interests": -4229000.0,
        "Net Income Continuous Operations": -4229000.0,
        "Tax Provision": -15000.0,
        "Pretax Income": -4244000.0,
        "Other Income Expense": -892000.0,
        "Other Non Operating Income Expenses": -178000.0,
        "Special Income Charges": 0.0,
        "Other Special Charges": NaN,
        "Earnings From Equity Interest": 0.0,
        "Gain On Sale Of Security": -714000.0,
        "Net Non Operating Interest Income Expense": -5704000.0,
        "Interest Expense Non Operating": 5704000.0,
        "Operating Income": 2352000.0,
        "Operating Expense": 21118000.0,
        "Research And Development": 1161000.0,
        "Selling General And Administration": 19957000.0,
        "Gross Profit": 23470000.0,
        "Cost Of Revenue": 10000000.0,
        "Total Revenue": 33470000.0,
        "Operating Revenue": 33470000.0
    },
    "2023-09-30": {
        "Tax Effect Of Unusual Items": 283080.0,
        "Tax Rate For Calcs": 0.21,
        "Normalized EBITDA": 4722000.0,
        "Total Unusual Items": 1348000.0,
        "Total Unusual Items Excluding Goodwill": 1348000.0,
        "Net Income From Continuing Operation Net Minority Interest": -4391000.0,
        "Reconciled Depreciation": 3173000.0,
        "Reconciled Cost Of Revenue": 10067000.0,
        "EBITDA": 6070000.0,
        "EBIT": 2897000.0,
        "Net Interest Income": -5749000.0,
        "Interest Expense": 5749000.0,
        "Normalized Income": -5455920.0,
        "Net Income From Continuing And Discontinued Operation": -4391000.0,
        "Total Expenses": 32521000.0,
        "Total Operating Income As Reported": 1744000.0,
        "Diluted Average Shares": 34255197.0,
        "Basic Average Shares": 34255197.0,
        "Diluted EPS": -0.13,
        "Basic EPS": -0.13,
        "Diluted NI Availto Com Stockholders": -4391000.0,
        "Net Income Common Stockholders": -4391000.0,
        "Net Income": -4391000.0,
        "Net Income Including Noncontrolling Interests": -4391000.0,
        "Net Income Continuous Operations": -4391000.0,
        "Tax Provision": 1539000.0,
        "Pretax Income": -2852000.0,
        "Other Income Expense": 1153000.0,
        "Other Non Operating Income Expenses": -195000.0,
        "Special Income Charges": 0.0,
        "Other Special Charges": NaN,
        "Earnings From Equity Interest": 0.0,
        "Gain On Sale Of Security": 1348000.0,
        "Net Non Operating Interest Income Expense": -5749000.0,
        "Interest Expense Non Operating": 5749000.0,
        "Operating Income": 1744000.0,
        "Operating Expense": 22454000.0,
        "Research And Development": 1421000.0,
        "Selling General And Administration": 21033000.0,
        "Gross Profit": 24198000.0,
        "Cost Of Revenue": 10067000.0,
        "Total Revenue": 34265000.0,
        "Operating Revenue": 34265000.0
    },
    "2023-12-31": {
        "Tax Effect Of Unusual Items": 1989.052979,
        "Tax Rate For Calcs": 0.055251,
        "Normalized EBITDA": -1525000.0,
        "Total Unusual Items": 36000.0,
        "Total Unusual Items Excluding Goodwill": 36000.0,
        "Net Income From Continuing Operation Net Minority Interest": -9148000.0,
        "Reconciled Depreciation": 3070000.0,
        "Reconciled Cost Of Revenue": 11302000.0,
        "EBITDA": -1489000.0,
        "EBIT": -4559000.0,
        "Net Interest Income": -5124000.0,
        "Interest Expense": 5124000.0,
        "Normalized Income": -9182010.947021,
        "Net Income From Continuing And Discontinued Operation": -9148000.0,
        "Total Expenses": 40850000.0,
        "Total Operating Income As Reported": -4875000.0,
        "Diluted Average Shares": NaN,
        "Basic Average Shares": NaN,
        "Diluted EPS": NaN,
        "Basic EPS": NaN,
        "Diluted NI Availto Com Stockholders": -9148000.0,
        "Net Income Common Stockholders": -9148000.0,
        "Net Income": -9148000.0,
        "Net Income Including Noncontrolling Interests": -9148000.0,
        "Net Income Continuous Operations": -9148000.0,
        "Tax Provision": -535000.0,
        "Pretax Income": -9683000.0,
        "Other Income Expense": -64000.0,
        "Other Non Operating Income Expenses": -100000.0,
        "Special Income Charges": -380000.0,
        "Other Special Charges": 0.0,
        "Earnings From Equity Interest": 0.0,
        "Gain On Sale Of Security": 416000.0,
        "Net Non Operating Interest Income Expense": -5124000.0,
        "Interest Expense Non Operating": 5124000.0,
        "Operating Income": -4495000.0,
        "Operating Expense": 29548000.0,
        "Research And Development": 3336000.0,
        "Selling General And Administration": 26212000.0,
        "Gross Profit": 25053000.0,
        "Cost Of Revenue": 11302000.0,
        "Total Revenue": 36355000.0,
        "Operating Revenue": 36355000.0
    },
    "2024-03-31": {
        "Tax Effect Of Unusual Items": -1372.8,
        "Tax Rate For Calcs": 0.0011,
        "Normalized EBITDA": -3722000.0,
        "Total Unusual Items": -1248000.0,
        "Total Unusual Items Excluding Goodwill": -1248000.0,
        "Net Income From Continuing Operation Net Minority Interest": -13565000.0,
        "Reconciled Depreciation": 3180000.0,
        "Reconciled Cost Of Revenue": 10553000.0,
        "EBITDA": -4970000.0,
        "EBIT": -8150000.0,
        "Net Interest Income": -5415000.0,
        "Interest Expense": 5415000.0,
        "Normalized Income": -12318372.8,
        "Net Income From Continuing And Discontinued Operation": -13565000.0,
        "Total Expenses": 41515000.0,
        "Total Operating Income As Reported": -6928000.0,
        "Diluted Average Shares": 35469638.0,
        "Basic Average Shares": 35469638.0,
        "Diluted EPS": -0.38,
        "Basic EPS": -0.38,
        "Diluted NI Availto Com Stockholders": -13565000.0,
        "Net Income Common Stockholders": -13565000.0,
        "Net Income": -13565000.0,
        "Net Income Including Noncontrolling Interests": -13565000.0,
        "Net Income Continuous Operations": -13565000.0,
        "Tax Provision": 0.0,
        "Pretax Income": -13565000.0,
        "Other Income Expense": -1222000.0,
        "Other Non Operating Income Expenses": 26000.0,
        "Special Income Charges": 0.0,
        "Other Special Charges": NaN,
        "Earnings From Equity Interest": NaN,
        "Gain On Sale Of Security": -1248000.0,
        "Net Non Operating Interest Income Expense": -5415000.0,
        "Interest Expense Non Operating": 5415000.0,
        "Operating Income": -6928000.0,
        "Operating Expense": 30962000.0,
        "Research And Development": 2149000.0,
        "Selling General And Administration": 28813000.0,
        "Gross Profit": 24034000.0,
        "Cost Of Revenue": 10553000.0,
        "Total Revenue": 34587000.0,
        "Operating Revenue": 34508000.0
    }
}