{
    "2023-03-31": {
        "Tax Effect Of Unusual Items": 0.0,
        "Tax Rate For Calcs": 0.21,
        "Normalized EBITDA": 20919000.0,
        "Net Income From Continuing Operation Net Minority Interest": -7911000.0,
        "Reconciled Depreciation": 22372000.0,
        "Reconciled Cost Of Revenue": 94496000.0,
        "EBITDA": 20919000.0,
        "EBIT": -1453000.0,
        "Net Interest Income": -12402000.0,
        "Interest Expense": 12402000.0,
        "Normalized Income": -7911000.0,
        "Net Income From Continuing And Discontinued Operation": -7911000.0,
        "Total Expenses": 176594000.0,
        "Total Operating Income As Reported": -1147000.0,
        "Diluted Average Shares": 77285116.0,
        "Basic Average Shares": 77285116.0,
        "Diluted EPS": -0.1,
        "Basic EPS": -0.1,
        "Diluted NI Availto Com Stockholders": -7911000.0,
        "Net Income Common Stockholders": -7911000.0,
        "Net Income": -7911000.0,
        "Minority Interests": 0.0,
        "Net Income Including Noncontrolling Interests": -7911000.0,
        "Net Income Continuous Operations": -7911000.0,
        "Tax Provision": -5944000.0,
        "Pretax Income": -13855000.0,
        "Other Income Expense": -306000.0,
        "Other Non Operating Income Expenses": -306000.0,
        "Net Non Operating Interest Income Expense": -12402000.0,
        "Interest Expense Non Operating": 12402000.0,
        "Operating Income": -1147000.0,
        "Operating Expense": 78143000.0,
        "Depreciation Amortization Depletion Income Statement": 18417000.0,
        "Depreciation And Amortization In Income Statement": 18417000.0,
        "Selling General And Administration": 59726000.0,
        "Gross Profit": 76996000.0,
        "Cost Of Revenue": 98451000.0,
        "Total Revenue": 175447000.0,
        "Operating Revenue": 175447000.0
    },
    "2022-12-31": {
        "Tax Effect Of Unusual Items": NaN,
        "Tax Rate For Calcs": NaN,
        "Normalized EBITDA": NaN,
        "Net Income From Continuing Operation Net Minority Interest": NaN,
        "Reconciled Depreciation": NaN,
        "Reconciled Cost Of Revenue": NaN,
        "EBITDA": NaN,
        "EBIT": NaN,
        "Net Interest Income": NaN,
        "Interest Expense": NaN,
        "Normalized Income": NaN,
        "Net Income From Continuing And Discontinued Operation": NaN,
        "Total Expenses": NaN,
        "Total Operating Income As Reported": NaN,
        "Diluted Average Shares": 79345781.0,
        "Basic Average Shares": 79121465.0,
        "Diluted EPS": 0.19,
        "Basic EPS": 0.19,
        "Diluted NI Availto Com Stockholders": NaN,
        "Net Income Common Stockholders": NaN,
        "Net Income": NaN,
        "Minority Interests": NaN,
        "Net Income Including Noncontrolling Interests": NaN,
        "Net Income Continuous Operations": NaN,
        "Tax Provision": NaN,
        "Pretax Income": NaN,
        "Other Income Expense": NaN,
        "Other Non Operating Income Expenses": NaN,
        "Net Non Operating Interest Income Expense": NaN,
        "Interest Expense Non Operating": NaN,
        "Operating Income": NaN,
        "Operating Expense": NaN,
        "Depreciation Amortization Depletion Income Statement": NaN,
        "Depreciation And Amortization In Income Statement": NaN,
        "Selling General And Administration": NaN,
        "Gross Profit": NaN,
        "Cost Of Revenue": NaN,
        "Total Revenue": NaN,
        "Operating Revenue": NaN
    },
    "2022-09-30": {
        "Tax Effect Of Unusual Items": NaN,
        "Tax Rate For Calcs": NaN,
        "Normalized EBITDA": NaN,
        "Net Income From Continuing Operation Net Minority Interest": NaN,
        "Reconciled Depreciation": NaN,
        "Reconciled Cost Of Revenue": NaN,
        "EBITDA": NaN,
        "EBIT": NaN,
        "Net Interest Income": NaN,
        "Interest Expense": NaN,
        "Normalized Income": NaN,
        "Net Income From Continuing And Discontinued Operation": NaN,
        "Total Expenses": NaN,
        "Total Operating Income As Reported": NaN,
        "Diluted Average Shares": NaN,
        "Basic Average Shares": NaN,
        "Diluted EPS": NaN,
        "Basic EPS": NaN,
        "Diluted NI Availto Com Stockholders": NaN,
        "Net Income Common Stockholders": NaN,
        "Net Income": NaN,
        "Minority Interests": 0.0,
        "Net Income Including Noncontrolling Interests": NaN,
        "Net Income Continuous Operations": NaN,
        "Tax Provision": NaN,
        "Pretax Income": NaN,
        "Other Income Expense": NaN,
        "Other Non Operating Income Expenses": NaN,
        "Net Non Operating Interest Income Expense": NaN,
        "Interest Expense Non Operating": NaN,
        "Operating Income": NaN,
        "Operating Expense": NaN,
        "Depreciation Amortization Depletion Income Statement": NaN,
        "Depreciation And Amortization In Income Statement": NaN,
        "Selling General And Administration": NaN,
        "Gross Profit": NaN,
        "Cost Of Revenue": NaN,
        "Total Revenue": NaN,
        "Operating Revenue": NaN
    },
    "2022-06-30": {
        "Tax Effect Of Unusual Items": 0.0,
        "Tax Rate For Calcs": 0.017,
        "Normalized EBITDA": 48866000.0,
        "Net Income From Continuing Operation Net Minority Interest": 24446000.0,
        "Reconciled Depreciation": 19033000.0,
        "Reconciled Cost Of Revenue": 119006000.0,
        "EBITDA": 48866000.0,
        "EBIT": 29833000.0,
        "Net Interest Income": -4957000.0,
        "Interest Expense": 4957000.0,
        "Normalized Income": 24446000.0,
        "Net Income From Continuing And Discontinued Operation": 24446000.0,
        "Total Expenses": 192426000.0,
        "Total Operating Income As Reported": 29866000.0,
        "Diluted Average Shares": 79478094.0,
        "Basic Average Shares": 79405872.0,
        "Diluted EPS": 0.31,
        "Basic EPS": 0.31,
        "Diluted NI Availto Com Stockholders": 24446000.0,
        "Net Income Common Stockholders": 24446000.0,
        "Net Income": 24446000.0,
        "Net Income Including Noncontrolling Interests": 24446000.0,
        "Net Income Continuous Operations": 24446000.0,
        "Tax Provision": 430000.0,
        "Pretax Income": 24876000.0,
        "Other Income Expense": -33000.0,
        "Other Non Operating Income Expenses": -33000.0,
        "Net Non Operating Interest Income Expense": -4957000.0,
        "Interest Expense Non Operating": 4957000.0,
        "Operating Income": 29866000.0,
        "Operating Expense": 72436000.0,
        "Depreciation Amortization Depletion Income Statement": 18049000.0,
        "Depreciation And Amortization In Income Statement": 18049000.0,
        "Selling General And Administration": 54387000.0,
        "Gross Profit": 102302000.0,
        "Cost Of Revenue": 119990000.0,
        "Total Revenue": 222292000.0,
        "Operating Revenue": 222292000.0
    },
    "2023-06-30": {
        "Tax Effect Of Unusual Items": 0.0,
        "Tax Rate For Calcs": 0.21,
        "Normalized EBITDA": 39964000.0,
        "Net Income From Continuing Operation Net Minority Interest": 2512000.0,
        "Reconciled Depreciation": 21552000.0,
        "Reconciled Cost Of Revenue": 95790000.0,
        "EBITDA": 39964000.0,
        "EBIT": 18412000.0,
        "Net Interest Income": -13543000.0,
        "Interest Expense": 13543000.0,
        "Normalized Income": 2512000.0,
        "Net Income From Continuing And Discontinued Operation": 2512000.0,
        "Total Expenses": 173470000.0,
        "Total Operating Income As Reported": 18654000.0,
        "Diluted Average Shares": 73992149.0,
        "Basic Average Shares": 73090366.0,
        "Diluted EPS": 0.03,
        "Basic EPS": 0.03,
        "Diluted NI Availto Com Stockholders": 2512000.0,
        "Net Income Common Stockholders": 2512000.0,
        "Net Income": 2512000.0,
        "Minority Interests": NaN,
        "Net Income Including Noncontrolling Interests": 2512000.0,
        "Net Income Continuous Operations": 2512000.0,
        "Tax Provision": 2357000.0,
        "Pretax Income": 4869000.0,
        "Other Income Expense": -242000.0,
        "Other Non Operating Income Expenses": -242000.0,
        "Net Non Operating Interest Income Expense": -13543000.0,
        "Interest Expense Non Operating": 13543000.0,
        "Operating Income": 18654000.0,
        "Operating Expense": 74894000.0,
        "Depreciation Amortization Depletion Income Statement": 18766000.0,
        "Depreciation And Amortization In Income Statement": 18766000.0,
        "Selling General And Administration": 56128000.0,
        "Gross Profit": 93548000.0,
        "Cost Of Revenue": 98576000.0,
        "Total Revenue": 192124000.0,
        "Operating Revenue": 192124000.0
    },
    "2023-09-30": {
        "Tax Effect Of Unusual Items": 0.0,
        "Tax Rate For Calcs": 0.21,
        "Normalized EBITDA": 46357000.0,
        "Net Income From Continuing Operation Net Minority Interest": -1655000.0,
        "Reconciled Depreciation": 21049000.0,
        "Reconciled Cost Of Revenue": 92436000.0,
        "EBITDA": 46357000.0,
        "EBIT": 25308000.0,
        "Net Interest Income": -22447000.0,
        "Interest Expense": 22447000.0,
        "Normalized Income": -1655000.0,
        "Net Income From Continuing And Discontinued Operation": -1655000.0,
        "Total Expenses": 162073000.0,
        "Total Operating Income As Reported": 26189000.0,
        "Diluted Average Shares": 69090882.0,
        "Basic Average Shares": 69090882.0,
        "Diluted EPS": -0.02,
        "Basic EPS": -0.02,
        "Diluted NI Availto Com Stockholders": -1655000.0,
        "Net Income Common Stockholders": -1655000.0,
        "Net Income": -1655000.0,
        "Minority Interests": -66000.0,
        "Net Income Including Noncontrolling Interests": -1589000.0,
        "Net Income Continuous Operations": -1589000.0,
        "Tax Provision": 4450000.0,
        "Pretax Income": 2861000.0,
        "Other Income Expense": -881000.0,
        "Other Non Operating Income Expenses": -881000.0,
        "Net Non Operating Interest Income Expense": -22447000.0,
        "Interest Expense Non Operating": 22447000.0,
        "Operating Income": 26189000.0,
        "Operating Expense": 67651000.0,
        "Depreciation Amortization Depletion Income Statement": 19063000.0,
        "Depreciation And Amortization In Income Statement": 19063000.0,
        "Selling General And Administration": 48588000.0,
        "Gross Profit": 93840000.0,
        "Cost Of Revenue": 94422000.0,
        "Total Revenue": 188262000.0,
        "Operating Revenue": 188262000.0
    },
    "2023-12-31": {
        "Tax Effect Of Unusual Items": 0.0,
        "Tax Rate For Calcs": 0.133148,
        "Normalized EBITDA": 32414000.0,
        "Net Income From Continuing Operation Net Minority Interest": -4506000.0,
        "Reconciled Depreciation": 21484000.0,
        "Reconciled Cost Of Revenue": 82063000.0,
        "EBITDA": 32414000.0,
        "EBIT": 10930000.0,
        "Net Interest Income": -16330000.0,
        "Interest Expense": 16330000.0,
        "Normalized Income": -4506000.0,
        "Net Income From Continuing And Discontinued Operation": -4506000.0,
        "Total Expenses": 153664000.0,
        "Total Operating Income As Reported": 12380000.0,
        "Diluted Average Shares": NaN,
        "Basic Average Shares": NaN,
        "Diluted EPS": NaN,
        "Basic EPS": NaN,
        "Diluted NI Availto Com Stockholders": -4506000.0,
        "Net Income Common Stockholders": -4506000.0,
        "Net Income": -4506000.0,
        "Minority Interests": 175000.0,
        "Net Income Including Noncontrolling Interests": -4681000.0,
        "Net Income Continuous Operations": -4681000.0,
        "Tax Provision": -719000.0,
        "Pretax Income": -5400000.0,
        "Other Income Expense": -1450000.0,
        "Other Non Operating Income Expenses": -1450000.0,
        "Net Non Operating Interest Income Expense": -16330000.0,
        "Interest Expense Non Operating": 16330000.0,
        "Operating Income": 12380000.0,
        "Operating Expense": 69115000.0,
        "Depreciation Amortization Depletion Income Statement": 18998000.0,
        "Depreciation And Amortization In Income Statement": 18998000.0,
        "Selling General And Administration": 50117000.0,
        "Gross Profit": 81495000.0,
        "Cost Of Revenue": 84549000.0,
        "Total Revenue": 166044000.0,
        "Operating Revenue": 166044000.0
    },
    "2024-03-31": {
        "Tax Effect Of Unusual Items": 0.0,
        "Tax Rate For Calcs": 0.4,
        "Normalized EBITDA": 28959000.0,
        "Net Income From Continuing Operation Net Minority Interest": -3271000.0,
        "Reconciled Depreciation": 21308000.0,
        "Reconciled Cost Of Revenue": 89503000.0,
        "EBITDA": 28959000.0,
        "EBIT": 7651000.0,
        "Net Interest Income": -17726000.0,
        "Interest Expense": 17726000.0,
        "Normalized Income": -3271000.0,
        "Net Income From Continuing And Discontinued Operation": -3271000.0,
        "Total Expenses": 165545000.0,
        "Total Operating Income As Reported": 7657000.0,
        "Diluted Average Shares": 67351727.0,
        "Basic Average Shares": 67351727.0,
        "Diluted EPS": -0.05,
        "Basic EPS": -0.05,
        "Diluted NI Availto Com Stockholders": -3271000.0,
        "Net Income Common Stockholders": -3271000.0,
        "Net Income": -3271000.0,
        "Minority Interests": 271000.0,
        "Net Income Including Noncontrolling Interests": -3542000.0,
        "Net Income Continuous Operations": -3542000.0,
        "Tax Provision": -6533000.0,
        "Pretax Income": -10075000.0,
        "Other Income Expense": -6000.0,
        "Other Non Operating Income Expenses": -6000.0,
        "Net Non Operating Interest Income Expense": -17726000.0,
        "Interest Expense Non Operating": 17726000.0,
        "Operating Income": 7657000.0,
        "Operating Expense": 73907000.0,
        "Depreciation Amortization Depletion Income Statement": 19173000.0,
        "Depreciation And Amortization In Income Statement": 19173000.0,
        "Selling General And Administration": 54734000.0,
        "Gross Profit": 81564000.0,
        "Cost Of Revenue": 91638000.0,
        "Total Revenue": 173202000.0,
        "Operating Revenue": 173202000.0
    }
}