{
    "2023-03-31": {
        "Tax Effect Of Unusual Items": 0.0,
        "Tax Rate For Calcs": 0.186,
        "Total Unusual Items": NaN,
        "Total Unusual Items Excluding Goodwill": NaN,
        "Net Income From Continuing Operation Net Minority Interest": 14008000.0,
        "Reconciled Depreciation": 2127000.0,
        "EBIT": 20091000.0,
        "Net Interest Income": -2881000.0,
        "Interest Expense": 2881000.0,
        "Normalized Income": 14008000.0,
        "Net Income From Continuing And Discontinued Operation": 14008000.0,
        "Total Expenses": 159711000.0,
        "Diluted Average Shares": 25617568.0,
        "Basic Average Shares": 25558305.0,
        "Diluted EPS": 0.55,
        "Basic EPS": 0.55,
        "Diluted NI Availto Com Stockholders": 14008000.0,
        "Net Income Common Stockholders": 14008000.0,
        "Net Income": 14008000.0,
        "Net Income Including Noncontrolling Interests": 14008000.0,
        "Net Income Continuous Operations": 14008000.0,
        "Tax Provision": 3202000.0,
        "Pretax Income": 17210000.0,
        "Other Income Expense": 3412000.0,
        "Special Income Charges": NaN,
        "Impairment Of Capital Assets": NaN,
        "Net Non Operating Interest Income Expense": -2881000.0,
        "Interest Expense Non Operating": 2881000.0,
        "Selling General And Administration": 19054000.0,
        "General And Administrative Expense": 19054000.0,
        "Other Gand A": 19054000.0,
        "Total Revenue": 176921000.0,
        "Operating Revenue": 176921000.0
    },
    "2022-12-31": {
        "Tax Effect Of Unusual Items": 0.0,
        "Tax Rate For Calcs": 0.21,
        "Total Unusual Items": 0.0,
        "Total Unusual Items Excluding Goodwill": 0.0,
        "Net Income From Continuing Operation Net Minority Interest": 12501000.0,
        "Reconciled Depreciation": 2126000.0,
        "EBIT": 14908000.0,
        "Net Interest Income": -3059000.0,
        "Interest Expense": 3059000.0,
        "Normalized Income": 12501000.0,
        "Net Income From Continuing And Discontinued Operation": 12501000.0,
        "Total Expenses": 162739000.0,
        "Diluted Average Shares": 25849467.0,
        "Basic Average Shares": 25765204.0,
        "Diluted EPS": 0.48,
        "Basic EPS": 0.49,
        "Diluted NI Availto Com Stockholders": 12501000.0,
        "Net Income Common Stockholders": 12501000.0,
        "Net Income": 12501000.0,
        "Net Income Including Noncontrolling Interests": 12501000.0,
        "Net Income Continuous Operations": 12501000.0,
        "Tax Provision": -652000.0,
        "Pretax Income": 11849000.0,
        "Other Income Expense": 3627000.0,
        "Special Income Charges": 0.0,
        "Impairment Of Capital Assets": 0.0,
        "Net Non Operating Interest Income Expense": -3059000.0,
        "Interest Expense Non Operating": 3059000.0,
        "Selling General And Administration": 15449000.0,
        "General And Administrative Expense": 15449000.0,
        "Other Gand A": 15449000.0,
        "Total Revenue": 174588000.0,
        "Operating Revenue": 174588000.0
    },
    "2022-09-30": {
        "Tax Effect Of Unusual Items": 0.0,
        "Tax Rate For Calcs": 0.022,
        "Total Unusual Items": 0.0,
        "Total Unusual Items Excluding Goodwill": 0.0,
        "Net Income From Continuing Operation Net Minority Interest": -48240000.0,
        "Reconciled Depreciation": 2133000.0,
        "EBIT": -47308000.0,
        "Net Interest Income": -2027000.0,
        "Interest Expense": 2027000.0,
        "Normalized Income": -48240000.0,
        "Net Income From Continuing And Discontinued Operation": -48240000.0,
        "Total Expenses": 214828000.0,
        "Diluted Average Shares": 26369265.0,
        "Basic Average Shares": 26369265.0,
        "Diluted EPS": -1.83,
        "Basic EPS": -1.83,
        "Diluted NI Availto Com Stockholders": -48240000.0,
        "Net Income Common Stockholders": -48240000.0,
        "Net Income": -48240000.0,
        "Net Income Including Noncontrolling Interests": -48240000.0,
        "Net Income Continuous Operations": -48240000.0,
        "Tax Provision": -1095000.0,
        "Pretax Income": -49335000.0,
        "Other Income Expense": 2916000.0,
        "Special Income Charges": 0.0,
        "Impairment Of Capital Assets": 0.0,
        "Net Non Operating Interest Income Expense": -2027000.0,
        "Interest Expense Non Operating": 2027000.0,
        "Selling General And Administration": 17758000.0,
        "General And Administrative Expense": 17758000.0,
        "Other Gand A": 17758000.0,
        "Total Revenue": 165493000.0,
        "Operating Revenue": 165493000.0
    },
    "2022-06-30": {
        "Tax Effect Of Unusual Items": -36783600.0,
        "Tax Rate For Calcs": 0.4,
        "Total Unusual Items": -91959000.0,
        "Total Unusual Items Excluding Goodwill": -91959000.0,
        "Net Income From Continuing Operation Net Minority Interest": -87866000.0,
        "Reconciled Depreciation": 2053000.0,
        "EBIT": -85552000.0,
        "Net Interest Income": -1751000.0,
        "Interest Expense": 1751000.0,
        "Normalized Income": -32690600.0,
        "Net Income From Continuing And Discontinued Operation": -87866000.0,
        "Total Expenses": 251073000.0,
        "Diluted Average Shares": 26453456.0,
        "Basic Average Shares": 26453456.0,
        "Diluted EPS": -3.32,
        "Basic EPS": -3.32,
        "Diluted NI Availto Com Stockholders": -87866000.0,
        "Net Income Common Stockholders": -87866000.0,
        "Net Income": -87866000.0,
        "Net Income Including Noncontrolling Interests": -87866000.0,
        "Net Income Continuous Operations": -87866000.0,
        "Tax Provision": 563000.0,
        "Pretax Income": -87303000.0,
        "Other Income Expense": 3438000.0,
        "Special Income Charges": -91959000.0,
        "Impairment Of Capital Assets": 91959000.0,
        "Net Non Operating Interest Income Expense": -1751000.0,
        "Interest Expense Non Operating": 1751000.0,
        "Selling General And Administration": 17466000.0,
        "General And Administrative Expense": 17466000.0,
        "Other Gand A": 17466000.0,
        "Total Revenue": 163770000.0,
        "Operating Revenue": 163770000.0
    },
    "2022-03-31": {
        "Diluted EPS": -1.15,
        "Total Revenue": 159,
        "Gross Profit": -20,
        "Operating Income": -39,
        "EBIT": -36,
        "Net Income": -31
    },
    "2021-12-31": {
        "Diluted EPS": -1.77,
        "Total Revenue": 167,
        "Gross Profit": 31,
        "Operating Income": -43,
        "EBIT": 21,
        "Net Income": -49
    },
    "2021-09-30": {
        "Diluted EPS": -0.59,
        "Total Revenue": 167,
        "Gross Profit": 2,
        "Operating Income": -15,
        "EBIT": -11,
        "Net Income": -16
    },
    "2021-06-30": {
        "Diluted EPS": -0.14,
        "Total Revenue": 150,
        "Gross Profit": 12,
        "Operating Income": -4,
        "EBIT": -1,
        "Net Income": -4
    },
    "2021-03-31": {
        "Diluted EPS": -0.19,
        "Total Revenue": 147,
        "Gross Profit": 14,
        "Operating Income": -6,
        "EBIT": -2,
        "Net Income": -5
    },
    "2020-12-31": {
        "Diluted EPS": 0.1,
        "Total Revenue": 160,
        "Gross Profit": 17,
        "Operating Income": -5,
        "EBIT": -2,
        "Net Income": 3
    },
    "2020-09-30": {
        "Diluted EPS": -0.19,
        "Total Revenue": 165,
        "Gross Profit": 13,
        "Operating Income": -4,
        "EBIT": -1,
        "Net Income": -5
    },
    "2020-06-30": {
        "Diluted EPS": 0.15,
        "Total Revenue": 136,
        "Gross Profit": 27,
        "Operating Income": 7,
        "EBIT": 11,
        "Net Income": 4
    },
    "2020-03-31": {
        "Diluted EPS": 0.27,
        "Total Revenue": 133,
        "Gross Profit": 34,
        "Operating Income": 13,
        "EBIT": 16,
        "Net Income": 8
    },
    "2019-12-31": {
        "Diluted EPS": 0.44,
        "Total Revenue": 139,
        "Gross Profit": 44,
        "Operating Income": 22,
        "EBIT": 25,
        "Net Income": 13
    },
    "2019-09-30": {
        "Diluted EPS": 0.28,
        "Total Revenue": 132,
        "Gross Profit": 35,
        "Operating Income": 13,
        "EBIT": 18,
        "Net Income": 8
    },
    "2019-06-30": {
        "Diluted EPS": 0.02,
        "Total Revenue": 123,
        "Gross Profit": 21,
        "Operating Income": 3,
        "EBIT": 7,
        "Net Income": 1
    },
    "2019-03-31": {
        "Diluted EPS": 0.24,
        "Total Revenue": 118,
        "Gross Profit": 30,
        "Operating Income": 11,
        "EBIT": 16,
        "Net Income": 7
    },
    "2018-12-31": {
        "Diluted EPS": 0.17,
        "Total Revenue": 125,
        "Gross Profit": 39,
        "Operating Income": 22,
        "EBIT": 30,
        "Net Income": 4
    },
    "2018-09-30": {
        "Diluted EPS": 0.23,
        "Total Revenue": 125,
        "Gross Profit": 40,
        "Operating Income": 14,
        "EBIT": 24,
        "Net Income": 6
    },
    "2018-06-30": {
        "Diluted EPS": 0.09,
        "Total Revenue": 118,
        "Gross Profit": 33,
        "Operating Income": 8,
        "EBIT": 18,
        "Net Income": 2
    },
    "2018-03-31": {
        "Diluted EPS": 0.55,
        "Total Revenue": 112,
        "Gross Profit": 47,
        "Operating Income": 25,
        "EBIT": 35,
        "Net Income": 15
    },
    "2017-12-31": {
        "Diluted EPS": -0.14,
        "Total Revenue": 109,
        "Gross Profit": 46,
        "Operating Income": 23,
        "EBIT": 29,
        "Net Income": -5
    },
    "2017-09-30": {
        "Diluted EPS": -0.34,
        "Total Revenue": 102,
        "Gross Profit": 17,
        "Operating Income": 1,
        "EBIT": 6,
        "Net Income": -9
    },
    "2017-06-30": {
        "Diluted EPS": 0.23,
        "Total Revenue": 97,
        "Gross Profit": 29,
        "Operating Income": 13,
        "EBIT": 16,
        "Net Income": 7
    },
    "2017-03-31": {
        "Diluted EPS": 0.21,
        "Total Revenue": 99,
        "Gross Profit": 29,
        "Operating Income": 12,
        "EBIT": 17,
        "Net Income": 6
    },
    "2016-12-31": {
        "Diluted EPS": -0.09,
        "Total Revenue": 103,
        "Gross Profit": 11,
        "Operating Income": -4,
        "EBIT": 1,
        "Net Income": -3
    },
    "2016-09-30": {
        "Diluted EPS": 0.37,
        "Total Revenue": 109,
        "Gross Profit": 33,
        "Operating Income": 19,
        "EBIT": 23,
        "Net Income": 11
    },
    "2016-06-30": {
        "Diluted EPS": 0.62,
        "Total Revenue": 115,
        "Gross Profit": 46,
        "Operating Income": 30,
        "EBIT": 35,
        "Net Income": 18
    },
    "2016-03-31": {
        "Diluted EPS": 0.24,
        "Total Revenue": 112,
        "Gross Profit": 26,
        "Operating Income": 12,
        "EBIT": 14,
        "Net Income": 7
    },
    "2015-12-31": {
        "Diluted EPS": 0.66,
        "Total Revenue": 101,
        "Gross Profit": 46,
        "Operating Income": 33,
        "EBIT": 35,
        "Net Income": 20
    },
    "2015-09-30": {
        "Diluted EPS": 0.55,
        "Total Revenue": 89,
        "Gross Profit": 38,
        "Operating Income": 28,
        "EBIT": 30,
        "Net Income": 17
    },
    "2015-06-30": {
        "Diluted EPS": 0.84,
        "Total Revenue": 99,
        "Gross Profit": 53,
        "Operating Income": 41,
        "EBIT": 43,
        "Net Income": 25
    },
    "2015-03-31": {
        "Diluted EPS": 1.0,
        "Total Revenue": 105,
        "Gross Profit": 59,
        "Operating Income": 48,
        "EBIT": 50,
        "Net Income": 30
    },
    "2014-12-31": {
        "Diluted EPS": 0.68,
        "Total Revenue": 85,
        "Gross Profit": 45,
        "Operating Income": 31,
        "EBIT": 32,
        "Net Income": 20
    },
    "2014-09-30": {
        "Diluted EPS": 0.33,
        "Total Revenue": 58,
        "Gross Profit": 23,
        "Operating Income": 16,
        "EBIT": 17,
        "Net Income": 10
    },
    "2014-06-30": {
        "Diluted EPS": 0.39,
        "Total Revenue": 47,
        "Gross Profit": 21,
        "Operating Income": 15,
        "EBIT": 16,
        "Net Income": 10
    },
    "2014-03-31": {
        "Diluted EPS": 0.42,
        "Total Revenue": 44,
        "Gross Profit": 19,
        "Operating Income": 12,
        "EBIT": 12,
        "Net Income": 8
    },
    "2013-12-31": {
        "Diluted EPS": 0.0,
        "Total Revenue": NaN,
        "Gross Profit": NaN,
        "Operating Income": NaN,
        "EBIT": NaN,
        "Net Income": NaN
    },
    "2013-09-30": {
        "Diluted EPS": 0.35,
        "Total Revenue": 23,
        "Gross Profit": 11,
        "Operating Income": 8,
        "EBIT": 8,
        "Net Income": 5
    },
    "2013-06-30": {
        "Diluted EPS": 1.38,
        "Total Revenue": 49,
        "Gross Profit": 40,
        "Operating Income": 34,
        "EBIT": 34,
        "Net Income": 21
    },
    "2012-12-31": {
        "Diluted EPS": 0.0,
        "Total Revenue": NaN,
        "Gross Profit": NaN,
        "Operating Income": NaN,
        "EBIT": NaN,
        "Net Income": NaN
    },
    "2023-06-30": {
        "Tax Effect Of Unusual Items": -161070.0,
        "Tax Rate For Calcs": 0.21,
        "Total Unusual Items": -767000.0,
        "Total Unusual Items Excluding Goodwill": -767000.0,
        "Net Income From Continuing Operation Net Minority Interest": 7779000.0,
        "Reconciled Depreciation": 2139000.0,
        "EBIT": 16391000.0,
        "Net Interest Income": -2740000.0,
        "Interest Expense": 2740000.0,
        "Normalized Income": 8384930.0,
        "Net Income From Continuing And Discontinued Operation": 7779000.0,
        "Total Expenses": 171662000.0,
        "Diluted Average Shares": 25626420.0,
        "Basic Average Shares": 25567157.0,
        "Diluted EPS": 0.3,
        "Basic EPS": 0.3,
        "Diluted NI Availto Com Stockholders": 7779000.0,
        "Net Income Common Stockholders": 7779000.0,
        "Net Income": 7779000.0,
        "Net Income Including Noncontrolling Interests": 7779000.0,
        "Net Income Continuous Operations": 7779000.0,
        "Tax Provision": 5872000.0,
        "Pretax Income": 13651000.0,
        "Other Income Expense": 3478000.0,
        "Special Income Charges": -767000.0,
        "Impairment Of Capital Assets": 767000.0,
        "Net Non Operating Interest Income Expense": -2740000.0,
        "Interest Expense Non Operating": 2740000.0,
        "Selling General And Administration": 20058000.0,
        "General And Administrative Expense": 20058000.0,
        "Other Gand A": 20058000.0,
        "Total Revenue": 185313000.0,
        "Operating Revenue": 185313000.0
    },
    "2023-09-30": {
        "Tax Effect Of Unusual Items": 0.0,
        "Tax Rate For Calcs": 0.383,
        "Total Unusual Items": 0.0,
        "Total Unusual Items Excluding Goodwill": 0.0,
        "Net Income From Continuing Operation Net Minority Interest": -7424000.0,
        "Reconciled Depreciation": 2197000.0,
        "EBIT": -9435000.0,
        "Net Interest Income": -2591000.0,
        "Interest Expense": 2591000.0,
        "Normalized Income": -7424000.0,
        "Net Income From Continuing And Discontinued Operation": -7424000.0,
        "Total Expenses": 198326000.0,
        "Diluted Average Shares": 26698806.0,
        "Basic Average Shares": 26698806.0,
        "Diluted EPS": -0.28,
        "Basic EPS": -0.28,
        "Diluted NI Availto Com Stockholders": -7424000.0,
        "Net Income Common Stockholders": -7424000.0,
        "Net Income": -7424000.0,
        "Net Income Including Noncontrolling Interests": -7424000.0,
        "Net Income Continuous Operations": -7424000.0,
        "Tax Provision": -4602000.0,
        "Pretax Income": -12026000.0,
        "Other Income Expense": 3171000.0,
        "Special Income Charges": 0.0,
        "Impairment Of Capital Assets": 0.0,
        "Net Non Operating Interest Income Expense": -2591000.0,
        "Interest Expense Non Operating": 2591000.0,
        "Selling General And Administration": 21911000.0,
        "General And Administrative Expense": 21911000.0,
        "Other Gand A": 21911000.0,
        "Total Revenue": 186300000.0,
        "Operating Revenue": 186300000.0
    },
    "2023-12-31": {
        "Tax Effect Of Unusual Items": 0.0,
        "Tax Rate For Calcs": 0.067109,
        "Total Unusual Items": 0.0,
        "Total Unusual Items Excluding Goodwill": 0.0,
        "Net Income From Continuing Operation Net Minority Interest": 30944000.0,
        "Reconciled Depreciation": 2226000.0,
        "EBIT": 36169000.0,
        "Net Interest Income": -2999000.0,
        "Interest Expense": 2999000.0,
        "Normalized Income": 30944000.0,
        "Net Income From Continuing And Discontinued Operation": 30944000.0,
        "Total Expenses": 153796000.0,
        "Diluted Average Shares": 26882661.0,
        "Basic Average Shares": 26823399.0,
        "Diluted EPS": 1.15,
        "Basic EPS": 1.15,
        "Diluted NI Availto Com Stockholders": 30944000.0,
        "Net Income Common Stockholders": 30944000.0,
        "Net Income": 30944000.0,
        "Net Income Including Noncontrolling Interests": 30944000.0,
        "Net Income Continuous Operations": 30944000.0,
        "Tax Provision": 2226000.0,
        "Pretax Income": 33170000.0,
        "Other Income Expense": 3469000.0,
        "Special Income Charges": 0.0,
        "Impairment Of Capital Assets": 0.0,
        "Net Non Operating Interest Income Expense": -2999000.0,
        "Interest Expense Non Operating": 2999000.0,
        "Selling General And Administration": 16755000.0,
        "General And Administrative Expense": 16755000.0,
        "Other Gand A": 16755000.0,
        "Total Revenue": 186966000.0,
        "Operating Revenue": 186966000.0
    },
    "2024-03-31": {
        "Tax Effect Of Unusual Items": NaN,
        "Tax Rate For Calcs": NaN,
        "Total Unusual Items": NaN,
        "Total Unusual Items Excluding Goodwill": NaN,
        "Net Income From Continuing Operation Net Minority Interest": NaN,
        "Reconciled Depreciation": NaN,
        "EBIT": NaN,
        "Net Interest Income": NaN,
        "Interest Expense": NaN,
        "Normalized Income": NaN,
        "Net Income From Continuing And Discontinued Operation": NaN,
        "Total Expenses": NaN,
        "Diluted Average Shares": 30435945.0,
        "Basic Average Shares": 30376682.0,
        "Diluted EPS": 0.47,
        "Basic EPS": 0.47,
        "Diluted NI Availto Com Stockholders": NaN,
        "Net Income Common Stockholders": NaN,
        "Net Income": NaN,
        "Net Income Including Noncontrolling Interests": NaN,
        "Net Income Continuous Operations": NaN,
        "Tax Provision": NaN,
        "Pretax Income": NaN,
        "Other Income Expense": NaN,
        "Special Income Charges": NaN,
        "Impairment Of Capital Assets": NaN,
        "Net Non Operating Interest Income Expense": NaN,
        "Interest Expense Non Operating": NaN,
        "Selling General And Administration": NaN,
        "General And Administrative Expense": NaN,
        "Other Gand A": NaN,
        "Total Revenue": NaN,
        "Operating Revenue": NaN
    }
}