{
    "2023-06-30": {
        "Tax Effect Of Unusual Items": -1521660.0,
        "Tax Rate For Calcs": 0.21,
        "Normalized EBITDA": 32896000.0,
        "Total Unusual Items": -7246000.0,
        "Total Unusual Items Excluding Goodwill": -7246000.0,
        "Net Income From Continuing Operation Net Minority Interest": 8982000.0,
        "Reconciled Depreciation": 4819000.0,
        "Reconciled Cost Of Revenue": 204222000.0,
        "EBITDA": 25650000.0,
        "EBIT": 20831000.0,
        "Net Interest Income": 1913000.0,
        "Interest Income": 1913000.0,
        "Normalized Income": 14706340.0,
        "Net Income From Continuing And Discontinued Operation": 8982000.0,
        "Total Expenses": 252946000.0,
        "Total Operating Income As Reported": 13585000.0,
        "Diluted Average Shares": 20637000.0,
        "Basic Average Shares": 20010000.0,
        "Diluted EPS": 0.44,
        "Basic EPS": 0.45,
        "Diluted NI Availto Com Stockholders": 8982000.0,
        "Net Income Common Stockholders": 8982000.0,
        "Net Income": 8982000.0,
        "Net Income Including Noncontrolling Interests": 8982000.0,
        "Net Income Continuous Operations": 8982000.0,
        "Tax Provision": 7893000.0,
        "Pretax Income": 16875000.0,
        "Other Income Expense": -5869000.0,
        "Other Non Operating Income Expenses": 1377000.0,
        "Special Income Charges": -7246000.0,
        "Impairment Of Capital Assets": 7246000.0,
        "Net Non Operating Interest Income Expense": 1913000.0,
        "Total Other Finance Cost": NaN,
        "Interest Income Non Operating": 1913000.0,
        "Operating Income": 20831000.0,
        "Operating Expense": 48724000.0,
        "Other Operating Expenses": 2552000.0,
        "Research And Development": 5658000.0,
        "Selling General And Administration": 40514000.0,
        "General And Administrative Expense": 40514000.0,
        "Other Gand A": 40514000.0,
        "Gross Profit": 69555000.0,
        "Cost Of Revenue": 204222000.0,
        "Total Revenue": 273777000.0,
        "Operating Revenue": 271225000.0
    },
    "2023-03-31": {
        "Tax Effect Of Unusual Items": 0.0,
        "Tax Rate For Calcs": 0.317272,
        "Normalized EBITDA": 21644000.0,
        "Total Unusual Items": NaN,
        "Total Unusual Items Excluding Goodwill": NaN,
        "Net Income From Continuing Operation Net Minority Interest": 15586000.0,
        "Reconciled Depreciation": 3873000.0,
        "Reconciled Cost Of Revenue": 181691000.0,
        "EBITDA": 21644000.0,
        "EBIT": 17771000.0,
        "Net Interest Income": 3249000.0,
        "Interest Income": NaN,
        "Normalized Income": 15586000.0,
        "Net Income From Continuing And Discontinued Operation": 15586000.0,
        "Total Expenses": 224348000.0,
        "Total Operating Income As Reported": 17771000.0,
        "Diluted Average Shares": 20569000.0,
        "Basic Average Shares": 19904000.0,
        "Diluted EPS": 0.76,
        "Basic EPS": 0.78,
        "Diluted NI Availto Com Stockholders": 15586000.0,
        "Net Income Common Stockholders": 15586000.0,
        "Net Income": 15586000.0,
        "Net Income Including Noncontrolling Interests": 15586000.0,
        "Net Income Continuous Operations": 15586000.0,
        "Tax Provision": 7243000.0,
        "Pretax Income": 22829000.0,
        "Other Income Expense": 1809000.0,
        "Other Non Operating Income Expenses": 1809000.0,
        "Special Income Charges": NaN,
        "Impairment Of Capital Assets": NaN,
        "Net Non Operating Interest Income Expense": 3249000.0,
        "Total Other Finance Cost": -3249000.0,
        "Interest Income Non Operating": NaN,
        "Operating Income": 17771000.0,
        "Operating Expense": 42657000.0,
        "Other Operating Expenses": 2802000.0,
        "Research And Development": 5528000.0,
        "Selling General And Administration": 34327000.0,
        "General And Administrative Expense": 34327000.0,
        "Other Gand A": 34327000.0,
        "Gross Profit": 60428000.0,
        "Cost Of Revenue": 181691000.0,
        "Total Revenue": 242119000.0,
        "Operating Revenue": 239317000.0
    },
    "2022-12-31": {
        "Tax Effect Of Unusual Items": 0.0,
        "Tax Rate For Calcs": 0.299144,
        "Normalized EBITDA": 22625000.0,
        "Total Unusual Items": 0.0,
        "Total Unusual Items Excluding Goodwill": 0.0,
        "Net Income From Continuing Operation Net Minority Interest": 16044000.0,
        "Reconciled Depreciation": 2779000.0,
        "Reconciled Cost Of Revenue": 174312000.0,
        "EBITDA": 22625000.0,
        "EBIT": 19846000.0,
        "Net Interest Income": 3673000.0,
        "Interest Income": 3673000.0,
        "Normalized Income": 16044000.0,
        "Net Income From Continuing And Discontinued Operation": 16044000.0,
        "Total Expenses": 218823000.0,
        "Total Operating Income As Reported": 19846000.0,
        "Diluted Average Shares": 20499000.0,
        "Basic Average Shares": 19861000.0,
        "Diluted EPS": 0.78,
        "Basic EPS": 0.81,
        "Diluted NI Availto Com Stockholders": 16044000.0,
        "Net Income Common Stockholders": 16044000.0,
        "Net Income": 16044000.0,
        "Net Income Including Noncontrolling Interests": 16044000.0,
        "Net Income Continuous Operations": 16044000.0,
        "Tax Provision": 6848000.0,
        "Pretax Income": 22892000.0,
        "Other Income Expense": -627000.0,
        "Other Non Operating Income Expenses": -627000.0,
        "Special Income Charges": 0.0,
        "Impairment Of Capital Assets": NaN,
        "Restructuring And Mergern Acquisition": 0.0,
        "Net Non Operating Interest Income Expense": 3673000.0,
        "Total Other Finance Cost": NaN,
        "Interest Income Non Operating": 3673000.0,
        "Operating Income": 19846000.0,
        "Operating Expense": 44511000.0,
        "Other Operating Expenses": NaN,
        "Research And Development": 6067000.0,
        "Selling General And Administration": 38444000.0,
        "General And Administrative Expense": 38444000.0,
        "Other Gand A": 38444000.0,
        "Gross Profit": 64357000.0,
        "Cost Of Revenue": 174312000.0,
        "Total Revenue": 238669000.0,
        "Operating Revenue": 235717000.0
    },
    "2022-09-30": {
        "Tax Effect Of Unusual Items": 0.0,
        "Tax Rate For Calcs": 0.295,
        "Normalized EBITDA": 30905000.0,
        "Total Unusual Items": 0.0,
        "Total Unusual Items Excluding Goodwill": 0.0,
        "Net Income From Continuing Operation Net Minority Interest": 20826000.0,
        "Reconciled Depreciation": 2583000.0,
        "Reconciled Cost Of Revenue": 189274000.0,
        "EBITDA": 30905000.0,
        "EBIT": 28322000.0,
        "Net Interest Income": 1255000.0,
        "Interest Income": 1255000.0,
        "Normalized Income": 20826000.0,
        "Net Income From Continuing And Discontinued Operation": 20826000.0,
        "Total Expenses": 229949000.0,
        "Total Operating Income As Reported": 28322000.0,
        "Diluted Average Shares": 20413000.0,
        "Basic Average Shares": 19816000.0,
        "Diluted EPS": 1.02,
        "Basic EPS": 1.05,
        "Diluted NI Availto Com Stockholders": 20826000.0,
        "Net Income Common Stockholders": 20826000.0,
        "Net Income": 20826000.0,
        "Net Income Including Noncontrolling Interests": 20826000.0,
        "Net Income Continuous Operations": 20826000.0,
        "Tax Provision": 8708000.0,
        "Pretax Income": 29534000.0,
        "Other Income Expense": -43000.0,
        "Other Non Operating Income Expenses": -43000.0,
        "Special Income Charges": 0.0,
        "Impairment Of Capital Assets": NaN,
        "Restructuring And Mergern Acquisition": 0.0,
        "Net Non Operating Interest Income Expense": 1255000.0,
        "Total Other Finance Cost": NaN,
        "Interest Income Non Operating": 1255000.0,
        "Operating Income": 28322000.0,
        "Operating Expense": 40675000.0,
        "Other Operating Expenses": NaN,
        "Research And Development": 5400000.0,
        "Selling General And Administration": 35275000.0,
        "General And Administrative Expense": 35275000.0,
        "Other Gand A": 35275000.0,
        "Gross Profit": 68997000.0,
        "Cost Of Revenue": 189274000.0,
        "Total Revenue": 258271000.0,
        "Operating Revenue": 255185000.0
    },
    "2022-06-30": {
        "Tax Effect Of Unusual Items": 0.0,
        "Tax Rate For Calcs": 0.309,
        "Normalized EBITDA": 36487000.0,
        "Total Unusual Items": 0.0,
        "Total Unusual Items Excluding Goodwill": 0.0,
        "Net Income From Continuing Operation Net Minority Interest": 24149000.0,
        "Reconciled Depreciation": 2621000.0,
        "Reconciled Cost Of Revenue": 225087000.0,
        "EBITDA": 36487000.0,
        "EBIT": 33866000.0,
        "Net Interest Income": 299000.0,
        "Interest Income": 299000.0,
        "Normalized Income": 24149000.0,
        "Net Income From Continuing And Discontinued Operation": 24149000.0,
        "Total Expenses": 267243000.0,
        "Total Operating Income As Reported": 33866000.0,
        "Diluted Average Shares": 20314000.0,
        "Basic Average Shares": 19726000.0,
        "Diluted EPS": 1.19,
        "Basic EPS": 1.22,
        "Diluted NI Availto Com Stockholders": 24149000.0,
        "Net Income Common Stockholders": 24149000.0,
        "Net Income": 24149000.0,
        "Net Income Including Noncontrolling Interests": 24149000.0,
        "Net Income Continuous Operations": 24149000.0,
        "Tax Provision": 10790000.0,
        "Pretax Income": 34939000.0,
        "Other Income Expense": 774000.0,
        "Other Non Operating Income Expenses": 774000.0,
        "Special Income Charges": 0.0,
        "Impairment Of Capital Assets": NaN,
        "Restructuring And Mergern Acquisition": 0.0,
        "Net Non Operating Interest Income Expense": 299000.0,
        "Total Other Finance Cost": NaN,
        "Interest Income Non Operating": 299000.0,
        "Operating Income": 33866000.0,
        "Operating Expense": 42156000.0,
        "Other Operating Expenses": NaN,
        "Research And Development": 4545000.0,
        "Selling General And Administration": 37611000.0,
        "General And Administrative Expense": 37611000.0,
        "Other Gand A": 37611000.0,
        "Gross Profit": 76022000.0,
        "Cost Of Revenue": 225087000.0,
        "Total Revenue": 301109000.0,
        "Operating Revenue": 298701000.0
    },
    "2022-03-31": {
        "Diluted EPS": 0.9,
        "Total Revenue": 286,
        "Gross Profit": 64,
        "Operating Income": 30,
        "EBIT": 33,
        "Net Income": 18
    },
    "2021-12-31": {
        "Diluted EPS": 0.6,
        "Total Revenue": 287,
        "Gross Profit": 63,
        "Operating Income": 17,
        "EBIT": 20,
        "Net Income": 12
    },
    "2021-09-30": {
        "Diluted EPS": 1.21,
        "Total Revenue": 265,
        "Gross Profit": 59,
        "Operating Income": 33,
        "EBIT": 38,
        "Net Income": 24
    },
    "2021-06-30": {
        "Diluted EPS": 1.03,
        "Total Revenue": 261,
        "Gross Profit": 59,
        "Operating Income": 29,
        "EBIT": 35,
        "Net Income": 21
    },
    "2021-03-31": {
        "Diluted EPS": 0.74,
        "Total Revenue": 195,
        "Gross Profit": 51,
        "Operating Income": 20,
        "EBIT": 26,
        "Net Income": 15
    },
    "2020-12-31": {
        "Diluted EPS": 0.29,
        "Total Revenue": 162,
        "Gross Profit": 38,
        "Operating Income": 9,
        "EBIT": 15,
        "Net Income": 6
    },
    "2020-09-30": {
        "Diluted EPS": -1.35,
        "Total Revenue": 145,
        "Gross Profit": 39,
        "Operating Income": -38,
        "EBIT": -22,
        "Net Income": -26
    },
    "2020-06-30": {
        "Diluted EPS": -1.33,
        "Total Revenue": 148,
        "Gross Profit": 40,
        "Operating Income": -24,
        "EBIT": -22,
        "Net Income": -26
    },
    "2020-03-31": {
        "Diluted EPS": 0.44,
        "Total Revenue": 175,
        "Gross Profit": 50,
        "Operating Income": 18,
        "EBIT": 20,
        "Net Income": 9
    },
    "2019-12-31": {
        "Diluted EPS": 0.54,
        "Total Revenue": 185,
        "Gross Profit": 46,
        "Operating Income": 14,
        "EBIT": 17,
        "Net Income": 11
    },
    "2019-09-30": {
        "Diluted EPS": 0.51,
        "Total Revenue": 187,
        "Gross Profit": 52,
        "Operating Income": 14,
        "EBIT": 17,
        "Net Income": 10
    },
    "2019-06-30": {
        "Diluted EPS": 0.73,
        "Total Revenue": 178,
        "Gross Profit": 53,
        "Operating Income": 18,
        "EBIT": 21,
        "Net Income": 14
    },
    "2019-03-31": {
        "Diluted EPS": 0.62,
        "Total Revenue": 176,
        "Gross Profit": 51,
        "Operating Income": 16,
        "EBIT": 19,
        "Net Income": 12
    },
    "2018-12-31": {
        "Diluted EPS": 0.55,
        "Total Revenue": 191,
        "Gross Profit": 47,
        "Operating Income": 17,
        "EBIT": 20,
        "Net Income": 11
    },
    "2018-09-30": {
        "Diluted EPS": 0.85,
        "Total Revenue": 192,
        "Gross Profit": 54,
        "Operating Income": 21,
        "EBIT": 24,
        "Net Income": 16
    },
    "2018-06-30": {
        "Diluted EPS": 0.59,
        "Total Revenue": 188,
        "Gross Profit": 55,
        "Operating Income": 18,
        "EBIT": 22,
        "Net Income": 11
    },
    "2018-03-31": {
        "Diluted EPS": 0.53,
        "Total Revenue": 165,
        "Gross Profit": 53,
        "Operating Income": 13,
        "EBIT": 16,
        "Net Income": 10
    },
    "2017-12-31": {
        "Diluted EPS": -2.09,
        "Total Revenue": 174,
        "Gross Profit": 35,
        "Operating Income": -19,
        "EBIT": -15,
        "Net Income": -39
    },
    "2017-09-30": {
        "Diluted EPS": 0.43,
        "Total Revenue": 164,
        "Gross Profit": 56,
        "Operating Income": 14,
        "EBIT": 18,
        "Net Income": 8
    },
    "2017-06-30": {
        "Diluted EPS": -0.97,
        "Total Revenue": 157,
        "Gross Profit": 54,
        "Operating Income": -28,
        "EBIT": -25,
        "Net Income": -18
    },
    "2017-03-31": {
        "Diluted EPS": 0.03,
        "Total Revenue": 144,
        "Gross Profit": 43,
        "Operating Income": 7,
        "EBIT": 10,
        "Net Income": 1
    },
    "2016-12-31": {
        "Diluted EPS": 0.02,
        "Total Revenue": 165,
        "Gross Profit": 43,
        "Operating Income": 8,
        "EBIT": 12,
        "Net Income": 0
    },
    "2016-09-30": {
        "Diluted EPS": 0.37,
        "Total Revenue": 148,
        "Gross Profit": 48,
        "Operating Income": 12,
        "EBIT": 16,
        "Net Income": 7
    },
    "2016-06-30": {
        "Diluted EPS": 0.35,
        "Total Revenue": 154,
        "Gross Profit": 52,
        "Operating Income": 12,
        "EBIT": 16,
        "Net Income": 7
    },
    "2016-03-31": {
        "Diluted EPS": 0.07,
        "Total Revenue": 134,
        "Gross Profit": 39,
        "Operating Income": 4,
        "EBIT": 8,
        "Net Income": 1
    },
    "2015-12-31": {
        "Diluted EPS": 0.07,
        "Total Revenue": 149,
        "Gross Profit": 36,
        "Operating Income": 5,
        "EBIT": 9,
        "Net Income": 1
    },
    "2015-09-30": {
        "Diluted EPS": 0.4,
        "Total Revenue": 143,
        "Gross Profit": 47,
        "Operating Income": 13,
        "EBIT": 16,
        "Net Income": 7
    },
    "2015-06-30": {
        "Diluted EPS": 0.27,
        "Total Revenue": 138,
        "Gross Profit": 42,
        "Operating Income": 9,
        "EBIT": 12,
        "Net Income": 5
    },
    "2015-03-31": {
        "Diluted EPS": 0.18,
        "Total Revenue": 118,
        "Gross Profit": 37,
        "Operating Income": 7,
        "EBIT": 10,
        "Net Income": 3
    },
    "2014-12-31": {
        "Diluted EPS": 0.04,
        "Total Revenue": 126,
        "Gross Profit": 55,
        "Operating Income": 4,
        "EBIT": 8,
        "Net Income": 1
    },
    "2014-09-30": {
        "Diluted EPS": 0.16,
        "Total Revenue": 130,
        "Gross Profit": 42,
        "Operating Income": 10,
        "EBIT": 13,
        "Net Income": 3
    },
    "2014-06-30": {
        "Diluted EPS": 0.21,
        "Total Revenue": 141,
        "Gross Profit": 44,
        "Operating Income": 13,
        "EBIT": 16,
        "Net Income": 4
    },
    "2014-03-31": {
        "Diluted EPS": -0.04,
        "Total Revenue": 116,
        "Gross Profit": 35,
        "Operating Income": 1,
        "EBIT": 5,
        "Net Income": -1
    },
    "2013-12-31": {
        "Diluted EPS": 0.08,
        "Total Revenue": 123,
        "Gross Profit": 35,
        "Operating Income": 1,
        "EBIT": 5,
        "Net Income": 2
    },
    "2013-09-30": {
        "Diluted EPS": 0.23,
        "Total Revenue": 124,
        "Gross Profit": 37,
        "Operating Income": 8,
        "EBIT": 12,
        "Net Income": 4
    },
    "2013-06-30": {
        "Diluted EPS": 0.11,
        "Total Revenue": 127,
        "Gross Profit": 39,
        "Operating Income": 6,
        "EBIT": 10,
        "Net Income": 2
    },
    "2013-03-31": {
        "Diluted EPS": -0.07,
        "Total Revenue": 107,
        "Gross Profit": 31,
        "Operating Income": 0,
        "EBIT": 5,
        "Net Income": -1
    },
    "2012-12-31": {
        "Diluted EPS": -0.03,
        "Total Revenue": 109,
        "Gross Profit": 31,
        "Operating Income": 0,
        "EBIT": 2,
        "Net Income": 0
    },
    "2012-09-30": {
        "Diluted EPS": 0.23,
        "Total Revenue": 122,
        "Gross Profit": 38,
        "Operating Income": 10,
        "EBIT": 13,
        "Net Income": 4
    },
    "2012-06-30": {
        "Diluted EPS": 0.1,
        "Total Revenue": 122,
        "Gross Profit": 36,
        "Operating Income": 7,
        "EBIT": 9,
        "Net Income": 2
    },
    "2012-03-31": {
        "Diluted EPS": 0.04,
        "Total Revenue": 112,
        "Gross Profit": 30,
        "Operating Income": 3,
        "EBIT": 6,
        "Net Income": 1
    },
    "2011-12-31": {
        "Diluted EPS": -0.23,
        "Total Revenue": 134,
        "Gross Profit": 42,
        "Operating Income": -5,
        "EBIT": -1,
        "Net Income": -4
    },
    "2011-09-30": {
        "Diluted EPS": -1.82,
        "Total Revenue": 149,
        "Gross Profit": 43,
        "Operating Income": -13,
        "EBIT": -10,
        "Net Income": -32
    },
    "2011-06-30": {
        "Diluted EPS": 0.41,
        "Total Revenue": 150,
        "Gross Profit": 44,
        "Operating Income": 10,
        "EBIT": 13,
        "Net Income": 7
    },
    "2011-03-31": {
        "Diluted EPS": -0.26,
        "Total Revenue": 121,
        "Gross Profit": 27,
        "Operating Income": -4,
        "EBIT": -2,
        "Net Income": -5
    },
    "2010-12-31": {
        "Diluted EPS": 0.29,
        "Total Revenue": 133,
        "Gross Profit": 44,
        "Operating Income": 9,
        "EBIT": 12,
        "Net Income": 5
    },
    "2010-09-30": {
        "Diluted EPS": 0.07,
        "Total Revenue": 131,
        "Gross Profit": 38,
        "Operating Income": 4,
        "EBIT": 7,
        "Net Income": 1
    },
    "2010-06-30": {
        "Diluted EPS": 0.15,
        "Total Revenue": 131,
        "Gross Profit": 40,
        "Operating Income": 8,
        "EBIT": 10,
        "Net Income": 3
    },
    "2010-03-31": {
        "Diluted EPS": -0.09,
        "Total Revenue": 118,
        "Gross Profit": 31,
        "Operating Income": -4,
        "EBIT": 1,
        "Net Income": -2
    },
    "2009-12-31": {
        "Diluted EPS": 0.59,
        "Total Revenue": 115,
        "Gross Profit": 40,
        "Operating Income": 11,
        "EBIT": 13,
        "Net Income": 9
    },
    "2009-09-30": {
        "Diluted EPS": 0.25,
        "Total Revenue": 108,
        "Gross Profit": 35,
        "Operating Income": 7,
        "EBIT": 9,
        "Net Income": 4
    },
    "2009-06-30": {
        "Diluted EPS": -0.93,
        "Total Revenue": 98,
        "Gross Profit": 29,
        "Operating Income": -12,
        "EBIT": -9,
        "Net Income": -16
    },
    "2009-03-31": {
        "Diluted EPS": -1.15,
        "Total Revenue": 94,
        "Gross Profit": 10,
        "Operating Income": -32,
        "EBIT": -30,
        "Net Income": -19
    },
    "2023-09-30": {
        "Tax Effect Of Unusual Items": 0.0,
        "Tax Rate For Calcs": 0.375,
        "Normalized EBITDA": 26877000.0,
        "Total Unusual Items": 0.0,
        "Total Unusual Items Excluding Goodwill": 0.0,
        "Net Income From Continuing Operation Net Minority Interest": 14987000.0,
        "Reconciled Depreciation": 4740000.0,
        "Reconciled Cost Of Revenue": 197899000.0,
        "EBITDA": 26877000.0,
        "EBIT": 22137000.0,
        "Net Interest Income": 2505000.0,
        "Interest Income": NaN,
        "Normalized Income": 14987000.0,
        "Net Income From Continuing And Discontinued Operation": 14987000.0,
        "Total Expenses": 245759000.0,
        "Total Operating Income As Reported": 22137000.0,
        "Diluted Average Shares": 20553000.0,
        "Basic Average Shares": 20076000.0,
        "Diluted EPS": 0.73,
        "Basic EPS": 0.75,
        "Diluted NI Availto Com Stockholders": 14987000.0,
        "Net Income Common Stockholders": 14987000.0,
        "Net Income": 14987000.0,
        "Net Income Including Noncontrolling Interests": 14987000.0,
        "Net Income Continuous Operations": 14987000.0,
        "Tax Provision": 9006000.0,
        "Pretax Income": 23993000.0,
        "Other Income Expense": -649000.0,
        "Other Non Operating Income Expenses": -649000.0,
        "Special Income Charges": 0.0,
        "Impairment Of Capital Assets": 0.0,
        "Net Non Operating Interest Income Expense": 2505000.0,
        "Total Other Finance Cost": -2505000.0,
        "Interest Income Non Operating": NaN,
        "Operating Income": 22137000.0,
        "Operating Expense": 47860000.0,
        "Other Operating Expenses": 4736000.0,
        "Research And Development": 5560000.0,
        "Selling General And Administration": 37564000.0,
        "General And Administrative Expense": 37564000.0,
        "Other Gand A": 37564000.0,
        "Gross Profit": 69997000.0,
        "Cost Of Revenue": 197899000.0,
        "Total Revenue": 267896000.0,
        "Operating Revenue": 263160000.0
    },
    "2023-12-31": {
        "Tax Effect Of Unusual Items": 0.0,
        "Tax Rate For Calcs": 0.21,
        "Normalized EBITDA": 26940000.0,
        "Total Unusual Items": 0.0,
        "Total Unusual Items Excluding Goodwill": 0.0,
        "Net Income From Continuing Operation Net Minority Interest": 14855000.0,
        "Reconciled Depreciation": 5076000.0,
        "Reconciled Cost Of Revenue": 181257000.0,
        "EBITDA": 26940000.0,
        "EBIT": 21864000.0,
        "Net Interest Income": 3950000.0,
        "Interest Income": NaN,
        "Normalized Income": 14855000.0,
        "Net Income From Continuing And Discontinued Operation": 14855000.0,
        "Total Expenses": 235526000.0,
        "Total Operating Income As Reported": 21864000.0,
        "Diluted Average Shares": 20670000.0,
        "Basic Average Shares": 20122000.0,
        "Diluted EPS": 0.72,
        "Basic EPS": 0.74,
        "Diluted NI Availto Com Stockholders": 14855000.0,
        "Net Income Common Stockholders": 14855000.0,
        "Net Income": 14855000.0,
        "Net Income Including Noncontrolling Interests": 14855000.0,
        "Net Income Continuous Operations": 14855000.0,
        "Tax Provision": 10119000.0,
        "Pretax Income": 24974000.0,
        "Other Income Expense": -840000.0,
        "Other Non Operating Income Expenses": -840000.0,
        "Special Income Charges": 0.0,
        "Impairment Of Capital Assets": 0.0,
        "Net Non Operating Interest Income Expense": 3950000.0,
        "Total Other Finance Cost": -3950000.0,
        "Interest Income Non Operating": NaN,
        "Operating Income": 21864000.0,
        "Operating Expense": 54269000.0,
        "Other Operating Expenses": 4228000.0,
        "Research And Development": 5952000.0,
        "Selling General And Administration": 44089000.0,
        "General And Administrative Expense": 44089000.0,
        "Other Gand A": 44089000.0,
        "Gross Profit": 76133000.0,
        "Cost Of Revenue": 181257000.0,
        "Total Revenue": 257390000.0,
        "Operating Revenue": 253162000.0
    },
    "2024-03-31": {
        "Tax Effect Of Unusual Items": 0.0,
        "Tax Rate For Calcs": 0.388077,
        "Normalized EBITDA": 21064000.0,
        "Total Unusual Items": NaN,
        "Total Unusual Items Excluding Goodwill": NaN,
        "Net Income From Continuing Operation Net Minority Interest": 14032000.0,
        "Reconciled Depreciation": 4790000.0,
        "Reconciled Cost Of Revenue": 201845000.0,
        "EBITDA": 21064000.0,
        "EBIT": 16274000.0,
        "Net Interest Income": 4086000.0,
        "Interest Income": NaN,
        "Normalized Income": 14032000.0,
        "Net Income From Continuing And Discontinued Operation": 14032000.0,
        "Total Expenses": 252824000.0,
        "Total Operating Income As Reported": 16274000.0,
        "Diluted Average Shares": 21040000.0,
        "Basic Average Shares": 20144000.0,
        "Diluted EPS": 0.67,
        "Basic EPS": 0.7,
        "Diluted NI Availto Com Stockholders": 14032000.0,
        "Net Income Common Stockholders": 14032000.0,
        "Net Income": 14032000.0,
        "Net Income Including Noncontrolling Interests": 14032000.0,
        "Net Income Continuous Operations": 14032000.0,
        "Tax Provision": 8899000.0,
        "Pretax Income": 22931000.0,
        "Other Income Expense": 2571000.0,
        "Other Non Operating Income Expenses": 2571000.0,
        "Special Income Charges": NaN,
        "Impairment Of Capital Assets": NaN,
        "Net Non Operating Interest Income Expense": 4086000.0,
        "Total Other Finance Cost": -4086000.0,
        "Interest Income Non Operating": NaN,
        "Operating Income": 16274000.0,
        "Operating Expense": 50979000.0,
        "Other Operating Expenses": 3901000.0,
        "Research And Development": 5715000.0,
        "Selling General And Administration": 41363000.0,
        "General And Administrative Expense": 41363000.0,
        "Other Gand A": 41363000.0,
        "Gross Profit": 67253000.0,
        "Cost Of Revenue": 201845000.0,
        "Total Revenue": 269098000.0,
        "Operating Revenue": 265197000.0
    }
}