{
    "2023-03-31": {
        "Tax Effect Of Unusual Items": NaN,
        "Tax Rate For Calcs": NaN,
        "Normalized EBITDA": NaN,
        "Net Income From Continuing Operation Net Minority Interest": NaN,
        "Reconciled Depreciation": NaN,
        "Reconciled Cost Of Revenue": NaN,
        "EBITDA": NaN,
        "EBIT": NaN,
        "Net Interest Income": NaN,
        "Interest Income": NaN,
        "Normalized Income": NaN,
        "Net Income From Continuing And Discontinued Operation": NaN,
        "Total Expenses": NaN,
        "Total Operating Income As Reported": NaN,
        "Diluted Average Shares": 3122000.0,
        "Basic Average Shares": 3033000.0,
        "Diluted EPS": 0.11,
        "Basic EPS": 0.12,
        "Diluted NI Availto Com Stockholders": NaN,
        "Net Income Common Stockholders": NaN,
        "Net Income": NaN,
        "Net Income Including Noncontrolling Interests": NaN,
        "Net Income Continuous Operations": NaN,
        "Tax Provision": NaN,
        "Pretax Income": NaN,
        "Other Income Expense": NaN,
        "Other Non Operating Income Expenses": NaN,
        "Net Non Operating Interest Income Expense": NaN,
        "Interest Income Non Operating": NaN,
        "Operating Income": NaN,
        "Operating Expense": NaN,
        "Depreciation Amortization Depletion Income Statement": NaN,
        "Depreciation And Amortization In Income Statement": NaN,
        "Selling General And Administration": NaN,
        "Selling And Marketing Expense": NaN,
        "General And Administrative Expense": NaN,
        "Other Gand A": NaN,
        "Salaries And Wages": NaN,
        "Gross Profit": NaN,
        "Cost Of Revenue": NaN,
        "Total Revenue": NaN,
        "Operating Revenue": NaN
    },
    "2022-12-31": {
        "Tax Effect Of Unusual Items": NaN,
        "Tax Rate For Calcs": NaN,
        "Normalized EBITDA": NaN,
        "Net Income From Continuing Operation Net Minority Interest": NaN,
        "Reconciled Depreciation": NaN,
        "Reconciled Cost Of Revenue": NaN,
        "EBITDA": NaN,
        "EBIT": NaN,
        "Net Interest Income": NaN,
        "Interest Income": NaN,
        "Normalized Income": NaN,
        "Net Income From Continuing And Discontinued Operation": NaN,
        "Total Expenses": NaN,
        "Total Operating Income As Reported": NaN,
        "Diluted Average Shares": 3139000.0,
        "Basic Average Shares": 3016000.0,
        "Diluted EPS": 0.02,
        "Basic EPS": 0.02,
        "Diluted NI Availto Com Stockholders": NaN,
        "Net Income Common Stockholders": NaN,
        "Net Income": NaN,
        "Net Income Including Noncontrolling Interests": NaN,
        "Net Income Continuous Operations": NaN,
        "Tax Provision": NaN,
        "Pretax Income": NaN,
        "Other Income Expense": NaN,
        "Other Non Operating Income Expenses": NaN,
        "Net Non Operating Interest Income Expense": NaN,
        "Interest Income Non Operating": NaN,
        "Operating Income": NaN,
        "Operating Expense": NaN,
        "Depreciation Amortization Depletion Income Statement": NaN,
        "Depreciation And Amortization In Income Statement": NaN,
        "Selling General And Administration": NaN,
        "Selling And Marketing Expense": NaN,
        "General And Administrative Expense": NaN,
        "Other Gand A": NaN,
        "Salaries And Wages": NaN,
        "Gross Profit": NaN,
        "Cost Of Revenue": NaN,
        "Total Revenue": NaN,
        "Operating Revenue": NaN
    },
    "2022-09-30": {
        "Tax Effect Of Unusual Items": 0.0,
        "Tax Rate For Calcs": 0.262548,
        "Normalized EBITDA": 1612000.0,
        "Net Income From Continuing Operation Net Minority Interest": 955000.0,
        "Reconciled Depreciation": 356000.0,
        "Reconciled Cost Of Revenue": 24487000.0,
        "EBITDA": 1612000.0,
        "EBIT": 1256000.0,
        "Net Interest Income": 23000.0,
        "Interest Income": 23000.0,
        "Normalized Income": 955000.0,
        "Net Income From Continuing And Discontinued Operation": 955000.0,
        "Total Expenses": 47430000.0,
        "Total Operating Income As Reported": 1256000.0,
        "Diluted Average Shares": 3150000.0,
        "Basic Average Shares": 3034000.0,
        "Diluted EPS": 0.3,
        "Basic EPS": 0.31,
        "Diluted NI Availto Com Stockholders": 955000.0,
        "Net Income Common Stockholders": 955000.0,
        "Net Income": 955000.0,
        "Net Income Including Noncontrolling Interests": 955000.0,
        "Net Income Continuous Operations": 955000.0,
        "Tax Provision": 340000.0,
        "Pretax Income": 1295000.0,
        "Other Income Expense": 16000.0,
        "Other Non Operating Income Expenses": 16000.0,
        "Net Non Operating Interest Income Expense": 23000.0,
        "Interest Income Non Operating": 23000.0,
        "Operating Income": 1256000.0,
        "Operating Expense": 22943000.0,
        "Depreciation Amortization Depletion Income Statement": 356000.0,
        "Depreciation And Amortization In Income Statement": 356000.0,
        "Selling General And Administration": 22587000.0,
        "Selling And Marketing Expense": 1015000.0,
        "General And Administrative Expense": 21572000.0,
        "Other Gand A": 2675000.0,
        "Salaries And Wages": 18897000.0,
        "Gross Profit": 24199000.0,
        "Cost Of Revenue": 24487000.0,
        "Total Revenue": 48686000.0,
        "Operating Revenue": 48686000.0
    },
    "2022-06-30": {
        "Tax Effect Of Unusual Items": 0.0,
        "Tax Rate For Calcs": 0.2016,
        "Normalized EBITDA": 4217000.0,
        "Net Income From Continuing Operation Net Minority Interest": 3093000.0,
        "Reconciled Depreciation": 337000.0,
        "Reconciled Cost Of Revenue": 23687000.0,
        "EBITDA": 4217000.0,
        "EBIT": 3880000.0,
        "Net Interest Income": 3000.0,
        "Interest Income": 3000.0,
        "Normalized Income": 3093000.0,
        "Net Income From Continuing And Discontinued Operation": 3093000.0,
        "Total Expenses": 47081000.0,
        "Total Operating Income As Reported": 3880000.0,
        "Diluted Average Shares": 3146000.0,
        "Basic Average Shares": 3028000.0,
        "Diluted EPS": 0.98,
        "Basic EPS": 1.02,
        "Diluted NI Availto Com Stockholders": 3093000.0,
        "Net Income Common Stockholders": 3093000.0,
        "Net Income": 3093000.0,
        "Net Income Including Noncontrolling Interests": 3093000.0,
        "Net Income Continuous Operations": 3093000.0,
        "Tax Provision": 781000.0,
        "Pretax Income": 3874000.0,
        "Other Income Expense": -9000.0,
        "Other Non Operating Income Expenses": -9000.0,
        "Net Non Operating Interest Income Expense": 3000.0,
        "Interest Income Non Operating": 3000.0,
        "Operating Income": 3880000.0,
        "Operating Expense": 23394000.0,
        "Depreciation Amortization Depletion Income Statement": 337000.0,
        "Depreciation And Amortization In Income Statement": 337000.0,
        "Selling General And Administration": 23057000.0,
        "Selling And Marketing Expense": 1079000.0,
        "General And Administrative Expense": 21978000.0,
        "Other Gand A": 2757000.0,
        "Salaries And Wages": 19221000.0,
        "Gross Profit": 27274000.0,
        "Cost Of Revenue": 23687000.0,
        "Total Revenue": 50961000.0,
        "Operating Revenue": 50961000.0
    },
    "2022-03-31": {
        "Diluted EPS": 0.97,
        "Total Revenue": 52,
        "Gross Profit": 26,
        "Operating Income": 4,
        "EBIT": 4,
        "Net Income": 3
    },
    "2021-12-31": {
        "Diluted EPS": 0.69,
        "Total Revenue": 50,
        "Gross Profit": 22,
        "Operating Income": 3,
        "EBIT": 3,
        "Net Income": 2
    },
    "2021-09-30": {
        "Diluted EPS": 0.49,
        "Total Revenue": 45,
        "Gross Profit": 18,
        "Operating Income": 1,
        "EBIT": 1,
        "Net Income": 1
    },
    "2021-06-30": {
        "Diluted EPS": -0.04,
        "Total Revenue": 40,
        "Gross Profit": 15,
        "Operating Income": 0,
        "EBIT": 0,
        "Net Income": 0
    },
    "2021-03-31": {
        "Diluted EPS": -0.07,
        "Total Revenue": 34,
        "Gross Profit": 13,
        "Operating Income": 0,
        "EBIT": 0,
        "Net Income": 0
    },
    "2020-12-31": {
        "Diluted EPS": 0.42,
        "Total Revenue": 27,
        "Gross Profit": 11,
        "Operating Income": 0,
        "EBIT": 0,
        "Net Income": 1
    },
    "2020-09-30": {
        "Diluted EPS": -0.41,
        "Total Revenue": 25,
        "Gross Profit": 9,
        "Operating Income": -1,
        "EBIT": -1,
        "Net Income": -1
    },
    "2020-06-30": {
        "Diluted EPS": -0.27,
        "Total Revenue": 25,
        "Gross Profit": 9,
        "Operating Income": -1,
        "EBIT": -1,
        "Net Income": -1
    },
    "2020-03-31": {
        "Diluted EPS": -0.17,
        "Total Revenue": 24,
        "Gross Profit": 10,
        "Operating Income": -1,
        "EBIT": -1,
        "Net Income": -1
    },
    "2019-12-31": {
        "Diluted EPS": 0.45,
        "Total Revenue": 25,
        "Gross Profit": 11,
        "Operating Income": 1,
        "EBIT": 1,
        "Net Income": 1
    },
    "2019-09-30": {
        "Diluted EPS": 0.12,
        "Total Revenue": 26,
        "Gross Profit": 11,
        "Operating Income": 0,
        "EBIT": 1,
        "Net Income": 0
    },
    "2019-06-30": {
        "Diluted EPS": -0.29,
        "Total Revenue": 26,
        "Gross Profit": 12,
        "Operating Income": -1,
        "EBIT": -1,
        "Net Income": -1
    },
    "2019-03-31": {
        "Diluted EPS": -0.58,
        "Total Revenue": 16,
        "Gross Profit": 9,
        "Operating Income": -2,
        "EBIT": -2,
        "Net Income": -2
    },
    "2018-12-31": {
        "Diluted EPS": -0.23,
        "Total Revenue": 17,
        "Gross Profit": 10,
        "Operating Income": -1,
        "EBIT": -1,
        "Net Income": -1
    },
    "2018-09-30": {
        "Diluted EPS": -0.26,
        "Total Revenue": 17,
        "Gross Profit": 11,
        "Operating Income": -1,
        "EBIT": -1,
        "Net Income": -1
    },
    "2018-06-30": {
        "Diluted EPS": -0.42,
        "Total Revenue": 17,
        "Gross Profit": 11,
        "Operating Income": -1,
        "EBIT": -1,
        "Net Income": -1
    },
    "2018-03-31": {
        "Diluted EPS": 3.3,
        "Total Revenue": 16,
        "Gross Profit": 10,
        "Operating Income": -3,
        "EBIT": -2,
        "Net Income": 11
    },
    "2017-12-31": {
        "Diluted EPS": -0.6,
        "Total Revenue": 15,
        "Gross Profit": 10,
        "Operating Income": -1,
        "EBIT": 2,
        "Net Income": -2
    },
    "2017-09-30": {
        "Diluted EPS": -0.3,
        "Total Revenue": 16,
        "Gross Profit": 11,
        "Operating Income": 0,
        "EBIT": 1,
        "Net Income": -1
    },
    "2017-06-30": {
        "Diluted EPS": 0.4,
        "Total Revenue": 15,
        "Gross Profit": 11,
        "Operating Income": 0,
        "EBIT": 0,
        "Net Income": 1
    },
    "2017-03-31": {
        "Diluted EPS": -0.4,
        "Total Revenue": 14,
        "Gross Profit": 10,
        "Operating Income": 0,
        "EBIT": 0,
        "Net Income": -1
    },
    "2016-12-31": {
        "Diluted EPS": -0.1,
        "Total Revenue": 100,
        "Gross Profit": 43,
        "Operating Income": -1,
        "EBIT": 0,
        "Net Income": 0
    },
    "2016-09-30": {
        "Diluted EPS": -0.6,
        "Total Revenue": 108,
        "Gross Profit": 44,
        "Operating Income": -1,
        "EBIT": 0,
        "Net Income": -2
    },
    "2016-06-30": {
        "Diluted EPS": -0.9,
        "Total Revenue": 113,
        "Gross Profit": 47,
        "Operating Income": -2,
        "EBIT": -2,
        "Net Income": -3
    },
    "2016-03-31": {
        "Diluted EPS": -1.0,
        "Total Revenue": 101,
        "Gross Profit": 41,
        "Operating Income": -4,
        "EBIT": -3,
        "Net Income": -3
    },
    "2015-12-31": {
        "Diluted EPS": -0.7,
        "Total Revenue": 106,
        "Gross Profit": 44,
        "Operating Income": 0,
        "EBIT": 1,
        "Net Income": -3
    },
    "2015-09-30": {
        "Diluted EPS": -0.6,
        "Total Revenue": 110,
        "Gross Profit": 45,
        "Operating Income": -4,
        "EBIT": -3,
        "Net Income": -2
    },
    "2015-06-30": {
        "Diluted EPS": 4.1,
        "Total Revenue": 123,
        "Gross Profit": 50,
        "Operating Income": 14,
        "EBIT": 15,
        "Net Income": 14
    },
    "2015-03-31": {
        "Diluted EPS": -2.1,
        "Total Revenue": 124,
        "Gross Profit": 48,
        "Operating Income": -7,
        "EBIT": -6,
        "Net Income": -7
    },
    "2014-12-31": {
        "Diluted EPS": 0.8,
        "Total Revenue": 137,
        "Gross Profit": 53,
        "Operating Income": -6,
        "EBIT": -5,
        "Net Income": 3
    },
    "2014-09-30": {
        "Diluted EPS": -2.1,
        "Total Revenue": 149,
        "Gross Profit": 56,
        "Operating Income": -5,
        "EBIT": -4,
        "Net Income": -7
    },
    "2014-06-30": {
        "Diluted EPS": -1.3,
        "Total Revenue": 151,
        "Gross Profit": 60,
        "Operating Income": -3,
        "EBIT": -1,
        "Net Income": -4
    },
    "2014-03-31": {
        "Diluted EPS": -1.4,
        "Total Revenue": 144,
        "Gross Profit": 54,
        "Operating Income": -3,
        "EBIT": -2,
        "Net Income": -5
    },
    "2013-12-31": {
        "Diluted EPS": -3.5,
        "Total Revenue": 140,
        "Gross Profit": 53,
        "Operating Income": -6,
        "EBIT": -5,
        "Net Income": -11
    },
    "2013-09-30": {
        "Diluted EPS": -1.5,
        "Total Revenue": 139,
        "Gross Profit": 50,
        "Operating Income": -6,
        "EBIT": -5,
        "Net Income": -5
    },
    "2013-06-30": {
        "Diluted EPS": -1.8,
        "Total Revenue": 171,
        "Gross Profit": 61,
        "Operating Income": -5,
        "EBIT": -4,
        "Net Income": -6
    },
    "2013-03-31": {
        "Diluted EPS": -2.5,
        "Total Revenue": 166,
        "Gross Profit": 57,
        "Operating Income": -9,
        "EBIT": -7,
        "Net Income": -8
    },
    "2012-12-31": {
        "Diluted EPS": -0.1,
        "Total Revenue": 184,
        "Gross Profit": 67,
        "Operating Income": 2,
        "EBIT": 3,
        "Net Income": 0
    },
    "2012-09-30": {
        "Diluted EPS": -0.7,
        "Total Revenue": 188,
        "Gross Profit": 68,
        "Operating Income": -2,
        "EBIT": 0,
        "Net Income": -2
    },
    "2012-06-30": {
        "Diluted EPS": 0.1,
        "Total Revenue": 205,
        "Gross Profit": 77,
        "Operating Income": -3,
        "EBIT": -2,
        "Net Income": 0
    },
    "2012-03-31": {
        "Diluted EPS": -1.0,
        "Total Revenue": 201,
        "Gross Profit": 73,
        "Operating Income": -4,
        "EBIT": -2,
        "Net Income": -3
    },
    "2011-12-31": {
        "Diluted EPS": 1.0,
        "Total Revenue": 223,
        "Gross Profit": 85,
        "Operating Income": 5,
        "EBIT": 6,
        "Net Income": 3
    },
    "2011-09-30": {
        "Diluted EPS": 1.1,
        "Total Revenue": 245,
        "Gross Profit": 93,
        "Operating Income": 6,
        "EBIT": 8,
        "Net Income": 3
    },
    "2011-06-30": {
        "Diluted EPS": 1.3,
        "Total Revenue": 247,
        "Gross Profit": 95,
        "Operating Income": 6,
        "EBIT": 8,
        "Net Income": 4
    },
    "2011-03-31": {
        "Diluted EPS": 0.0,
        "Total Revenue": 219,
        "Gross Profit": 81,
        "Operating Income": 0,
        "EBIT": 2,
        "Net Income": 0
    },
    "2010-12-31": {
        "Diluted EPS": 0.5,
        "Total Revenue": 219,
        "Gross Profit": 83,
        "Operating Income": 0,
        "EBIT": 2,
        "Net Income": 1
    },
    "2010-09-30": {
        "Diluted EPS": -0.6,
        "Total Revenue": 200,
        "Gross Profit": 75,
        "Operating Income": -1,
        "EBIT": 1,
        "Net Income": -2
    },
    "2010-06-30": {
        "Diluted EPS": 0.1,
        "Total Revenue": 195,
        "Gross Profit": 74,
        "Operating Income": 0,
        "EBIT": 2,
        "Net Income": 0
    },
    "2010-03-31": {
        "Diluted EPS": -1.6,
        "Total Revenue": 180,
        "Gross Profit": 66,
        "Operating Income": -4,
        "EBIT": -2,
        "Net Income": -4
    },
    "2009-12-31": {
        "Diluted EPS": -4.0,
        "Total Revenue": 183,
        "Gross Profit": 69,
        "Operating Income": -9,
        "EBIT": -6,
        "Net Income": -10
    },
    "2009-09-30": {
        "Diluted EPS": -2.6,
        "Total Revenue": 170,
        "Gross Profit": 64,
        "Operating Income": -9,
        "EBIT": -6,
        "Net Income": -7
    },
    "2009-06-30": {
        "Diluted EPS": -6.8,
        "Total Revenue": 174,
        "Gross Profit": 65,
        "Operating Income": -12,
        "EBIT": -8,
        "Net Income": -18
    },
    "2009-03-31": {
        "Diluted EPS": -2.2,
        "Total Revenue": 165,
        "Gross Profit": 62,
        "Operating Income": -19,
        "EBIT": -16,
        "Net Income": -6
    },
    "2023-06-30": {
        "Tax Effect Of Unusual Items": NaN,
        "Tax Rate For Calcs": NaN,
        "Normalized EBITDA": NaN,
        "Net Income From Continuing Operation Net Minority Interest": NaN,
        "Reconciled Depreciation": NaN,
        "Reconciled Cost Of Revenue": NaN,
        "EBITDA": NaN,
        "EBIT": NaN,
        "Net Interest Income": NaN,
        "Interest Income": NaN,
        "Normalized Income": NaN,
        "Net Income From Continuing And Discontinued Operation": NaN,
        "Total Expenses": NaN,
        "Total Operating Income As Reported": NaN,
        "Diluted Average Shares": 3138000.0,
        "Basic Average Shares": 3084000.0,
        "Diluted EPS": 0.18,
        "Basic EPS": 0.19,
        "Diluted NI Availto Com Stockholders": NaN,
        "Net Income Common Stockholders": NaN,
        "Net Income": NaN,
        "Net Income Including Noncontrolling Interests": NaN,
        "Net Income Continuous Operations": NaN,
        "Tax Provision": NaN,
        "Pretax Income": NaN,
        "Other Income Expense": NaN,
        "Other Non Operating Income Expenses": NaN,
        "Net Non Operating Interest Income Expense": NaN,
        "Interest Income Non Operating": NaN,
        "Operating Income": NaN,
        "Operating Expense": NaN,
        "Depreciation Amortization Depletion Income Statement": NaN,
        "Depreciation And Amortization In Income Statement": NaN,
        "Selling General And Administration": NaN,
        "Selling And Marketing Expense": NaN,
        "General And Administrative Expense": NaN,
        "Other Gand A": NaN,
        "Salaries And Wages": NaN,
        "Gross Profit": NaN,
        "Cost Of Revenue": NaN,
        "Total Revenue": NaN,
        "Operating Revenue": NaN
    },
    "2023-09-30": {
        "Tax Effect Of Unusual Items": 0.0,
        "Tax Rate For Calcs": 0.21,
        "Normalized EBITDA": 1651000.0,
        "Net Income From Continuing Operation Net Minority Interest": 533000.0,
        "Reconciled Depreciation": 374000.0,
        "Reconciled Cost Of Revenue": 20028000.0,
        "EBITDA": 1651000.0,
        "EBIT": 1277000.0,
        "Net Interest Income": 90000.0,
        "Interest Income": 90000.0,
        "Normalized Income": 533000.0,
        "Net Income From Continuing And Discontinued Operation": 533000.0,
        "Total Expenses": 38121000.0,
        "Total Operating Income As Reported": 1277000.0,
        "Diluted Average Shares": 3141000.0,
        "Basic Average Shares": 3068000.0,
        "Diluted EPS": 0.17,
        "Basic EPS": 0.17,
        "Diluted NI Availto Com Stockholders": 533000.0,
        "Net Income Common Stockholders": 533000.0,
        "Net Income": 533000.0,
        "Net Income Including Noncontrolling Interests": 533000.0,
        "Net Income Continuous Operations": 533000.0,
        "Tax Provision": 430000.0,
        "Pretax Income": 963000.0,
        "Other Income Expense": -404000.0,
        "Other Non Operating Income Expenses": -404000.0,
        "Net Non Operating Interest Income Expense": 90000.0,
        "Interest Income Non Operating": 90000.0,
        "Operating Income": 1277000.0,
        "Operating Expense": 18093000.0,
        "Depreciation Amortization Depletion Income Statement": 374000.0,
        "Depreciation And Amortization In Income Statement": 374000.0,
        "Selling General And Administration": 17719000.0,
        "Selling And Marketing Expense": 881000.0,
        "General And Administrative Expense": 16838000.0,
        "Other Gand A": 2503000.0,
        "Salaries And Wages": 14335000.0,
        "Gross Profit": 19370000.0,
        "Cost Of Revenue": 20028000.0,
        "Total Revenue": 39398000.0,
        "Operating Revenue": 39398000.0
    },
    "2023-12-31": {
        "Tax Effect Of Unusual Items": 0.0,
        "Tax Rate For Calcs": 0.21,
        "Normalized EBITDA": -876000.0,
        "Net Income From Continuing Operation Net Minority Interest": 733000.0,
        "Reconciled Depreciation": 391000.0,
        "Reconciled Cost Of Revenue": 17421000.0,
        "EBITDA": -876000.0,
        "EBIT": -1267000.0,
        "Net Interest Income": 88000.0,
        "Interest Income": 88000.0,
        "Normalized Income": 733000.0,
        "Net Income From Continuing And Discontinued Operation": 733000.0,
        "Total Expenses": 35238000.0,
        "Total Operating Income As Reported": -1267000.0,
        "Diluted Average Shares": NaN,
        "Basic Average Shares": NaN,
        "Diluted EPS": NaN,
        "Basic EPS": NaN,
        "Diluted NI Availto Com Stockholders": 733000.0,
        "Net Income Common Stockholders": 733000.0,
        "Net Income": 733000.0,
        "Net Income Including Noncontrolling Interests": 733000.0,
        "Net Income Continuous Operations": 733000.0,
        "Tax Provision": -778000.0,
        "Pretax Income": -45000.0,
        "Other Income Expense": 1134000.0,
        "Other Non Operating Income Expenses": 1134000.0,
        "Net Non Operating Interest Income Expense": 88000.0,
        "Interest Income Non Operating": 88000.0,
        "Operating Income": -1267000.0,
        "Operating Expense": 17817000.0,
        "Depreciation Amortization Depletion Income Statement": 391000.0,
        "Depreciation And Amortization In Income Statement": 391000.0,
        "Selling General And Administration": 17426000.0,
        "Selling And Marketing Expense": 849000.0,
        "General And Administrative Expense": 16577000.0,
        "Other Gand A": 2924000.0,
        "Salaries And Wages": 13653000.0,
        "Gross Profit": 16550000.0,
        "Cost Of Revenue": 17421000.0,
        "Total Revenue": 33971000.0,
        "Operating Revenue": 33971000.0
    },
    "2024-03-31": {
        "Tax Effect Of Unusual Items": 0.0,
        "Tax Rate For Calcs": 0.03,
        "Normalized EBITDA": -2643000.0,
        "Net Income From Continuing Operation Net Minority Interest": -2898000.0,
        "Reconciled Depreciation": 397000.0,
        "Reconciled Cost Of Revenue": 17561000.0,
        "EBITDA": -2643000.0,
        "EBIT": -3040000.0,
        "Net Interest Income": 93000.0,
        "Interest Income": 93000.0,
        "Normalized Income": -2898000.0,
        "Net Income From Continuing And Discontinued Operation": -2898000.0,
        "Total Expenses": 36931000.0,
        "Total Operating Income As Reported": -3040000.0,
        "Diluted Average Shares": 3041000.0,
        "Basic Average Shares": 3041000.0,
        "Diluted EPS": -0.95,
        "Basic EPS": -0.95,
        "Diluted NI Availto Com Stockholders": -2898000.0,
        "Net Income Common Stockholders": -2898000.0,
        "Net Income": -2898000.0,
        "Net Income Including Noncontrolling Interests": -2898000.0,
        "Net Income Continuous Operations": -2898000.0,
        "Tax Provision": -88000.0,
        "Pretax Income": -2986000.0,
        "Other Income Expense": -39000.0,
        "Other Non Operating Income Expenses": -39000.0,
        "Net Non Operating Interest Income Expense": 93000.0,
        "Interest Income Non Operating": 93000.0,
        "Operating Income": -3040000.0,
        "Operating Expense": 19370000.0,
        "Depreciation Amortization Depletion Income Statement": 397000.0,
        "Depreciation And Amortization In Income Statement": 397000.0,
        "Selling General And Administration": 18973000.0,
        "Selling And Marketing Expense": 878000.0,
        "General And Administrative Expense": 18095000.0,
        "Other Gand A": 2929000.0,
        "Salaries And Wages": 15166000.0,
        "Gross Profit": 16330000.0,
        "Cost Of Revenue": 17561000.0,
        "Total Revenue": 33891000.0,
        "Operating Revenue": 33891000.0
    },
    "2024-06-30": {
        "Tax Effect Of Unusual Items": 0.0,
        "Tax Rate For Calcs": 0.21,
        "Normalized EBITDA": 100000.0,
        "Net Income From Continuing Operation Net Minority Interest": -441000.0,
        "Reconciled Depreciation": 287000.0,
        "Reconciled Cost Of Revenue": 18097000.0,
        "EBITDA": 100000.0,
        "EBIT": -187000.0,
        "Net Interest Income": 94000.0,
        "Interest Income": 94000.0,
        "Normalized Income": -441000.0,
        "Net Income From Continuing And Discontinued Operation": -441000.0,
        "Total Expenses": 35899000.0,
        "Total Operating Income As Reported": -187000.0,
        "Diluted Average Shares": 3011000.0,
        "Basic Average Shares": 3011000.0,
        "Diluted EPS": -0.15,
        "Basic EPS": -0.15,
        "Diluted NI Availto Com Stockholders": -441000.0,
        "Net Income Common Stockholders": -441000.0,
        "Net Income": -441000.0,
        "Net Income Including Noncontrolling Interests": -441000.0,
        "Net Income Continuous Operations": -441000.0,
        "Tax Provision": 253000.0,
        "Pretax Income": -188000.0,
        "Other Income Expense": -95000.0,
        "Other Non Operating Income Expenses": -95000.0,
        "Net Non Operating Interest Income Expense": 94000.0,
        "Interest Income Non Operating": 94000.0,
        "Operating Income": -187000.0,
        "Operating Expense": 17802000.0,
        "Depreciation Amortization Depletion Income Statement": 287000.0,
        "Depreciation And Amortization In Income Statement": 287000.0,
        "Selling General And Administration": 17515000.0,
        "Selling And Marketing Expense": 778000.0,
        "General And Administrative Expense": 16737000.0,
        "Other Gand A": 2412000.0,
        "Salaries And Wages": 14325000.0,
        "Gross Profit": 17615000.0,
        "Cost Of Revenue": 18097000.0,
        "Total Revenue": 35712000.0,
        "Operating Revenue": 35712000.0
    },
    "2024-09-30": {
        "Tax Effect Of Unusual Items": 0.0,
        "Tax Rate For Calcs": 0.21,
        "Normalized EBITDA": -99000.0,
        "Net Income From Continuing Operation Net Minority Interest": -846000.0,
        "Reconciled Depreciation": 358000.0,
        "Reconciled Cost Of Revenue": 18250000.0,
        "EBITDA": -99000.0,
        "EBIT": -457000.0,
        "Net Interest Income": 93000.0,
        "Interest Income": 93000.0,
        "Normalized Income": -846000.0,
        "Net Income From Continuing And Discontinued Operation": -846000.0,
        "Total Expenses": 37310000.0,
        "Total Operating Income As Reported": -457000.0,
        "Diluted Average Shares": 2975000.0,
        "Basic Average Shares": 2975000.0,
        "Diluted EPS": -0.28,
        "Basic EPS": -0.28,
        "Diluted NI Availto Com Stockholders": -846000.0,
        "Net Income Common Stockholders": -846000.0,
        "Net Income": -846000.0,
        "Net Income Including Noncontrolling Interests": -846000.0,
        "Net Income Continuous Operations": -846000.0,
        "Tax Provision": 298000.0,
        "Pretax Income": -548000.0,
        "Other Income Expense": -184000.0,
        "Other Non Operating Income Expenses": -184000.0,
        "Net Non Operating Interest Income Expense": 93000.0,
        "Interest Income Non Operating": 93000.0,
        "Operating Income": -457000.0,
        "Operating Expense": 19060000.0,
        "Depreciation Amortization Depletion Income Statement": 358000.0,
        "Depreciation And Amortization In Income Statement": 358000.0,
        "Selling General And Administration": 18702000.0,
        "Selling And Marketing Expense": 971000.0,
        "General And Administrative Expense": 17731000.0,
        "Other Gand A": 2823000.0,
        "Salaries And Wages": 14908000.0,
        "Gross Profit": 18603000.0,
        "Cost Of Revenue": 18250000.0,
        "Total Revenue": 36853000.0,
        "Operating Revenue": 36853000.0
    }
}