{
    "2023-06-30": {
        "Tax Effect Of Unusual Items": 0.0,
        "Tax Rate For Calcs": 0.08,
        "Normalized EBITDA": 14230000.0,
        "Net Income From Continuing Operation Net Minority Interest": 4133000.0,
        "Reconciled Depreciation": 10222000.0,
        "Reconciled Cost Of Revenue": 23567000.0,
        "EBITDA": 14230000.0,
        "EBIT": 4008000.0,
        "Normalized Income": 4133000.0,
        "Net Income From Continuing And Discontinued Operation": 4133000.0,
        "Total Expenses": 65190000.0,
        "Total Operating Income As Reported": 4008000.0,
        "Diluted NI Availto Com Stockholders": 4133000.0,
        "Net Income Common Stockholders": 4133000.0,
        "Net Income": 4133000.0,
        "Net Income Including Noncontrolling Interests": 4133000.0,
        "Net Income Continuous Operations": 4133000.0,
        "Tax Provision": 367000.0,
        "Pretax Income": 4500000.0,
        "Other Income Expense": 492000.0,
        "Other Non Operating Income Expenses": 492000.0,
        "Operating Income": 4008000.0,
        "Operating Expense": 41623000.0,
        "Depreciation Amortization Depletion Income Statement": 10222000.0,
        "Depreciation And Amortization In Income Statement": 10222000.0,
        "Research And Development": 11031000.0,
        "Selling General And Administration": 20370000.0,
        "Selling And Marketing Expense": 11307000.0,
        "General And Administrative Expense": 9063000.0,
        "Other Gand A": 9063000.0,
        "Gross Profit": 45631000.0,
        "Cost Of Revenue": 23567000.0,
        "Total Revenue": 69198000.0,
        "Operating Revenue": 69198000.0
    },
    "2023-03-31": {
        "Tax Effect Of Unusual Items": 0.0,
        "Tax Rate For Calcs": 0.16,
        "Normalized EBITDA": 12817000.0,
        "Net Income From Continuing Operation Net Minority Interest": 2623000.0,
        "Reconciled Depreciation": 9926000.0,
        "Reconciled Cost Of Revenue": 23856000.0,
        "EBITDA": 12817000.0,
        "EBIT": 2891000.0,
        "Normalized Income": 2623000.0,
        "Net Income From Continuing And Discontinued Operation": 2623000.0,
        "Total Expenses": 66055000.0,
        "Total Operating Income As Reported": 2891000.0,
        "Diluted NI Availto Com Stockholders": 2623000.0,
        "Net Income Common Stockholders": 2623000.0,
        "Net Income": 2623000.0,
        "Net Income Including Noncontrolling Interests": 2623000.0,
        "Net Income Continuous Operations": 2623000.0,
        "Tax Provision": 518000.0,
        "Pretax Income": 3141000.0,
        "Other Income Expense": 250000.0,
        "Other Non Operating Income Expenses": 250000.0,
        "Operating Income": 2891000.0,
        "Operating Expense": 42199000.0,
        "Depreciation Amortization Depletion Income Statement": 9926000.0,
        "Depreciation And Amortization In Income Statement": 9926000.0,
        "Research And Development": 11680000.0,
        "Selling General And Administration": 20593000.0,
        "Selling And Marketing Expense": 11728000.0,
        "General And Administrative Expense": 8865000.0,
        "Other Gand A": 8865000.0,
        "Gross Profit": 45090000.0,
        "Cost Of Revenue": 23856000.0,
        "Total Revenue": 68946000.0,
        "Operating Revenue": 68946000.0
    },
    "2022-12-31": {
        "Tax Effect Of Unusual Items": 0.0,
        "Tax Rate For Calcs": 0.250612,
        "Normalized EBITDA": 12688000.0,
        "Net Income From Continuing Operation Net Minority Interest": 2449000.0,
        "Reconciled Depreciation": 9611000.0,
        "Reconciled Cost Of Revenue": 23537000.0,
        "EBITDA": 12688000.0,
        "EBIT": 3077000.0,
        "Normalized Income": 2449000.0,
        "Net Income From Continuing And Discontinued Operation": 2449000.0,
        "Total Expenses": 65459000.0,
        "Total Operating Income As Reported": 3077000.0,
        "Diluted NI Availto Com Stockholders": 2449000.0,
        "Net Income Common Stockholders": 2449000.0,
        "Net Income": 2449000.0,
        "Net Income Including Noncontrolling Interests": 2449000.0,
        "Net Income Continuous Operations": 2449000.0,
        "Tax Provision": 819000.0,
        "Pretax Income": 3268000.0,
        "Other Income Expense": 191000.0,
        "Other Non Operating Income Expenses": 191000.0,
        "Operating Income": 3077000.0,
        "Operating Expense": 41922000.0,
        "Depreciation Amortization Depletion Income Statement": 9611000.0,
        "Depreciation And Amortization In Income Statement": 9611000.0,
        "Research And Development": 11807000.0,
        "Selling General And Administration": 20504000.0,
        "Selling And Marketing Expense": 11494000.0,
        "General And Administrative Expense": 9010000.0,
        "Other Gand A": 9010000.0,
        "Gross Profit": 44999000.0,
        "Cost Of Revenue": 23537000.0,
        "Total Revenue": 68536000.0,
        "Operating Revenue": 68536000.0
    },
    "2022-09-30": {
        "Tax Effect Of Unusual Items": 0.0,
        "Tax Rate For Calcs": 0.255635,
        "Normalized EBITDA": 11974000.0,
        "Net Income From Continuing Operation Net Minority Interest": 3666000.0,
        "Reconciled Depreciation": 9592000.0,
        "Reconciled Cost Of Revenue": 23374000.0,
        "EBITDA": 11974000.0,
        "EBIT": 2382000.0,
        "Normalized Income": 3666000.0,
        "Net Income From Continuing And Discontinued Operation": 3666000.0,
        "Total Expenses": 64903000.0,
        "Total Operating Income As Reported": 2382000.0,
        "Diluted Average Shares": 30662000.0,
        "Basic Average Shares": 30570000.0,
        "Diluted EPS": 0.12,
        "Basic EPS": 0.12,
        "Diluted NI Availto Com Stockholders": 3666000.0,
        "Net Income Common Stockholders": 3666000.0,
        "Net Income": 3666000.0,
        "Net Income Including Noncontrolling Interests": 3666000.0,
        "Net Income Continuous Operations": 3666000.0,
        "Tax Provision": 1259000.0,
        "Pretax Income": 4925000.0,
        "Other Income Expense": 2543000.0,
        "Other Non Operating Income Expenses": 2543000.0,
        "Operating Income": 2382000.0,
        "Operating Expense": 41529000.0,
        "Depreciation Amortization Depletion Income Statement": 9592000.0,
        "Depreciation And Amortization In Income Statement": 9592000.0,
        "Research And Development": 11476000.0,
        "Selling General And Administration": 20461000.0,
        "Selling And Marketing Expense": 11365000.0,
        "General And Administrative Expense": 9096000.0,
        "Other Gand A": 9096000.0,
        "Gross Profit": 43911000.0,
        "Cost Of Revenue": 23374000.0,
        "Total Revenue": 67285000.0,
        "Operating Revenue": 67285000.0
    },
    "2022-06-30": {
        "Tax Effect Of Unusual Items": 0.0,
        "Tax Rate For Calcs": 0.151156,
        "Normalized EBITDA": 12373000.0,
        "Net Income From Continuing Operation Net Minority Interest": 3083000.0,
        "Reconciled Depreciation": 9420000.0,
        "Reconciled Cost Of Revenue": 22234000.0,
        "EBITDA": 12373000.0,
        "EBIT": 2953000.0,
        "Normalized Income": 3083000.0,
        "Net Income From Continuing And Discontinued Operation": 3083000.0,
        "Total Expenses": 62685000.0,
        "Total Operating Income As Reported": 2953000.0,
        "Diluted Average Shares": 30512000.0,
        "Basic Average Shares": 30491000.0,
        "Diluted EPS": 0.1,
        "Basic EPS": 0.1,
        "Diluted NI Availto Com Stockholders": 3083000.0,
        "Net Income Common Stockholders": 3083000.0,
        "Net Income": 3083000.0,
        "Net Income Including Noncontrolling Interests": 3083000.0,
        "Net Income Continuous Operations": 3083000.0,
        "Tax Provision": 549000.0,
        "Pretax Income": 3632000.0,
        "Other Income Expense": 679000.0,
        "Other Non Operating Income Expenses": 679000.0,
        "Operating Income": 2953000.0,
        "Operating Expense": 40451000.0,
        "Depreciation Amortization Depletion Income Statement": 9420000.0,
        "Depreciation And Amortization In Income Statement": 9420000.0,
        "Research And Development": 10583000.0,
        "Selling General And Administration": 20448000.0,
        "Selling And Marketing Expense": 10869000.0,
        "General And Administrative Expense": 9579000.0,
        "Other Gand A": 9579000.0,
        "Gross Profit": 43404000.0,
        "Cost Of Revenue": 22234000.0,
        "Total Revenue": 65638000.0,
        "Operating Revenue": 65638000.0
    },
    "2022-03-31": {
        "Diluted EPS": 0.09,
        "Total Revenue": 65,
        "Gross Profit": 43,
        "Operating Income": 4,
        "EBIT": 16,
        "Net Income": 3
    },
    "2021-12-31": {
        "Diluted EPS": -0.02,
        "Total Revenue": 64,
        "Gross Profit": 41,
        "Operating Income": 0,
        "EBIT": 11,
        "Net Income": 0
    },
    "2021-09-30": {
        "Diluted EPS": 0.05,
        "Total Revenue": 64,
        "Gross Profit": 42,
        "Operating Income": 2,
        "EBIT": 13,
        "Net Income": 2
    },
    "2021-06-30": {
        "Diluted EPS": 0.08,
        "Total Revenue": 65,
        "Gross Profit": 42,
        "Operating Income": 3,
        "EBIT": 15,
        "Net Income": 2
    },
    "2021-03-31": {
        "Diluted EPS": 0.07,
        "Total Revenue": 63,
        "Gross Profit": 41,
        "Operating Income": 3,
        "EBIT": 15,
        "Net Income": 2
    },
    "2020-12-31": {
        "Diluted EPS": 0.03,
        "Total Revenue": 62,
        "Gross Profit": 39,
        "Operating Income": 1,
        "EBIT": 12,
        "Net Income": 1
    },
    "2020-09-30": {
        "Diluted EPS": 0.08,
        "Total Revenue": 61,
        "Gross Profit": 38,
        "Operating Income": 3,
        "EBIT": 13,
        "Net Income": 3
    },
    "2020-06-30": {
        "Diluted EPS": 0.11,
        "Total Revenue": 61,
        "Gross Profit": 38,
        "Operating Income": 4,
        "EBIT": 14,
        "Net Income": 3
    },
    "2020-03-31": {
        "Diluted EPS": 0.22,
        "Total Revenue": 62,
        "Gross Profit": 41,
        "Operating Income": 7,
        "EBIT": 17,
        "Net Income": 7
    },
    "2019-12-31": {
        "Diluted EPS": 0.13,
        "Total Revenue": 63,
        "Gross Profit": 38,
        "Operating Income": 3,
        "EBIT": 13,
        "Net Income": 4
    },
    "2019-09-30": {
        "Diluted EPS": 0.11,
        "Total Revenue": 62,
        "Gross Profit": 37,
        "Operating Income": 4,
        "EBIT": 13,
        "Net Income": 4
    },
    "2019-06-30": {
        "Diluted EPS": 0.07,
        "Total Revenue": 64,
        "Gross Profit": 37,
        "Operating Income": 2,
        "EBIT": 11,
        "Net Income": 2
    },
    "2019-03-31": {
        "Diluted EPS": 0.18,
        "Total Revenue": 65,
        "Gross Profit": 38,
        "Operating Income": 5,
        "EBIT": 14,
        "Net Income": 6
    },
    "2018-12-31": {
        "Diluted EPS": 0.09,
        "Total Revenue": 60,
        "Gross Profit": 34,
        "Operating Income": 3,
        "EBIT": 11,
        "Net Income": 3
    },
    "2018-09-30": {
        "Diluted EPS": 0.09,
        "Total Revenue": 60,
        "Gross Profit": 35,
        "Operating Income": 5,
        "EBIT": 13,
        "Net Income": 3
    },
    "2018-06-30": {
        "Diluted EPS": 0.08,
        "Total Revenue": 57,
        "Gross Profit": 34,
        "Operating Income": 4,
        "EBIT": 12,
        "Net Income": 3
    },
    "2018-03-31": {
        "Diluted EPS": 0.74,
        "Total Revenue": 55,
        "Gross Profit": 33,
        "Operating Income": 4,
        "EBIT": 12,
        "Net Income": 24
    },
    "2017-12-31": {
        "Diluted EPS": 0.12,
        "Total Revenue": 55,
        "Gross Profit": 33,
        "Operating Income": 2,
        "EBIT": 8,
        "Net Income": 4
    },
    "2017-09-30": {
        "Diluted EPS": 0.08,
        "Total Revenue": 55,
        "Gross Profit": 32,
        "Operating Income": 3,
        "EBIT": 9,
        "Net Income": 3
    },
    "2017-06-30": {
        "Diluted EPS": 0.07,
        "Total Revenue": 53,
        "Gross Profit": 32,
        "Operating Income": 3,
        "EBIT": 9,
        "Net Income": 2
    },
    "2017-03-31": {
        "Diluted EPS": 0.04,
        "Total Revenue": 52,
        "Gross Profit": 31,
        "Operating Income": 2,
        "EBIT": 8,
        "Net Income": 1
    },
    "2016-12-31": {
        "Diluted EPS": -0.01,
        "Total Revenue": 25,
        "Gross Profit": 20,
        "Operating Income": 1,
        "EBIT": 5,
        "Net Income": 0
    },
    "2016-09-30": {
        "Diluted EPS": 0.04,
        "Total Revenue": 58,
        "Gross Profit": 33,
        "Operating Income": 1,
        "EBIT": 7,
        "Net Income": 1
    },
    "2016-06-30": {
        "Diluted EPS": 0.04,
        "Total Revenue": 55,
        "Gross Profit": 32,
        "Operating Income": 2,
        "EBIT": 7,
        "Net Income": 1
    },
    "2016-03-31": {
        "Diluted EPS": 0.05,
        "Total Revenue": 54,
        "Gross Profit": 31,
        "Operating Income": 2,
        "EBIT": 8,
        "Net Income": 2
    },
    "2015-12-31": {
        "Diluted EPS": 0.05,
        "Total Revenue": 56,
        "Gross Profit": 32,
        "Operating Income": 2,
        "EBIT": 7,
        "Net Income": 2
    },
    "2015-09-30": {
        "Diluted EPS": 0.08,
        "Total Revenue": 54,
        "Gross Profit": 31,
        "Operating Income": 4,
        "EBIT": 9,
        "Net Income": 3
    },
    "2015-06-30": {
        "Diluted EPS": 0.05,
        "Total Revenue": 52,
        "Gross Profit": 30,
        "Operating Income": 3,
        "EBIT": 7,
        "Net Income": 1
    },
    "2015-03-31": {
        "Diluted EPS": 0.1,
        "Total Revenue": 47,
        "Gross Profit": 27,
        "Operating Income": 5,
        "EBIT": 8,
        "Net Income": 3
    },
    "2014-12-31": {
        "Diluted EPS": 0.1,
        "Total Revenue": 45,
        "Gross Profit": 26,
        "Operating Income": 4,
        "EBIT": 7,
        "Net Income": 3
    },
    "2014-09-30": {
        "Diluted EPS": 0.12,
        "Total Revenue": 45,
        "Gross Profit": 25,
        "Operating Income": 5,
        "EBIT": 8,
        "Net Income": 3
    },
    "2014-06-30": {
        "Diluted EPS": 0.08,
        "Total Revenue": 42,
        "Gross Profit": 24,
        "Operating Income": 4,
        "EBIT": 7,
        "Net Income": 2
    },
    "2014-03-31": {
        "Diluted EPS": 0.07,
        "Total Revenue": 38,
        "Gross Profit": 21,
        "Operating Income": 3,
        "EBIT": 6,
        "Net Income": 2
    },
    "2013-12-31": {
        "Diluted EPS": 0.06,
        "Total Revenue": 37,
        "Gross Profit": 21,
        "Operating Income": 4,
        "EBIT": 6,
        "Net Income": 2
    },
    "2013-09-30": {
        "Diluted EPS": 0.08,
        "Total Revenue": 34,
        "Gross Profit": 20,
        "Operating Income": 4,
        "EBIT": 6,
        "Net Income": 2
    },
    "2013-06-30": {
        "Diluted EPS": 0.09,
        "Total Revenue": 32,
        "Gross Profit": 19,
        "Operating Income": 4,
        "EBIT": 6,
        "Net Income": 2
    },
    "2013-03-31": {
        "Diluted EPS": 0.07,
        "Total Revenue": 30,
        "Gross Profit": 17,
        "Operating Income": 3,
        "EBIT": 5,
        "Net Income": 2
    },
    "2012-12-31": {
        "Diluted EPS": 0.07,
        "Total Revenue": 28,
        "Gross Profit": 17,
        "Operating Income": 3,
        "EBIT": 5,
        "Net Income": 2
    },
    "2012-09-30": {
        "Diluted EPS": 0.07,
        "Total Revenue": 26,
        "Gross Profit": 16,
        "Operating Income": 4,
        "EBIT": 5,
        "Net Income": 2
    },
    "2012-06-30": {
        "Diluted EPS": 0.09,
        "Total Revenue": 26,
        "Gross Profit": 16,
        "Operating Income": 4,
        "EBIT": 6,
        "Net Income": 2
    },
    "2012-03-31": {
        "Diluted EPS": 0.05,
        "Total Revenue": 24,
        "Gross Profit": 14,
        "Operating Income": 2,
        "EBIT": 4,
        "Net Income": 1
    },
    "2011-12-31": {
        "Diluted EPS": 0.06,
        "Total Revenue": 22,
        "Gross Profit": 13,
        "Operating Income": 3,
        "EBIT": 5,
        "Net Income": 2
    },
    "2011-09-30": {
        "Diluted EPS": 0.08,
        "Total Revenue": 21,
        "Gross Profit": 13,
        "Operating Income": 3,
        "EBIT": 4,
        "Net Income": 2
    },
    "2011-06-30": {
        "Diluted EPS": 0.08,
        "Total Revenue": 21,
        "Gross Profit": 13,
        "Operating Income": 3,
        "EBIT": 4,
        "Net Income": 2
    },
    "2011-03-31": {
        "Diluted EPS": 0.07,
        "Total Revenue": 19,
        "Gross Profit": 11,
        "Operating Income": 3,
        "EBIT": 4,
        "Net Income": 2
    },
    "2010-12-31": {
        "Diluted EPS": 0.04,
        "Total Revenue": 18,
        "Gross Profit": 11,
        "Operating Income": 2,
        "EBIT": 3,
        "Net Income": 1
    },
    "2010-09-30": {
        "Diluted EPS": 0.04,
        "Total Revenue": 17,
        "Gross Profit": 10,
        "Operating Income": 2,
        "EBIT": 3,
        "Net Income": 1
    },
    "2010-06-30": {
        "Diluted EPS": 0.06,
        "Total Revenue": 17,
        "Gross Profit": 11,
        "Operating Income": 2,
        "EBIT": 4,
        "Net Income": 1
    },
    "2010-03-31": {
        "Diluted EPS": 0.04,
        "Total Revenue": 15,
        "Gross Profit": 9,
        "Operating Income": 1,
        "EBIT": 3,
        "Net Income": 1
    },
    "2009-12-31": {
        "Diluted EPS": 0.47,
        "Total Revenue": 15,
        "Gross Profit": 10,
        "Operating Income": 1,
        "EBIT": 3,
        "Net Income": 10
    },
    "2009-09-30": {
        "Diluted EPS": 0.05,
        "Total Revenue": 14,
        "Gross Profit": 9,
        "Operating Income": 1,
        "EBIT": 2,
        "Net Income": 1
    },
    "2009-06-30": {
        "Diluted EPS": 0.08,
        "Total Revenue": 15,
        "Gross Profit": 9,
        "Operating Income": 2,
        "EBIT": 3,
        "Net Income": 2
    },
    "2009-03-31": {
        "Diluted EPS": 0.04,
        "Total Revenue": 14,
        "Gross Profit": 8,
        "Operating Income": 1,
        "EBIT": 2,
        "Net Income": 1
    },
    "2023-09-30": {
        "Tax Effect Of Unusual Items": 0.0,
        "Tax Rate For Calcs": 0.29,
        "Normalized EBITDA": 15266000.0,
        "Net Income From Continuing Operation Net Minority Interest": 3867000.0,
        "Reconciled Depreciation": 10402000.0,
        "Reconciled Cost Of Revenue": 23588000.0,
        "EBITDA": 15266000.0,
        "EBIT": 4863000.0,
        "Normalized Income": 3867000.0,
        "Net Income From Continuing And Discontinued Operation": 3867000.0,
        "Total Expenses": 65476000.0,
        "Total Operating Income As Reported": 4863000.0,
        "Diluted NI Availto Com Stockholders": 3867000.0,
        "Net Income Common Stockholders": 3867000.0,
        "Net Income": 3867000.0,
        "Net Income Including Noncontrolling Interests": 3867000.0,
        "Net Income Continuous Operations": 3867000.0,
        "Tax Provision": 1586000.0,
        "Pretax Income": 5453000.0,
        "Other Income Expense": 590000.0,
        "Other Non Operating Income Expenses": 590000.0,
        "Operating Income": 4863000.0,
        "Operating Expense": 41889000.0,
        "Depreciation Amortization Depletion Income Statement": 10403000.0,
        "Depreciation And Amortization In Income Statement": 10403000.0,
        "Research And Development": 10901000.0,
        "Selling General And Administration": 20585000.0,
        "Selling And Marketing Expense": 11290000.0,
        "General And Administrative Expense": 9295000.0,
        "Other Gand A": 9295000.0,
        "Gross Profit": 46752000.0,
        "Cost Of Revenue": 23587000.0,
        "Total Revenue": 70339000.0,
        "Operating Revenue": 70339000.0
    }
}