{
    "2023-06-30": {
        "Tax Effect Of Unusual Items": NaN,
        "Tax Rate For Calcs": NaN,
        "Total Unusual Items": NaN,
        "Total Unusual Items Excluding Goodwill": NaN,
        "Net Income From Continuing Operation Net Minority Interest": NaN,
        "Reconciled Depreciation": NaN,
        "Net Interest Income": NaN,
        "Interest Expense": NaN,
        "Interest Income": NaN,
        "Normalized Income": NaN,
        "Net Income From Continuing And Discontinued Operation": NaN,
        "Diluted Average Shares": NaN,
        "Basic Average Shares": NaN,
        "Diluted EPS": NaN,
        "Basic EPS": NaN,
        "Diluted NI Availto Com Stockholders": NaN,
        "Average Dilution Earnings": 0.0,
        "Net Income Common Stockholders": NaN,
        "Otherunder Preferred Stock Dividend": NaN,
        "Net Income": NaN,
        "Net Income Including Noncontrolling Interests": NaN,
        "Net Income Continuous Operations": NaN,
        "Tax Provision": NaN,
        "Pretax Income": NaN,
        "Special Income Charges": NaN,
        "Other Special Charges": -82000.0,
        "Restructuring And Mergern Acquisition": NaN,
        "Depreciation Amortization Depletion Income Statement": NaN,
        "Depreciation And Amortization In Income Statement": NaN,
        "Amortization": NaN,
        "Amortization Of Intangibles Income Statement": NaN,
        "Selling General And Administration": NaN,
        "Selling And Marketing Expense": NaN,
        "General And Administrative Expense": NaN,
        "Insurance And Claims": NaN,
        "Salaries And Wages": NaN,
        "Total Revenue": NaN,
        "Operating Revenue": NaN,
        "Occupancy And Equipment": NaN,
        "Other Non Interest Expense": NaN
    },
    "2023-03-31": {
        "Tax Effect Of Unusual Items": NaN,
        "Tax Rate For Calcs": NaN,
        "Total Unusual Items": NaN,
        "Total Unusual Items Excluding Goodwill": NaN,
        "Net Income From Continuing Operation Net Minority Interest": NaN,
        "Reconciled Depreciation": NaN,
        "Net Interest Income": NaN,
        "Interest Expense": NaN,
        "Interest Income": NaN,
        "Normalized Income": NaN,
        "Net Income From Continuing And Discontinued Operation": NaN,
        "Diluted Average Shares": NaN,
        "Basic Average Shares": NaN,
        "Diluted EPS": NaN,
        "Basic EPS": NaN,
        "Diluted NI Availto Com Stockholders": NaN,
        "Average Dilution Earnings": 0.0,
        "Net Income Common Stockholders": NaN,
        "Otherunder Preferred Stock Dividend": NaN,
        "Net Income": NaN,
        "Net Income Including Noncontrolling Interests": NaN,
        "Net Income Continuous Operations": NaN,
        "Tax Provision": NaN,
        "Pretax Income": NaN,
        "Special Income Charges": NaN,
        "Other Special Charges": -900000.0,
        "Restructuring And Mergern Acquisition": NaN,
        "Depreciation Amortization Depletion Income Statement": NaN,
        "Depreciation And Amortization In Income Statement": NaN,
        "Amortization": NaN,
        "Amortization Of Intangibles Income Statement": NaN,
        "Selling General And Administration": NaN,
        "Selling And Marketing Expense": NaN,
        "General And Administrative Expense": NaN,
        "Insurance And Claims": NaN,
        "Salaries And Wages": NaN,
        "Total Revenue": NaN,
        "Operating Revenue": NaN,
        "Occupancy And Equipment": NaN,
        "Other Non Interest Expense": NaN
    },
    "2022-12-31": {
        "Tax Effect Of Unusual Items": NaN,
        "Tax Rate For Calcs": NaN,
        "Total Unusual Items": NaN,
        "Total Unusual Items Excluding Goodwill": NaN,
        "Net Income From Continuing Operation Net Minority Interest": NaN,
        "Reconciled Depreciation": NaN,
        "Net Interest Income": NaN,
        "Interest Expense": NaN,
        "Interest Income": NaN,
        "Normalized Income": NaN,
        "Net Income From Continuing And Discontinued Operation": NaN,
        "Diluted Average Shares": NaN,
        "Basic Average Shares": NaN,
        "Diluted EPS": NaN,
        "Basic EPS": NaN,
        "Diluted NI Availto Com Stockholders": NaN,
        "Average Dilution Earnings": 0.0,
        "Net Income Common Stockholders": NaN,
        "Otherunder Preferred Stock Dividend": NaN,
        "Net Income": NaN,
        "Net Income Including Noncontrolling Interests": NaN,
        "Net Income Continuous Operations": NaN,
        "Tax Provision": NaN,
        "Pretax Income": NaN,
        "Special Income Charges": NaN,
        "Other Special Charges": -1127000.0,
        "Restructuring And Mergern Acquisition": NaN,
        "Depreciation Amortization Depletion Income Statement": NaN,
        "Depreciation And Amortization In Income Statement": NaN,
        "Amortization": NaN,
        "Amortization Of Intangibles Income Statement": NaN,
        "Selling General And Administration": NaN,
        "Selling And Marketing Expense": NaN,
        "General And Administrative Expense": NaN,
        "Other Gand A": 575000.0,
        "Insurance And Claims": NaN,
        "Salaries And Wages": NaN,
        "Total Revenue": NaN,
        "Operating Revenue": NaN,
        "Occupancy And Equipment": NaN,
        "Other Non Interest Expense": NaN
    },
    "2022-09-30": {
        "Tax Effect Of Unusual Items": NaN,
        "Tax Rate For Calcs": NaN,
        "Total Unusual Items": NaN,
        "Total Unusual Items Excluding Goodwill": NaN,
        "Net Income From Continuing Operation Net Minority Interest": NaN,
        "Reconciled Depreciation": NaN,
        "Net Interest Income": NaN,
        "Interest Expense": NaN,
        "Interest Income": NaN,
        "Normalized Income": NaN,
        "Net Income From Continuing And Discontinued Operation": NaN,
        "Diluted Average Shares": NaN,
        "Basic Average Shares": NaN,
        "Diluted EPS": NaN,
        "Basic EPS": NaN,
        "Diluted NI Availto Com Stockholders": NaN,
        "Average Dilution Earnings": 0.0,
        "Net Income Common Stockholders": NaN,
        "Otherunder Preferred Stock Dividend": NaN,
        "Net Income": NaN,
        "Net Income Including Noncontrolling Interests": NaN,
        "Net Income Continuous Operations": NaN,
        "Tax Provision": NaN,
        "Pretax Income": NaN,
        "Special Income Charges": NaN,
        "Other Special Charges": 12000.0,
        "Restructuring And Mergern Acquisition": NaN,
        "Depreciation Amortization Depletion Income Statement": NaN,
        "Depreciation And Amortization In Income Statement": NaN,
        "Amortization": NaN,
        "Amortization Of Intangibles Income Statement": NaN,
        "Selling General And Administration": NaN,
        "Selling And Marketing Expense": NaN,
        "General And Administrative Expense": NaN,
        "Other Gand A": 3366000.0,
        "Insurance And Claims": NaN,
        "Salaries And Wages": NaN,
        "Total Revenue": NaN,
        "Operating Revenue": NaN
    },
    "2022-06-30": {
        "Tax Effect Of Unusual Items": -391310.0,
        "Tax Rate For Calcs": 0.218,
        "Total Unusual Items": -1795000.0,
        "Total Unusual Items Excluding Goodwill": -1795000.0,
        "Net Income From Continuing Operation Net Minority Interest": 6025000.0,
        "Reconciled Depreciation": 42000.0,
        "Net Interest Income": 28859000.0,
        "Interest Expense": 1267000.0,
        "Interest Income": 30126000.0,
        "Normalized Income": 7428690.0,
        "Net Income From Continuing And Discontinued Operation": 6025000.0,
        "Diluted Average Shares": 15245673.0,
        "Basic Average Shares": 15064694.0,
        "Diluted EPS": 0.39,
        "Basic EPS": 0.4,
        "Diluted NI Availto Com Stockholders": 6025000.0,
        "Average Dilution Earnings": 0.0,
        "Net Income Common Stockholders": 6025000.0,
        "Otherunder Preferred Stock Dividend": 56000.0,
        "Net Income": 6025000.0,
        "Net Income Including Noncontrolling Interests": 6025000.0,
        "Net Income Continuous Operations": 6025000.0,
        "Tax Provision": 1678000.0,
        "Pretax Income": 7703000.0,
        "Special Income Charges": -1795000.0,
        "Other Special Charges": 1795000.0,
        "Restructuring And Mergern Acquisition": 0.0,
        "Gain On Sale Of Security": 1895000.0,
        "Depreciation Amortization Depletion Income Statement": 42000.0,
        "Depreciation And Amortization In Income Statement": 42000.0,
        "Amortization": 42000.0,
        "Amortization Of Intangibles Income Statement": 42000.0,
        "Selling General And Administration": 18848000.0,
        "Selling And Marketing Expense": 473000.0,
        "General And Administrative Expense": 18375000.0,
        "Other Gand A": 3234000.0,
        "Insurance And Claims": 432000.0,
        "Salaries And Wages": 14709000.0,
        "Total Revenue": 38575000.0,
        "Operating Revenue": 38575000.0
    },
    "2022-03-31": {
        "Diluted EPS": 0.51,
        "Total Revenue": 37,
        "Gross Profit": 36,
        "Operating Income": 10,
        "EBIT": NaN,
        "Net Income": 8
    },
    "2021-12-31": {
        "Diluted EPS": 0.68,
        "Total Revenue": 39,
        "Gross Profit": 37,
        "Operating Income": 14,
        "EBIT": NaN,
        "Net Income": 11
    },
    "2021-09-30": {
        "Diluted EPS": 0.65,
        "Total Revenue": 40,
        "Gross Profit": 38,
        "Operating Income": 14,
        "EBIT": NaN,
        "Net Income": 10
    },
    "2021-06-30": {
        "Diluted EPS": -0.47,
        "Total Revenue": 40,
        "Gross Profit": 37,
        "Operating Income": -9,
        "EBIT": NaN,
        "Net Income": -7
    },
    "2021-03-31": {
        "Diluted EPS": 0.49,
        "Total Revenue": 40,
        "Gross Profit": 36,
        "Operating Income": 10,
        "EBIT": NaN,
        "Net Income": 8
    },
    "2020-12-31": {
        "Diluted EPS": 0.57,
        "Total Revenue": 40,
        "Gross Profit": 35,
        "Operating Income": 12,
        "EBIT": NaN,
        "Net Income": 9
    },
    "2020-09-30": {
        "Diluted EPS": 0.35,
        "Total Revenue": 39,
        "Gross Profit": 34,
        "Operating Income": 7,
        "EBIT": NaN,
        "Net Income": 6
    },
    "2020-06-30": {
        "Diluted EPS": 0.22,
        "Total Revenue": 38,
        "Gross Profit": 32,
        "Operating Income": 4,
        "EBIT": NaN,
        "Net Income": 4
    },
    "2020-03-31": {
        "Diluted EPS": 0.07,
        "Total Revenue": 39,
        "Gross Profit": 32,
        "Operating Income": 1,
        "EBIT": NaN,
        "Net Income": 1
    },
    "2019-12-31": {
        "Diluted EPS": 0.52,
        "Total Revenue": 45,
        "Gross Profit": 36,
        "Operating Income": 12,
        "EBIT": NaN,
        "Net Income": 9
    },
    "2019-09-30": {
        "Diluted EPS": 0.49,
        "Total Revenue": 44,
        "Gross Profit": 35,
        "Operating Income": 11,
        "EBIT": NaN,
        "Net Income": 9
    },
    "2019-06-30": {
        "Diluted EPS": 0.44,
        "Total Revenue": 43,
        "Gross Profit": 34,
        "Operating Income": 10,
        "EBIT": NaN,
        "Net Income": 8
    },
    "2019-03-31": {
        "Diluted EPS": 0.18,
        "Total Revenue": 40,
        "Gross Profit": 32,
        "Operating Income": 4,
        "EBIT": NaN,
        "Net Income": 3
    },
    "2018-12-31": {
        "Diluted EPS": 0.43,
        "Total Revenue": 39,
        "Gross Profit": 32,
        "Operating Income": 10,
        "EBIT": NaN,
        "Net Income": 8
    },
    "2018-09-30": {
        "Diluted EPS": 0.41,
        "Total Revenue": 38,
        "Gross Profit": 32,
        "Operating Income": 10,
        "EBIT": NaN,
        "Net Income": 8
    },
    "2018-06-30": {
        "Diluted EPS": 0.41,
        "Total Revenue": 37,
        "Gross Profit": 32,
        "Operating Income": 9,
        "EBIT": NaN,
        "Net Income": 7
    },
    "2018-03-31": {
        "Diluted EPS": 0.32,
        "Total Revenue": 34,
        "Gross Profit": 30,
        "Operating Income": 9,
        "EBIT": NaN,
        "Net Income": 6
    },
    "2017-12-31": {
        "Diluted EPS": -0.59,
        "Total Revenue": 33,
        "Gross Profit": 30,
        "Operating Income": 9,
        "EBIT": NaN,
        "Net Income": -11
    },
    "2017-09-30": {
        "Diluted EPS": 0.3,
        "Total Revenue": 32,
        "Gross Profit": 29,
        "Operating Income": 8,
        "EBIT": NaN,
        "Net Income": 6
    },
    "2017-06-30": {
        "Diluted EPS": 0.25,
        "Total Revenue": 32,
        "Gross Profit": 29,
        "Operating Income": 7,
        "EBIT": NaN,
        "Net Income": 5
    },
    "2017-03-31": {
        "Diluted EPS": 0.01,
        "Total Revenue": 31,
        "Gross Profit": 29,
        "Operating Income": 7,
        "EBIT": NaN,
        "Net Income": 0
    },
    "2016-12-31": {
        "Diluted EPS": 0.17,
        "Total Revenue": 26,
        "Gross Profit": 24,
        "Operating Income": 4,
        "EBIT": NaN,
        "Net Income": 3
    },
    "2016-09-30": {
        "Diluted EPS": 0.22,
        "Total Revenue": 27,
        "Gross Profit": 25,
        "Operating Income": 7,
        "EBIT": NaN,
        "Net Income": 4
    },
    "2016-06-30": {
        "Diluted EPS": 0.19,
        "Total Revenue": 27,
        "Gross Profit": 25,
        "Operating Income": 5,
        "EBIT": NaN,
        "Net Income": 3
    },
    "2016-03-31": {
        "Diluted EPS": 0.18,
        "Total Revenue": 25,
        "Gross Profit": 24,
        "Operating Income": 4,
        "EBIT": NaN,
        "Net Income": 3
    },
    "2015-12-31": {
        "Diluted EPS": 0.14,
        "Total Revenue": 25,
        "Gross Profit": 23,
        "Operating Income": 3,
        "EBIT": NaN,
        "Net Income": 2
    },
    "2015-09-30": {
        "Diluted EPS": 0.14,
        "Total Revenue": 25,
        "Gross Profit": 24,
        "Operating Income": 4,
        "EBIT": NaN,
        "Net Income": 3
    },
    "2015-06-30": {
        "Diluted EPS": 0.14,
        "Total Revenue": 26,
        "Gross Profit": 24,
        "Operating Income": 4,
        "EBIT": NaN,
        "Net Income": 2
    },
    "2015-03-31": {
        "Diluted EPS": 0.06,
        "Total Revenue": 25,
        "Gross Profit": 24,
        "Operating Income": 3,
        "EBIT": NaN,
        "Net Income": 1
    },
    "2014-12-31": {
        "Diluted EPS": 0.1,
        "Total Revenue": 24,
        "Gross Profit": 23,
        "Operating Income": 5,
        "EBIT": NaN,
        "Net Income": 2
    },
    "2014-09-30": {
        "Diluted EPS": 0.12,
        "Total Revenue": 23,
        "Gross Profit": 21,
        "Operating Income": 5,
        "EBIT": NaN,
        "Net Income": 2
    },
    "2014-06-30": {
        "Diluted EPS": 0.08,
        "Total Revenue": 18,
        "Gross Profit": 17,
        "Operating Income": 4,
        "EBIT": NaN,
        "Net Income": 2
    },
    "2014-03-31": {
        "Diluted EPS": 0.14,
        "Total Revenue": 16,
        "Gross Profit": 15,
        "Operating Income": 4,
        "EBIT": NaN,
        "Net Income": 3
    },
    "2013-12-31": {
        "Diluted EPS": 0.15,
        "Total Revenue": 18,
        "Gross Profit": 16,
        "Operating Income": 4,
        "EBIT": NaN,
        "Net Income": 3
    },
    "2013-09-30": {
        "Diluted EPS": 0.17,
        "Total Revenue": 17,
        "Gross Profit": 16,
        "Operating Income": 6,
        "EBIT": NaN,
        "Net Income": 3
    },
    "2013-06-30": {
        "Diluted EPS": 0.15,
        "Total Revenue": 17,
        "Gross Profit": 16,
        "Operating Income": 4,
        "EBIT": NaN,
        "Net Income": 3
    },
    "2013-03-31": {
        "Diluted EPS": 0.13,
        "Total Revenue": 17,
        "Gross Profit": 16,
        "Operating Income": 3,
        "EBIT": NaN,
        "Net Income": 3
    },
    "2012-12-31": {
        "Diluted EPS": 0.11,
        "Total Revenue": 18,
        "Gross Profit": 16,
        "Operating Income": 3,
        "EBIT": NaN,
        "Net Income": 2
    },
    "2012-09-30": {
        "Diluted EPS": 0.06,
        "Total Revenue": 18,
        "Gross Profit": 16,
        "Operating Income": 1,
        "EBIT": NaN,
        "Net Income": 1
    },
    "2012-06-30": {
        "Diluted EPS": 0.0,
        "Total Revenue": 19,
        "Gross Profit": 17,
        "Operating Income": 4,
        "EBIT": NaN,
        "Net Income": 1
    },
    "2012-03-31": {
        "Diluted EPS": 0.0,
        "Total Revenue": 21,
        "Gross Profit": 18,
        "Operating Income": 2,
        "EBIT": NaN,
        "Net Income": 2
    },
    "2011-12-31": {
        "Diluted EPS": 0.0,
        "Total Revenue": 19,
        "Gross Profit": 16,
        "Operating Income": 2,
        "EBIT": NaN,
        "Net Income": 1
    },
    "2011-09-30": {
        "Diluted EPS": 0.0,
        "Total Revenue": 19,
        "Gross Profit": 16,
        "Operating Income": 1,
        "EBIT": NaN,
        "Net Income": 0
    },
    "2011-06-30": {
        "Diluted EPS": 0.0,
        "Total Revenue": NaN,
        "Gross Profit": NaN,
        "Operating Income": NaN,
        "EBIT": NaN,
        "Net Income": NaN
    },
    "2011-03-31": {
        "Diluted EPS": 0.0,
        "Total Revenue": 18,
        "Gross Profit": 13,
        "Operating Income": 0,
        "EBIT": NaN,
        "Net Income": 1
    },
    "2010-06-30": {
        "Diluted EPS": 0.0,
        "Total Revenue": NaN,
        "Gross Profit": NaN,
        "Operating Income": NaN,
        "EBIT": NaN,
        "Net Income": NaN
    },
    "2023-09-30": {
        "Tax Effect Of Unusual Items": 0.0,
        "Tax Rate For Calcs": 0.205,
        "Total Unusual Items": 0.0,
        "Total Unusual Items Excluding Goodwill": 0.0,
        "Net Income From Continuing Operation Net Minority Interest": 14833000.0,
        "Reconciled Depreciation": 4094000.0,
        "Net Interest Income": 42160000.0,
        "Interest Expense": 19705000.0,
        "Interest Income": 61865000.0,
        "Normalized Income": 14833000.0,
        "Net Income From Continuing And Discontinued Operation": 14833000.0,
        "Diluted Average Shares": 16800901.0,
        "Basic Average Shares": 16792177.0,
        "Diluted EPS": 0.88,
        "Basic EPS": 0.88,
        "Diluted NI Availto Com Stockholders": 14716000.0,
        "Average Dilution Earnings": NaN,
        "Net Income Common Stockholders": 14716000.0,
        "Otherunder Preferred Stock Dividend": 117000.0,
        "Net Income": 14833000.0,
        "Net Income Including Noncontrolling Interests": 14833000.0,
        "Net Income Continuous Operations": 14833000.0,
        "Tax Provision": 3820000.0,
        "Pretax Income": 18653000.0,
        "Special Income Charges": 0.0,
        "Other Special Charges": NaN,
        "Restructuring And Mergern Acquisition": 0.0,
        "Depreciation Amortization Depletion Income Statement": 859000.0,
        "Depreciation And Amortization In Income Statement": 859000.0,
        "Amortization": 859000.0,
        "Amortization Of Intangibles Income Statement": 859000.0,
        "Selling General And Administration": 17718000.0,
        "Selling And Marketing Expense": 487000.0,
        "General And Administrative Expense": 17231000.0,
        "Insurance And Claims": 717000.0,
        "Salaries And Wages": 16514000.0,
        "Total Revenue": 50787000.0,
        "Operating Revenue": 50787000.0,
        "Occupancy And Equipment": 2489000.0,
        "Other Non Interest Expense": 8498000.0
    },
    "2023-12-31": {
        "Tax Effect Of Unusual Items": -51930.005872,
        "Tax Rate For Calcs": 0.209395,
        "Total Unusual Items": -248000.0,
        "Total Unusual Items Excluding Goodwill": -248000.0,
        "Net Income From Continuing Operation Net Minority Interest": 13464000.0,
        "Reconciled Depreciation": 4363000.0,
        "Net Interest Income": 41923000.0,
        "Interest Expense": 20896000.0,
        "Interest Income": 62819000.0,
        "Normalized Income": 13660069.994128,
        "Net Income From Continuing And Discontinued Operation": 13464000.0,
        "Diluted Average Shares": 16827460.0,
        "Basic Average Shares": 16820369.0,
        "Diluted EPS": 0.79,
        "Basic EPS": 0.79,
        "Diluted NI Availto Com Stockholders": 13362000.0,
        "Average Dilution Earnings": NaN,
        "Net Income Common Stockholders": 13362000.0,
        "Otherunder Preferred Stock Dividend": 102000.0,
        "Net Income": 13464000.0,
        "Net Income Including Noncontrolling Interests": 13464000.0,
        "Net Income Continuous Operations": 13464000.0,
        "Tax Provision": 3566000.0,
        "Pretax Income": 17030000.0,
        "Special Income Charges": -248000.0,
        "Other Special Charges": NaN,
        "Restructuring And Mergern Acquisition": 0.0,
        "Depreciation Amortization Depletion Income Statement": 860000.0,
        "Depreciation And Amortization In Income Statement": 860000.0,
        "Amortization": 860000.0,
        "Amortization Of Intangibles Income Statement": 860000.0,
        "Selling General And Administration": 17583000.0,
        "Selling And Marketing Expense": 625000.0,
        "General And Administrative Expense": 16958000.0,
        "Insurance And Claims": 702000.0,
        "Salaries And Wages": 16256000.0,
        "Total Revenue": 50419000.0,
        "Operating Revenue": 50419000.0,
        "Occupancy And Equipment": 2443000.0,
        "Other Non Interest Expense": 8895000.0
    },
    "2024-03-31": {
        "Tax Effect Of Unusual Items": -1872.0,
        "Tax Rate For Calcs": 0.208,
        "Total Unusual Items": -9000.0,
        "Total Unusual Items Excluding Goodwill": -9000.0,
        "Net Income From Continuing Operation Net Minority Interest": 15067000.0,
        "Reconciled Depreciation": 4419000.0,
        "Net Interest Income": 41230000.0,
        "Interest Expense": 22125000.0,
        "Interest Income": 63355000.0,
        "Normalized Income": 15074128.0,
        "Net Income From Continuing And Discontinued Operation": 15067000.0,
        "Diluted Average Shares": 16872840.0,
        "Basic Average Shares": 16859738.0,
        "Diluted EPS": 0.88,
        "Basic EPS": 0.88,
        "Diluted NI Availto Com Stockholders": 14919000.0,
        "Average Dilution Earnings": NaN,
        "Net Income Common Stockholders": 14919000.0,
        "Otherunder Preferred Stock Dividend": 148000.0,
        "Net Income": 15067000.0,
        "Net Income Including Noncontrolling Interests": 15067000.0,
        "Net Income Continuous Operations": 15067000.0,
        "Tax Provision": 3945000.0,
        "Pretax Income": 19012000.0,
        "Special Income Charges": -9000.0,
        "Other Special Charges": 9000.0,
        "Restructuring And Mergern Acquisition": 0.0,
        "Depreciation Amortization Depletion Income Statement": 762000.0,
        "Depreciation And Amortization In Income Statement": 762000.0,
        "Amortization": 762000.0,
        "Amortization Of Intangibles Income Statement": 762000.0,
        "Selling General And Administration": 18175000.0,
        "Selling And Marketing Expense": 645000.0,
        "General And Administrative Expense": 17530000.0,
        "Insurance And Claims": 554000.0,
        "Salaries And Wages": 16976000.0,
        "Total Revenue": 50050000.0,
        "Operating Revenue": 50050000.0,
        "Occupancy And Equipment": 2437000.0,
        "Other Non Interest Expense": 8490000.0
    },
    "2024-06-30": {
        "Tax Effect Of Unusual Items": 0.0,
        "Tax Rate For Calcs": 0.214,
        "Total Unusual Items": 0.0,
        "Total Unusual Items Excluding Goodwill": 0.0,
        "Net Income From Continuing Operation Net Minority Interest": 12418000.0,
        "Reconciled Depreciation": 4350000.0,
        "Net Interest Income": 42166000.0,
        "Interest Expense": 23248000.0,
        "Interest Income": 65414000.0,
        "Normalized Income": 12418000.0,
        "Net Income From Continuing And Discontinued Operation": 12418000.0,
        "Diluted Average Shares": 16904098.0,
        "Basic Average Shares": 16883028.0,
        "Diluted EPS": 0.73,
        "Basic EPS": 0.73,
        "Diluted NI Availto Com Stockholders": 12285000.0,
        "Average Dilution Earnings": NaN,
        "Net Income Common Stockholders": 12285000.0,
        "Otherunder Preferred Stock Dividend": 133000.0,
        "Net Income": 12418000.0,
        "Net Income Including Noncontrolling Interests": 12418000.0,
        "Net Income Continuous Operations": 12418000.0,
        "Tax Provision": 3391000.0,
        "Pretax Income": 15809000.0,
        "Special Income Charges": 0.0,
        "Other Special Charges": NaN,
        "Restructuring And Mergern Acquisition": 0.0,
        "Depreciation Amortization Depletion Income Statement": 567000.0,
        "Depreciation And Amortization In Income Statement": 567000.0,
        "Amortization": 567000.0,
        "Amortization Of Intangibles Income Statement": 567000.0,
        "Selling General And Administration": 17745000.0,
        "Selling And Marketing Expense": 606000.0,
        "General And Administrative Expense": 17139000.0,
        "Insurance And Claims": 531000.0,
        "Salaries And Wages": 16608000.0,
        "Total Revenue": 50279000.0,
        "Operating Revenue": 50279000.0,
        "Occupancy And Equipment": 2419000.0,
        "Other Non Interest Expense": 9479000.0
    },
    "2024-09-30": {
        "Tax Effect Of Unusual Items": 0.0,
        "Tax Rate For Calcs": 0.219338,
        "Total Unusual Items": 0.0,
        "Total Unusual Items Excluding Goodwill": 0.0,
        "Net Income From Continuing Operation Net Minority Interest": 13112000.0,
        "Reconciled Depreciation": 4826000.0,
        "Net Interest Income": 42074000.0,
        "Interest Expense": 24575000.0,
        "Interest Income": 66649000.0,
        "Normalized Income": 13112000.0,
        "Net Income From Continuing And Discontinued Operation": 13112000.0,
        "Diluted Average Shares": 17027824.0,
        "Basic Average Shares": 16931793.0,
        "Diluted EPS": 0.76,
        "Basic EPS": 0.77,
        "Diluted NI Availto Com Stockholders": 12980000.0,
        "Average Dilution Earnings": NaN,
        "Net Income Common Stockholders": 12980000.0,
        "Otherunder Preferred Stock Dividend": 132000.0,
        "Net Income": 13112000.0,
        "Net Income Including Noncontrolling Interests": 13112000.0,
        "Net Income Continuous Operations": 13112000.0,
        "Tax Provision": 3684000.0,
        "Pretax Income": 16796000.0,
        "Special Income Charges": 0.0,
        "Other Special Charges": NaN,
        "Restructuring And Mergern Acquisition": 0.0,
        "Depreciation Amortization Depletion Income Statement": 567000.0,
        "Depreciation And Amortization In Income Statement": 567000.0,
        "Amortization": 567000.0,
        "Amortization Of Intangibles Income Statement": 567000.0,
        "Selling General And Administration": 18079000.0,
        "Selling And Marketing Expense": 408000.0,
        "General And Administrative Expense": 17671000.0,
        "Insurance And Claims": 589000.0,
        "Salaries And Wages": 17082000.0,
        "Total Revenue": 50356000.0,
        "Operating Revenue": 50356000.0,
        "Occupancy And Equipment": 2436000.0,
        "Other Non Interest Expense": 9503000.0
    }
}