{
    "2023-06-30": {
        "Tax Effect Of Unusual Items": NaN,
        "Tax Rate For Calcs": NaN,
        "Net Income From Continuing Operation Net Minority Interest": NaN,
        "Reconciled Depreciation": NaN,
        "Net Interest Income": NaN,
        "Interest Expense": NaN,
        "Interest Income": NaN,
        "Normalized Income": NaN,
        "Net Income From Continuing And Discontinued Operation": NaN,
        "Diluted Average Shares": NaN,
        "Basic Average Shares": NaN,
        "Diluted EPS": NaN,
        "Basic EPS": NaN,
        "Diluted NI Availto Com Stockholders": NaN,
        "Net Income Common Stockholders": NaN,
        "Net Income": NaN,
        "Net Income Including Noncontrolling Interests": NaN,
        "Net Income Continuous Operations": NaN,
        "Tax Provision": NaN,
        "Pretax Income": NaN,
        "Gain On Sale Of Security": 0.0,
        "Depreciation Amortization Depletion Income Statement": 601000.0,
        "Depreciation And Amortization In Income Statement": 601000.0,
        "Amortization": 601000.0,
        "Amortization Of Intangibles Income Statement": 601000.0,
        "Selling General And Administration": NaN,
        "General And Administrative Expense": NaN,
        "Insurance And Claims": NaN,
        "Salaries And Wages": NaN,
        "Total Revenue": NaN,
        "Operating Revenue": NaN,
        "Occupancy And Equipment": NaN,
        "Professional Expense And Contract Services Expense": NaN,
        "Other Non Interest Expense": NaN
    },
    "2023-03-31": {
        "Tax Effect Of Unusual Items": NaN,
        "Tax Rate For Calcs": NaN,
        "Net Income From Continuing Operation Net Minority Interest": NaN,
        "Reconciled Depreciation": NaN,
        "Net Interest Income": NaN,
        "Interest Expense": NaN,
        "Interest Income": NaN,
        "Normalized Income": NaN,
        "Net Income From Continuing And Discontinued Operation": NaN,
        "Diluted Average Shares": NaN,
        "Basic Average Shares": NaN,
        "Diluted EPS": NaN,
        "Basic EPS": NaN,
        "Diluted NI Availto Com Stockholders": NaN,
        "Net Income Common Stockholders": NaN,
        "Net Income": NaN,
        "Net Income Including Noncontrolling Interests": NaN,
        "Net Income Continuous Operations": NaN,
        "Tax Provision": NaN,
        "Pretax Income": NaN,
        "Gain On Sale Of Security": 0.0,
        "Depreciation Amortization Depletion Income Statement": 602000.0,
        "Depreciation And Amortization In Income Statement": 602000.0,
        "Amortization": 602000.0,
        "Amortization Of Intangibles Income Statement": 602000.0,
        "Selling General And Administration": NaN,
        "General And Administrative Expense": NaN,
        "Insurance And Claims": NaN,
        "Salaries And Wages": NaN,
        "Total Revenue": NaN,
        "Operating Revenue": NaN,
        "Occupancy And Equipment": NaN,
        "Professional Expense And Contract Services Expense": NaN,
        "Other Non Interest Expense": NaN
    },
    "2022-12-31": {
        "Tax Effect Of Unusual Items": NaN,
        "Tax Rate For Calcs": NaN,
        "Total Unusual Items": 0.0,
        "Total Unusual Items Excluding Goodwill": 0.0,
        "Net Income From Continuing Operation Net Minority Interest": NaN,
        "Reconciled Depreciation": NaN,
        "Net Interest Income": NaN,
        "Interest Expense": NaN,
        "Interest Income": NaN,
        "Normalized Income": NaN,
        "Net Income From Continuing And Discontinued Operation": NaN,
        "Diluted Average Shares": NaN,
        "Basic Average Shares": NaN,
        "Diluted EPS": NaN,
        "Basic EPS": NaN,
        "Diluted NI Availto Com Stockholders": NaN,
        "Net Income Common Stockholders": NaN,
        "Net Income": NaN,
        "Net Income Including Noncontrolling Interests": NaN,
        "Net Income Continuous Operations": NaN,
        "Tax Provision": NaN,
        "Pretax Income": NaN,
        "Special Income Charges": 0.0,
        "Gain On Sale Of Security": 0.0,
        "Depreciation Amortization Depletion Income Statement": 659000.0,
        "Depreciation And Amortization In Income Statement": 659000.0,
        "Amortization": 659000.0,
        "Amortization Of Intangibles Income Statement": 659000.0,
        "Selling General And Administration": NaN,
        "General And Administrative Expense": NaN,
        "Insurance And Claims": NaN,
        "Salaries And Wages": NaN,
        "Total Revenue": NaN,
        "Operating Revenue": NaN,
        "Occupancy And Equipment": NaN,
        "Professional Expense And Contract Services Expense": NaN,
        "Other Non Interest Expense": NaN
    },
    "2022-09-30": {
        "Tax Effect Of Unusual Items": NaN,
        "Tax Rate For Calcs": NaN,
        "Total Unusual Items": 0.0,
        "Total Unusual Items Excluding Goodwill": 0.0,
        "Net Income From Continuing Operation Net Minority Interest": NaN,
        "Reconciled Depreciation": NaN,
        "Net Interest Income": NaN,
        "Interest Expense": NaN,
        "Interest Income": NaN,
        "Normalized Income": NaN,
        "Net Income From Continuing And Discontinued Operation": NaN,
        "Diluted Average Shares": NaN,
        "Basic Average Shares": NaN,
        "Diluted EPS": NaN,
        "Basic EPS": NaN,
        "Diluted NI Availto Com Stockholders": NaN,
        "Net Income Common Stockholders": NaN,
        "Net Income": NaN,
        "Net Income Including Noncontrolling Interests": NaN,
        "Net Income Continuous Operations": NaN,
        "Tax Provision": NaN,
        "Pretax Income": NaN,
        "Special Income Charges": 0.0,
        "Gain On Sale Of Security": NaN,
        "Depreciation Amortization Depletion Income Statement": 659000.0,
        "Depreciation And Amortization In Income Statement": 659000.0,
        "Amortization": 659000.0,
        "Amortization Of Intangibles Income Statement": 659000.0,
        "Selling General And Administration": NaN,
        "General And Administrative Expense": NaN,
        "Insurance And Claims": NaN,
        "Salaries And Wages": NaN,
        "Total Revenue": NaN,
        "Operating Revenue": NaN
    },
    "2022-06-30": {
        "Tax Effect Of Unusual Items": 0.0,
        "Tax Rate For Calcs": 0.293,
        "Total Unusual Items": 0.0,
        "Total Unusual Items Excluding Goodwill": 0.0,
        "Net Income From Continuing Operation Net Minority Interest": 14821000.0,
        "Reconciled Depreciation": 943000.0,
        "Net Interest Income": 41879000.0,
        "Interest Expense": 1677000.0,
        "Interest Income": 43556000.0,
        "Normalized Income": 14821000.0,
        "Net Income From Continuing And Discontinued Operation": 14821000.0,
        "Diluted Average Shares": 60969154.0,
        "Basic Average Shares": 60542170.0,
        "Diluted EPS": 0.24,
        "Basic EPS": 0.24,
        "Diluted NI Availto Com Stockholders": 14821000.0,
        "Net Income Common Stockholders": 14821000.0,
        "Net Income": 14821000.0,
        "Net Income Including Noncontrolling Interests": 14821000.0,
        "Net Income Continuous Operations": 14821000.0,
        "Tax Provision": 6147000.0,
        "Pretax Income": 20968000.0,
        "Special Income Charges": 0.0,
        "Gain On Sale Of Security": 0.0,
        "Depreciation Amortization Depletion Income Statement": 658000.0,
        "Depreciation And Amortization In Income Statement": 658000.0,
        "Amortization": 658000.0,
        "Amortization Of Intangibles Income Statement": 658000.0,
        "Selling General And Administration": 13476000.0,
        "General And Administrative Expense": 13476000.0,
        "Other Gand A": 462000.0,
        "Insurance And Claims": 1043000.0,
        "Salaries And Wages": 13476000.0,
        "Total Revenue": 43977000.0,
        "Operating Revenue": 43977000.0
    },
    "2022-03-31": {
        "Diluted EPS": 0.21,
        "Total Revenue": 42,
        "Gross Profit": 41,
        "Operating Income": 18,
        "EBIT": NaN,
        "Net Income": 13
    },
    "2021-12-31": {
        "Diluted EPS": 0.22,
        "Total Revenue": 43,
        "Gross Profit": 41,
        "Operating Income": 19,
        "EBIT": NaN,
        "Net Income": 14
    },
    "2021-09-30": {
        "Diluted EPS": 0.23,
        "Total Revenue": 42,
        "Gross Profit": 41,
        "Operating Income": 19,
        "EBIT": NaN,
        "Net Income": 14
    },
    "2021-06-30": {
        "Diluted EPS": 0.15,
        "Total Revenue": 39,
        "Gross Profit": 37,
        "Operating Income": 12,
        "EBIT": NaN,
        "Net Income": 9
    },
    "2021-03-31": {
        "Diluted EPS": 0.19,
        "Total Revenue": 39,
        "Gross Profit": 37,
        "Operating Income": 16,
        "EBIT": NaN,
        "Net Income": 11
    },
    "2020-12-31": {
        "Diluted EPS": 0.19,
        "Total Revenue": 38,
        "Gross Profit": 36,
        "Operating Income": 16,
        "EBIT": NaN,
        "Net Income": 12
    },
    "2020-09-30": {
        "Diluted EPS": 0.19,
        "Total Revenue": 39,
        "Gross Profit": 37,
        "Operating Income": 15,
        "EBIT": NaN,
        "Net Income": 11
    },
    "2020-06-30": {
        "Diluted EPS": 0.18,
        "Total Revenue": 39,
        "Gross Profit": 37,
        "Operating Income": 15,
        "EBIT": NaN,
        "Net Income": 11
    },
    "2020-03-31": {
        "Diluted EPS": 0.03,
        "Total Revenue": 44,
        "Gross Profit": 42,
        "Operating Income": 3,
        "EBIT": NaN,
        "Net Income": 2
    },
    "2019-12-31": {
        "Diluted EPS": 0.04,
        "Total Revenue": 45,
        "Gross Profit": 42,
        "Operating Income": 8,
        "EBIT": NaN,
        "Net Income": 6
    },
    "2019-09-30": {
        "Diluted EPS": 0.26,
        "Total Revenue": 36,
        "Gross Profit": 33,
        "Operating Income": 16,
        "EBIT": NaN,
        "Net Income": 11
    },
    "2019-06-30": {
        "Diluted EPS": 0.26,
        "Total Revenue": 36,
        "Gross Profit": 34,
        "Operating Income": 16,
        "EBIT": NaN,
        "Net Income": 11
    },
    "2019-03-31": {
        "Diluted EPS": 0.28,
        "Total Revenue": 36,
        "Gross Profit": 34,
        "Operating Income": 17,
        "EBIT": NaN,
        "Net Income": 12
    },
    "2018-12-31": {
        "Diluted EPS": 0.31,
        "Total Revenue": 38,
        "Gross Profit": 35,
        "Operating Income": 18,
        "EBIT": NaN,
        "Net Income": 13
    },
    "2018-09-30": {
        "Diluted EPS": 0.28,
        "Total Revenue": 37,
        "Gross Profit": 35,
        "Operating Income": 17,
        "EBIT": NaN,
        "Net Income": 12
    },
    "2018-06-30": {
        "Diluted EPS": 0.02,
        "Total Revenue": 35,
        "Gross Profit": 33,
        "Operating Income": 1,
        "EBIT": NaN,
        "Net Income": 1
    },
    "2018-03-31": {
        "Diluted EPS": 0.23,
        "Total Revenue": 30,
        "Gross Profit": 29,
        "Operating Income": 12,
        "EBIT": NaN,
        "Net Income": 9
    },
    "2017-12-31": {
        "Diluted EPS": 0.04,
        "Total Revenue": 31,
        "Gross Profit": 29,
        "Operating Income": 14,
        "EBIT": NaN,
        "Net Income": 1
    },
    "2017-09-30": {
        "Diluted EPS": 0.22,
        "Total Revenue": 30,
        "Gross Profit": 29,
        "Operating Income": 14,
        "EBIT": NaN,
        "Net Income": 9
    },
    "2017-06-30": {
        "Diluted EPS": 0.19,
        "Total Revenue": 28,
        "Gross Profit": 27,
        "Operating Income": 12,
        "EBIT": NaN,
        "Net Income": 7
    },
    "2017-03-31": {
        "Diluted EPS": 0.17,
        "Total Revenue": 27,
        "Gross Profit": 26,
        "Operating Income": 10,
        "EBIT": NaN,
        "Net Income": 7
    },
    "2016-12-31": {
        "Diluted EPS": 0.19,
        "Total Revenue": 27,
        "Gross Profit": 26,
        "Operating Income": 12,
        "EBIT": NaN,
        "Net Income": 7
    },
    "2016-09-30": {
        "Diluted EPS": 0.18,
        "Total Revenue": 26,
        "Gross Profit": 25,
        "Operating Income": 11,
        "EBIT": NaN,
        "Net Income": 6
    },
    "2016-06-30": {
        "Diluted EPS": 0.19,
        "Total Revenue": 27,
        "Gross Profit": 26,
        "Operating Income": 12,
        "EBIT": NaN,
        "Net Income": 6
    },
    "2016-03-31": {
        "Diluted EPS": 0.16,
        "Total Revenue": 26,
        "Gross Profit": 25,
        "Operating Income": 10,
        "EBIT": NaN,
        "Net Income": 5
    },
    "2015-12-31": {
        "Diluted EPS": 0.11,
        "Total Revenue": 26,
        "Gross Profit": 25,
        "Operating Income": 7,
        "EBIT": NaN,
        "Net Income": 3
    },
    "2015-09-30": {
        "Diluted EPS": 0.1,
        "Total Revenue": 22,
        "Gross Profit": 22,
        "Operating Income": 6,
        "EBIT": NaN,
        "Net Income": 3
    },
    "2015-06-30": {
        "Diluted EPS": 0.14,
        "Total Revenue": 20,
        "Gross Profit": 20,
        "Operating Income": 7,
        "EBIT": NaN,
        "Net Income": 4
    },
    "2015-03-31": {
        "Diluted EPS": 0.13,
        "Total Revenue": 19,
        "Gross Profit": 19,
        "Operating Income": 7,
        "EBIT": NaN,
        "Net Income": 4
    },
    "2014-12-31": {
        "Diluted EPS": 0.11,
        "Total Revenue": 19,
        "Gross Profit": 18,
        "Operating Income": 5,
        "EBIT": NaN,
        "Net Income": 2
    },
    "2014-09-30": {
        "Diluted EPS": 0.11,
        "Total Revenue": 16,
        "Gross Profit": 16,
        "Operating Income": 6,
        "EBIT": NaN,
        "Net Income": 3
    },
    "2014-06-30": {
        "Diluted EPS": 0.1,
        "Total Revenue": 16,
        "Gross Profit": 16,
        "Operating Income": 5,
        "EBIT": NaN,
        "Net Income": 3
    },
    "2014-03-31": {
        "Diluted EPS": 0.1,
        "Total Revenue": 16,
        "Gross Profit": 15,
        "Operating Income": 5,
        "EBIT": NaN,
        "Net Income": 3
    },
    "2013-12-31": {
        "Diluted EPS": 0.1,
        "Total Revenue": 16,
        "Gross Profit": 15,
        "Operating Income": 5,
        "EBIT": NaN,
        "Net Income": 4
    },
    "2013-09-30": {
        "Diluted EPS": 0.1,
        "Total Revenue": 15,
        "Gross Profit": 15,
        "Operating Income": 5,
        "EBIT": NaN,
        "Net Income": 3
    },
    "2013-06-30": {
        "Diluted EPS": 0.09,
        "Total Revenue": 15,
        "Gross Profit": 14,
        "Operating Income": 4,
        "EBIT": NaN,
        "Net Income": 2
    },
    "2013-03-31": {
        "Diluted EPS": 0.07,
        "Total Revenue": 15,
        "Gross Profit": 14,
        "Operating Income": 3,
        "EBIT": NaN,
        "Net Income": 2
    },
    "2012-12-31": {
        "Diluted EPS": 0.08,
        "Total Revenue": 15,
        "Gross Profit": 14,
        "Operating Income": 5,
        "EBIT": NaN,
        "Net Income": 2
    },
    "2012-09-30": {
        "Diluted EPS": 0.08,
        "Total Revenue": 16,
        "Gross Profit": 15,
        "Operating Income": 3,
        "EBIT": NaN,
        "Net Income": 2
    },
    "2012-06-30": {
        "Diluted EPS": 0.08,
        "Total Revenue": 15,
        "Gross Profit": 14,
        "Operating Income": 4,
        "EBIT": NaN,
        "Net Income": 2
    },
    "2012-03-31": {
        "Diluted EPS": 0.03,
        "Total Revenue": 15,
        "Gross Profit": 14,
        "Operating Income": 3,
        "EBIT": NaN,
        "Net Income": 1
    },
    "2011-12-31": {
        "Diluted EPS": 0.07,
        "Total Revenue": 15,
        "Gross Profit": 14,
        "Operating Income": 3,
        "EBIT": NaN,
        "Net Income": 3
    },
    "2011-09-30": {
        "Diluted EPS": 0.13,
        "Total Revenue": 15,
        "Gross Profit": 14,
        "Operating Income": 2,
        "EBIT": NaN,
        "Net Income": 4
    },
    "2011-06-30": {
        "Diluted EPS": 0.05,
        "Total Revenue": 15,
        "Gross Profit": 14,
        "Operating Income": 3,
        "EBIT": NaN,
        "Net Income": 1
    },
    "2011-03-31": {
        "Diluted EPS": 0.03,
        "Total Revenue": 15,
        "Gross Profit": 13,
        "Operating Income": 2,
        "EBIT": NaN,
        "Net Income": 1
    },
    "2010-12-31": {
        "Diluted EPS": 1.41,
        "Total Revenue": 16,
        "Gross Profit": 13,
        "Operating Income": 2,
        "EBIT": NaN,
        "Net Income": 1
    },
    "2010-09-30": {
        "Diluted EPS": 0.01,
        "Total Revenue": 16,
        "Gross Profit": 14,
        "Operating Income": 1,
        "EBIT": NaN,
        "Net Income": 0
    },
    "2010-06-30": {
        "Diluted EPS": -4.66,
        "Total Revenue": 16,
        "Gross Profit": 13,
        "Operating Income": -60,
        "EBIT": NaN,
        "Net Income": -55
    },
    "2010-03-31": {
        "Diluted EPS": -0.4,
        "Total Revenue": 16,
        "Gross Profit": 13,
        "Operating Income": -4,
        "EBIT": NaN,
        "Net Income": -5
    },
    "2009-12-31": {
        "Diluted EPS": -0.09,
        "Total Revenue": 17,
        "Gross Profit": 14,
        "Operating Income": -2,
        "EBIT": NaN,
        "Net Income": -1
    },
    "2009-09-30": {
        "Diluted EPS": -0.23,
        "Total Revenue": 18,
        "Gross Profit": 14,
        "Operating Income": -4,
        "EBIT": NaN,
        "Net Income": -3
    },
    "2009-06-30": {
        "Diluted EPS": -0.51,
        "Total Revenue": 17,
        "Gross Profit": 13,
        "Operating Income": -9,
        "EBIT": NaN,
        "Net Income": -6
    },
    "2009-03-31": {
        "Diluted EPS": -0.38,
        "Total Revenue": 18,
        "Gross Profit": 13,
        "Operating Income": -9,
        "EBIT": NaN,
        "Net Income": -5
    },
    "2023-09-30": {
        "Tax Effect Of Unusual Items": 0.0,
        "Tax Rate For Calcs": 0.29,
        "Net Income From Continuing Operation Net Minority Interest": 15795000.0,
        "Reconciled Depreciation": 883000.0,
        "Net Interest Income": 45372000.0,
        "Interest Expense": 15419000.0,
        "Interest Income": 60791000.0,
        "Normalized Income": 15795000.0,
        "Net Income From Continuing And Discontinued Operation": 15795000.0,
        "Diluted Average Shares": 61436240.0,
        "Basic Average Shares": 61093289.0,
        "Diluted EPS": 0.26,
        "Basic EPS": 0.26,
        "Diluted NI Availto Com Stockholders": 15795000.0,
        "Net Income Common Stockholders": 15795000.0,
        "Net Income": 15795000.0,
        "Net Income Including Noncontrolling Interests": 15795000.0,
        "Net Income Continuous Operations": 15795000.0,
        "Tax Provision": 6454000.0,
        "Pretax Income": 22249000.0,
        "Gain On Sale Of Security": 0.0,
        "Depreciation Amortization Depletion Income Statement": NaN,
        "Depreciation And Amortization In Income Statement": NaN,
        "Amortization": NaN,
        "Amortization Of Intangibles Income Statement": NaN,
        "Selling General And Administration": 15742000.0,
        "General And Administrative Expense": 15742000.0,
        "Insurance And Claims": 1595000.0,
        "Salaries And Wages": 14147000.0,
        "Total Revenue": 46906000.0,
        "Operating Revenue": 46906000.0,
        "Occupancy And Equipment": 2301000.0,
        "Professional Expense And Contract Services Expense": 717000.0,
        "Other Non Interest Expense": 5729000.0
    },
    "2023-12-31": {
        "Tax Effect Of Unusual Items": 0.0,
        "Tax Rate For Calcs": 0.278124,
        "Net Income From Continuing Operation Net Minority Interest": 13328000.0,
        "Reconciled Depreciation": 889000.0,
        "Net Interest Income": 42301000.0,
        "Interest Expense": 16591000.0,
        "Interest Income": 58892000.0,
        "Normalized Income": 13328000.0,
        "Net Income From Continuing And Discontinued Operation": 13328000.0,
        "Diluted Average Shares": 61412816.0,
        "Basic Average Shares": 61118485.0,
        "Diluted EPS": 0.22,
        "Basic EPS": 0.22,
        "Diluted NI Availto Com Stockholders": 13328000.0,
        "Net Income Common Stockholders": 13328000.0,
        "Net Income": 13328000.0,
        "Net Income Including Noncontrolling Interests": 13328000.0,
        "Net Income Continuous Operations": 13328000.0,
        "Tax Provision": 5135000.0,
        "Pretax Income": 18463000.0,
        "Gain On Sale Of Security": 0.0,
        "Depreciation Amortization Depletion Income Statement": NaN,
        "Depreciation And Amortization In Income Statement": NaN,
        "Amortization": NaN,
        "Amortization Of Intangibles Income Statement": NaN,
        "Selling General And Administration": 13957000.0,
        "General And Administrative Expense": 13957000.0,
        "Insurance And Claims": 38000.0,
        "Salaries And Wages": 13919000.0,
        "Total Revenue": 45876000.0,
        "Operating Revenue": 45876000.0,
        "Occupancy And Equipment": 2367000.0,
        "Professional Expense And Contract Services Expense": 1085000.0,
        "Other Non Interest Expense": 9715000.0
    },
    "2024-03-31": {
        "Tax Effect Of Unusual Items": 0.0,
        "Tax Rate For Calcs": 0.295,
        "Net Income From Continuing Operation Net Minority Interest": 10166000.0,
        "Reconciled Depreciation": 853000.0,
        "Net Interest Income": 40093000.0,
        "Interest Expense": 17458000.0,
        "Interest Income": 57551000.0,
        "Normalized Income": 10166000.0,
        "Net Income From Continuing And Discontinued Operation": 10166000.0,
        "Diluted Average Shares": 61470552.0,
        "Basic Average Shares": 61186623.0,
        "Diluted EPS": 0.17,
        "Basic EPS": 0.17,
        "Diluted NI Availto Com Stockholders": 10166000.0,
        "Net Income Common Stockholders": 10166000.0,
        "Net Income": 10166000.0,
        "Net Income Including Noncontrolling Interests": 10166000.0,
        "Net Income Continuous Operations": 10166000.0,
        "Tax Provision": 4254000.0,
        "Pretax Income": 14420000.0,
        "Gain On Sale Of Security": NaN,
        "Depreciation Amortization Depletion Income Statement": NaN,
        "Depreciation And Amortization In Income Statement": NaN,
        "Amortization": NaN,
        "Amortization Of Intangibles Income Statement": NaN,
        "Selling General And Administration": 17813000.0,
        "General And Administrative Expense": 17813000.0,
        "Insurance And Claims": 2304000.0,
        "Salaries And Wages": 15509000.0,
        "Total Revenue": 41358000.0,
        "Operating Revenue": 41358000.0,
        "Occupancy And Equipment": 2443000.0,
        "Professional Expense And Contract Services Expense": 1327000.0,
        "Other Non Interest Expense": 5171000.0
    },
    "2024-06-30": {
        "Tax Effect Of Unusual Items": 0.0,
        "Tax Rate For Calcs": 0.294,
        "Net Income From Continuing Operation Net Minority Interest": 9234000.0,
        "Reconciled Depreciation": 882000.0,
        "Net Interest Income": 39455000.0,
        "Interest Expense": 19622000.0,
        "Interest Income": 59077000.0,
        "Normalized Income": 9234000.0,
        "Net Income From Continuing And Discontinued Operation": 9234000.0,
        "Diluted Average Shares": 61438088.0,
        "Basic Average Shares": 61279914.0,
        "Diluted EPS": 0.15,
        "Basic EPS": 0.15,
        "Diluted NI Availto Com Stockholders": 9234000.0,
        "Net Income Common Stockholders": 9234000.0,
        "Net Income": 9234000.0,
        "Net Income Including Noncontrolling Interests": 9234000.0,
        "Net Income Continuous Operations": 9234000.0,
        "Tax Provision": 3838000.0,
        "Pretax Income": 13072000.0,
        "Gain On Sale Of Security": NaN,
        "Depreciation Amortization Depletion Income Statement": NaN,
        "Depreciation And Amortization In Income Statement": NaN,
        "Amortization": NaN,
        "Amortization Of Intangibles Income Statement": NaN,
        "Selling General And Administration": 17433000.0,
        "General And Administrative Expense": 17433000.0,
        "Insurance And Claims": 1639000.0,
        "Salaries And Wages": 15794000.0,
        "Total Revenue": 40825000.0,
        "Operating Revenue": 40825000.0,
        "Occupancy And Equipment": 2689000.0,
        "Professional Expense And Contract Services Expense": 1072000.0,
        "Other Non Interest Expense": 6088000.0
    },
    "2024-09-30": {
        "Tax Effect Of Unusual Items": 0.0,
        "Tax Rate For Calcs": 0.273,
        "Net Income From Continuing Operation Net Minority Interest": 10507000.0,
        "Reconciled Depreciation": 903000.0,
        "Net Interest Income": 39915000.0,
        "Interest Expense": 21523000.0,
        "Interest Income": 61438000.0,
        "Normalized Income": 10507000.0,
        "Net Income From Continuing And Discontinued Operation": 10507000.0,
        "Diluted Average Shares": 61546157.0,
        "Basic Average Shares": 61295877.0,
        "Diluted EPS": 0.17,
        "Basic EPS": 0.17,
        "Diluted NI Availto Com Stockholders": 10507000.0,
        "Net Income Common Stockholders": 10507000.0,
        "Net Income": 10507000.0,
        "Net Income Including Noncontrolling Interests": 10507000.0,
        "Net Income Continuous Operations": 10507000.0,
        "Tax Provision": 3940000.0,
        "Pretax Income": 14447000.0,
        "Gain On Sale Of Security": NaN,
        "Depreciation Amortization Depletion Income Statement": NaN,
        "Depreciation And Amortization In Income Statement": NaN,
        "Amortization": NaN,
        "Amortization Of Intangibles Income Statement": NaN,
        "Selling General And Administration": 17388000.0,
        "General And Administrative Expense": 17388000.0,
        "Insurance And Claims": 1715000.0,
        "Salaries And Wages": 15673000.0,
        "Total Revenue": 41346000.0,
        "Operating Revenue": 41346000.0,
        "Occupancy And Equipment": 2599000.0,
        "Professional Expense And Contract Services Expense": 1306000.0,
        "Other Non Interest Expense": 5453000.0
    }
}