{
    "2023-03-31": {
        "Tax Effect Of Unusual Items": NaN,
        "Tax Rate For Calcs": NaN,
        "Normalized EBITDA": NaN,
        "Total Unusual Items": NaN,
        "Total Unusual Items Excluding Goodwill": NaN,
        "Net Income From Continuing Operation Net Minority Interest": NaN,
        "Reconciled Depreciation": NaN,
        "Reconciled Cost Of Revenue": NaN,
        "EBITDA": NaN,
        "EBIT": NaN,
        "Net Interest Income": NaN,
        "Interest Expense": NaN,
        "Interest Income": NaN,
        "Normalized Income": NaN,
        "Net Income From Continuing And Discontinued Operation": NaN,
        "Total Expenses": NaN,
        "Rent Expense Supplemental": NaN,
        "Total Operating Income As Reported": NaN,
        "Diluted Average Shares": NaN,
        "Basic Average Shares": NaN,
        "Diluted EPS": NaN,
        "Basic EPS": NaN,
        "Diluted NI Availto Com Stockholders": NaN,
        "Net Income Common Stockholders": NaN,
        "Net Income": NaN,
        "Minority Interests": NaN,
        "Net Income Including Noncontrolling Interests": NaN,
        "Net Income Continuous Operations": NaN,
        "Earnings From Equity Interest Net Of Tax": NaN,
        "Tax Provision": NaN,
        "Pretax Income": NaN,
        "Other Income Expense": NaN,
        "Other Non Operating Income Expenses": NaN,
        "Special Income Charges": 0.0,
        "Impairment Of Capital Assets": 0.0,
        "Gain On Sale Of Security": NaN,
        "Net Non Operating Interest Income Expense": NaN,
        "Interest Expense Non Operating": NaN,
        "Interest Income Non Operating": NaN,
        "Operating Income": NaN,
        "Operating Expense": NaN,
        "Other Operating Expenses": NaN,
        "Selling General And Administration": NaN,
        "Selling And Marketing Expense": NaN,
        "General And Administrative Expense": NaN,
        "Other Gand A": NaN,
        "Gross Profit": NaN,
        "Cost Of Revenue": NaN,
        "Total Revenue": NaN,
        "Operating Revenue": NaN
    },
    "2022-12-31": {
        "Tax Effect Of Unusual Items": 80250000.0,
        "Tax Rate For Calcs": 0.25,
        "Normalized EBITDA": 238000000.0,
        "Total Unusual Items": 321000000.0,
        "Total Unusual Items Excluding Goodwill": 321000000.0,
        "Net Income From Continuing Operation Net Minority Interest": -124000000.0,
        "Reconciled Depreciation": 369000000.0,
        "Reconciled Cost Of Revenue": 3430000000.0,
        "EBITDA": 559000000.0,
        "EBIT": 190000000.0,
        "Net Interest Income": -90000000.0,
        "Interest Expense": 117000000.0,
        "Interest Income": 27000000.0,
        "Normalized Income": -364750000.0,
        "Net Income From Continuing And Discontinued Operation": -124000000.0,
        "Total Expenses": 3799000000.0,
        "Rent Expense Supplemental": 956000000.0,
        "Total Operating Income As Reported": -93000000.0,
        "Diluted Average Shares": 310952810.0,
        "Basic Average Shares": 310952810.0,
        "Diluted EPS": -0.4,
        "Basic EPS": -0.4,
        "Diluted NI Availto Com Stockholders": -124000000.0,
        "Net Income Common Stockholders": -124000000.0,
        "Net Income": -124000000.0,
        "Minority Interests": 3000000.0,
        "Net Income Including Noncontrolling Interests": -127000000.0,
        "Net Income Continuous Operations": -127000000.0,
        "Earnings From Equity Interest Net Of Tax": 3000000.0,
        "Tax Provision": 203000000.0,
        "Pretax Income": 73000000.0,
        "Other Income Expense": 256000000.0,
        "Other Non Operating Income Expenses": -65000000.0,
        "Gain On Sale Of Security": 321000000.0,
        "Net Non Operating Interest Income Expense": -90000000.0,
        "Interest Expense Non Operating": 117000000.0,
        "Interest Income Non Operating": 27000000.0,
        "Operating Income": -93000000.0,
        "Operating Expense": 369000000.0,
        "Other Operating Expenses": -240000000.0,
        "Selling General And Administration": 609000000.0,
        "Selling And Marketing Expense": 169000000.0,
        "General And Administrative Expense": 440000000.0,
        "Other Gand A": 440000000.0,
        "Gross Profit": 276000000.0,
        "Cost Of Revenue": 3430000000.0,
        "Total Revenue": 3706000000.0,
        "Operating Revenue": 3608000000.0
    },
    "2022-09-30": {
        "Tax Effect Of Unusual Items": -268800000.0,
        "Tax Rate For Calcs": 0.4,
        "Normalized EBITDA": 879000000.0,
        "Total Unusual Items": -672000000.0,
        "Total Unusual Items Excluding Goodwill": -672000000.0,
        "Net Income From Continuing Operation Net Minority Interest": -717000000.0,
        "Reconciled Depreciation": 370000000.0,
        "Reconciled Cost Of Revenue": 3045000000.0,
        "EBITDA": 207000000.0,
        "EBIT": -163000000.0,
        "Net Interest Income": -70000000.0,
        "Interest Expense": 93000000.0,
        "Interest Income": 23000000.0,
        "Normalized Income": -313800000.0,
        "Net Income From Continuing And Discontinued Operation": -717000000.0,
        "Total Expenses": 3593000000.0,
        "Rent Expense Supplemental": 935000000.0,
        "Total Operating Income As Reported": 500000000.0,
        "Diluted Average Shares": 310779888.0,
        "Basic Average Shares": 310779888.0,
        "Diluted EPS": -2.3,
        "Basic EPS": -2.3,
        "Diluted NI Availto Com Stockholders": -717000000.0,
        "Net Income Common Stockholders": -717000000.0,
        "Net Income": -717000000.0,
        "Minority Interests": -7000000.0,
        "Net Income Including Noncontrolling Interests": -710000000.0,
        "Net Income Continuous Operations": -710000000.0,
        "Earnings From Equity Interest Net Of Tax": -20000000.0,
        "Tax Provision": 434000000.0,
        "Pretax Income": -256000000.0,
        "Other Income Expense": -686000000.0,
        "Other Non Operating Income Expenses": -14000000.0,
        "Gain On Sale Of Security": -672000000.0,
        "Net Non Operating Interest Income Expense": -70000000.0,
        "Interest Expense Non Operating": 93000000.0,
        "Interest Income Non Operating": 23000000.0,
        "Operating Income": 500000000.0,
        "Operating Expense": 548000000.0,
        "Other Operating Expenses": -38000000.0,
        "Selling General And Administration": 586000000.0,
        "Selling And Marketing Expense": 181000000.0,
        "General And Administrative Expense": 405000000.0,
        "Other Gand A": 405000000.0,
        "Gross Profit": 1048000000.0,
        "Cost Of Revenue": 3045000000.0,
        "Total Revenue": 4093000000.0,
        "Operating Revenue": 4008000000.0
    },
    "2022-06-30": {
        "Tax Effect Of Unusual Items": -256800000.0,
        "Tax Rate For Calcs": 0.4,
        "Normalized EBITDA": 430000000.0,
        "Total Unusual Items": -642000000.0,
        "Total Unusual Items Excluding Goodwill": -642000000.0,
        "Net Income From Continuing Operation Net Minority Interest": -350000000.0,
        "Reconciled Depreciation": 374000000.0,
        "Reconciled Cost Of Revenue": 2972000000.0,
        "EBITDA": -212000000.0,
        "EBIT": -586000000.0,
        "Net Interest Income": -71000000.0,
        "Interest Expense": 90000000.0,
        "Interest Income": 19000000.0,
        "Normalized Income": 35200000.0,
        "Net Income From Continuing And Discontinued Operation": -350000000.0,
        "Total Expenses": 3374000000.0,
        "Rent Expense Supplemental": 1012000000.0,
        "Total Operating Income As Reported": 8000000.0,
        "Diluted Average Shares": 310869395.0,
        "Basic Average Shares": 310869395.0,
        "Diluted EPS": -1.1,
        "Basic EPS": -1.1,
        "Diluted NI Availto Com Stockholders": -350000000.0,
        "Net Income Common Stockholders": -350000000.0,
        "Net Income": -350000000.0,
        "Minority Interests": 13000000.0,
        "Net Income Including Noncontrolling Interests": -363000000.0,
        "Net Income Continuous Operations": -363000000.0,
        "Earnings From Equity Interest Net Of Tax": 14000000.0,
        "Tax Provision": -299000000.0,
        "Pretax Income": -676000000.0,
        "Other Income Expense": -613000000.0,
        "Other Non Operating Income Expenses": 29000000.0,
        "Gain On Sale Of Security": -642000000.0,
        "Net Non Operating Interest Income Expense": -71000000.0,
        "Interest Expense Non Operating": 90000000.0,
        "Interest Income Non Operating": 19000000.0,
        "Operating Income": 8000000.0,
        "Operating Expense": 402000000.0,
        "Other Operating Expenses": -108000000.0,
        "Selling General And Administration": 510000000.0,
        "Selling And Marketing Expense": 142000000.0,
        "General And Administrative Expense": 368000000.0,
        "Other Gand A": 368000000.0,
        "Gross Profit": 410000000.0,
        "Cost Of Revenue": 2972000000.0,
        "Total Revenue": 3382000000.0,
        "Operating Revenue": 3306000000.0
    },
    "2022-03-31": {
        "Diluted EPS": -0.32,
        "Total Revenue": 423,
        "Gross Profit": -20,
        "Operating Income": -112,
        "EBIT": -49,
        "Net Income": -99
    },
    "2021-12-31": {
        "Diluted EPS": -0.19,
        "Total Revenue": 548,
        "Gross Profit": 25,
        "Operating Income": 6,
        "EBIT": 6,
        "Net Income": -72
    },
    "2021-09-30": {
        "Diluted EPS": -0.07,
        "Total Revenue": 547,
        "Gross Profit": 99,
        "Operating Income": 10,
        "EBIT": 10,
        "Net Income": -22
    },
    "2021-06-30": {
        "Diluted EPS": 0.18,
        "Total Revenue": 556,
        "Gross Profit": 132,
        "Operating Income": 97,
        "EBIT": 156,
        "Net Income": 59
    },
    "2021-03-31": {
        "Diluted EPS": -0.12,
        "Total Revenue": 355,
        "Gross Profit": -20,
        "Operating Income": -87,
        "EBIT": -31,
        "Net Income": -38
    },
    "2020-12-31": {
        "Diluted EPS": 0.28,
        "Total Revenue": 536,
        "Gross Profit": 47,
        "Operating Income": -33,
        "EBIT": 121,
        "Net Income": 72
    },
    "2020-09-30": {
        "Diluted EPS": -0.11,
        "Total Revenue": 466,
        "Gross Profit": 102,
        "Operating Income": 34,
        "EBIT": 34,
        "Net Income": -31
    },
    "2020-06-30": {
        "Diluted EPS": -0.27,
        "Total Revenue": 277,
        "Gross Profit": -25,
        "Operating Income": -69,
        "EBIT": -69,
        "Net Income": -76
    },
    "2020-03-31": {
        "Diluted EPS": -1.05,
        "Total Revenue": 284,
        "Gross Profit": -52,
        "Operating Income": -122,
        "EBIT": -74,
        "Net Income": -301
    },
    "2019-12-31": {
        "Diluted EPS": 0.3,
        "Total Revenue": 411,
        "Gross Profit": 144,
        "Operating Income": 70,
        "EBIT": 70,
        "Net Income": 89
    },
    "2019-09-30": {
        "Diluted EPS": 0.2,
        "Total Revenue": 427,
        "Gross Profit": 171,
        "Operating Income": 98,
        "EBIT": 98,
        "Net Income": 60
    },
    "2019-06-30": {
        "Diluted EPS": 0.3,
        "Total Revenue": 417,
        "Gross Profit": 164,
        "Operating Income": 96,
        "EBIT": 96,
        "Net Income": 89
    },
    "2019-03-31": {
        "Diluted EPS": 0.05,
        "Total Revenue": 356,
        "Gross Profit": 99,
        "Operating Income": 40,
        "EBIT": 40,
        "Net Income": 16
    },
    "2018-12-31": {
        "Diluted EPS": -0.2,
        "Total Revenue": 347,
        "Gross Profit": 124,
        "Operating Income": 78,
        "EBIT": 78,
        "Net Income": -65
    },
    "2018-09-30": {
        "Diluted EPS": 0.32,
        "Total Revenue": 403,
        "Gross Profit": 162,
        "Operating Income": 113,
        "EBIT": 113,
        "Net Income": 97
    },
    "2018-06-30": {
        "Diluted EPS": 0.17,
        "Total Revenue": 381,
        "Gross Profit": 143,
        "Operating Income": 101,
        "EBIT": 101,
        "Net Income": 51
    },
    "2018-03-31": {
        "Diluted EPS": 0.07,
        "Total Revenue": 333,
        "Gross Profit": 93,
        "Operating Income": 49,
        "EBIT": 83,
        "Net Income": 20
    },
    "2017-12-31": {
        "Diluted EPS": 0.13,
        "Total Revenue": 374,
        "Gross Profit": 101,
        "Operating Income": 42,
        "EBIT": 42,
        "Net Income": 41
    },
    "2017-09-30": {
        "Diluted EPS": 0.25,
        "Total Revenue": 357,
        "Gross Profit": 131,
        "Operating Income": 89,
        "EBIT": 89,
        "Net Income": 71
    },
    "2017-06-30": {
        "Diluted EPS": 0.2,
        "Total Revenue": 293,
        "Gross Profit": 95,
        "Operating Income": 65,
        "EBIT": 65,
        "Net Income": 57
    },
    "2017-03-31": {
        "Diluted EPS": 0.08,
        "Total Revenue": 231,
        "Gross Profit": 57,
        "Operating Income": 24,
        "EBIT": 49,
        "Net Income": 22
    },
    "2016-12-31": {
        "Diluted EPS": 0.05,
        "Total Revenue": 203,
        "Gross Profit": -11,
        "Operating Income": 22,
        "EBIT": 22,
        "Net Income": 14
    },
    "2016-09-30": {
        "Diluted EPS": 0.16,
        "Total Revenue": 266,
        "Gross Profit": 79,
        "Operating Income": 53,
        "EBIT": 53,
        "Net Income": 44
    },
    "2016-06-30": {
        "Diluted EPS": 0.17,
        "Total Revenue": 249,
        "Gross Profit": 127,
        "Operating Income": 40,
        "EBIT": 40,
        "Net Income": 47
    },
    "2016-03-31": {
        "Diluted EPS": 0.04,
        "Total Revenue": 223,
        "Gross Profit": 37,
        "Operating Income": 11,
        "EBIT": 37,
        "Net Income": 11
    },
    "2015-12-31": {
        "Diluted EPS": 0.04,
        "Total Revenue": 198,
        "Gross Profit": -80,
        "Operating Income": 7,
        "EBIT": 83,
        "Net Income": 9
    },
    "2015-09-30": {
        "Diluted EPS": 0.14,
        "Total Revenue": 252,
        "Gross Profit": 128,
        "Operating Income": 44,
        "EBIT": 43,
        "Net Income": 35
    },
    "2015-06-30": {
        "Diluted EPS": 0.09,
        "Total Revenue": 235,
        "Gross Profit": 86,
        "Operating Income": 32,
        "EBIT": 33,
        "Net Income": 24
    },
    "2015-03-31": {
        "Diluted EPS": -0.01,
        "Total Revenue": 207,
        "Gross Profit": 61,
        "Operating Income": 10,
        "EBIT": 36,
        "Net Income": -1
    },
    "2014-12-31": {
        "Diluted EPS": 0.03,
        "Total Revenue": 209,
        "Gross Profit": -24,
        "Operating Income": -4,
        "EBIT": -4,
        "Net Income": 8
    },
    "2014-09-30": {
        "Diluted EPS": 0.1,
        "Total Revenue": 226,
        "Gross Profit": 89,
        "Operating Income": 34,
        "EBIT": 34,
        "Net Income": 24
    },
    "2014-06-30": {
        "Diluted EPS": 0.08,
        "Total Revenue": 201,
        "Gross Profit": 73,
        "Operating Income": 39,
        "EBIT": 40,
        "Net Income": 20
    },
    "2014-03-31": {
        "Diluted EPS": -0.01,
        "Total Revenue": 166,
        "Gross Profit": 40,
        "Operating Income": -4,
        "EBIT": 17,
        "Net Income": -2
    },
    "2013-12-31": {
        "Diluted EPS": 0.04,
        "Total Revenue": 185,
        "Gross Profit": 55,
        "Operating Income": 7,
        "EBIT": 7,
        "Net Income": 10
    },
    "2013-09-30": {
        "Diluted EPS": 0.08,
        "Total Revenue": 187,
        "Gross Profit": 72,
        "Operating Income": 28,
        "EBIT": 28,
        "Net Income": 20
    },
    "2013-06-30": {
        "Diluted EPS": 0.06,
        "Total Revenue": 179,
        "Gross Profit": 75,
        "Operating Income": 31,
        "EBIT": 31,
        "Net Income": 16
    },
    "2013-03-31": {
        "Diluted EPS": 0.0,
        "Total Revenue": 140,
        "Gross Profit": 38,
        "Operating Income": -1,
        "EBIT": 16,
        "Net Income": 0
    },
    "2012-12-31": {
        "Diluted EPS": 0.01,
        "Total Revenue": 142,
        "Gross Profit": 13,
        "Operating Income": 31,
        "EBIT": 31,
        "Net Income": 3
    },
    "2012-09-30": {
        "Diluted EPS": 0.06,
        "Total Revenue": 142,
        "Gross Profit": 56,
        "Operating Income": 19,
        "EBIT": 19,
        "Net Income": 15
    },
    "2012-06-30": {
        "Diluted EPS": 0.05,
        "Total Revenue": 133,
        "Gross Profit": 42,
        "Operating Income": 21,
        "EBIT": 21,
        "Net Income": 11
    },
    "2012-03-31": {
        "Diluted EPS": -0.01,
        "Total Revenue": 109,
        "Gross Profit": 22,
        "Operating Income": 11,
        "EBIT": 23,
        "Net Income": -1
    },
    "2011-12-31": {
        "Diluted EPS": 0.02,
        "Total Revenue": 103,
        "Gross Profit": 20,
        "Operating Income": 8,
        "EBIT": 8,
        "Net Income": 5
    },
    "2011-09-30": {
        "Diluted EPS": 0.04,
        "Total Revenue": 98,
        "Gross Profit": 27,
        "Operating Income": 17,
        "EBIT": 17,
        "Net Income": 9
    },
    "2011-06-30": {
        "Diluted EPS": 0.03,
        "Total Revenue": 85,
        "Gross Profit": 24,
        "Operating Income": 13,
        "EBIT": 13,
        "Net Income": 6
    },
    "2011-03-31": {
        "Diluted EPS": -0.01,
        "Total Revenue": 65,
        "Gross Profit": 10,
        "Operating Income": 2,
        "EBIT": 2,
        "Net Income": -2
    },
    "2010-12-31": {
        "Diluted EPS": 0.02,
        "Total Revenue": 69,
        "Gross Profit": 16,
        "Operating Income": 8,
        "EBIT": 8,
        "Net Income": 5
    },
    "2010-09-30": {
        "Diluted EPS": 0.05,
        "Total Revenue": 76,
        "Gross Profit": 29,
        "Operating Income": 21,
        "EBIT": 21,
        "Net Income": 13
    },
    "2010-06-30": {
        "Diluted EPS": 0.03,
        "Total Revenue": 65,
        "Gross Profit": 24,
        "Operating Income": 18,
        "EBIT": 18,
        "Net Income": 12
    },
    "2010-03-31": {
        "Diluted EPS": 0.01,
        "Total Revenue": 50,
        "Gross Profit": 10,
        "Operating Income": 4,
        "EBIT": 4,
        "Net Income": 2
    },
    "2009-12-31": {
        "Diluted EPS": 0.02,
        "Total Revenue": 51,
        "Gross Profit": 51,
        "Operating Income": 51,
        "EBIT": 51,
        "Net Income": 3
    },
    "2009-09-30": {
        "Diluted EPS": 0.02,
        "Total Revenue": 53,
        "Gross Profit": 53,
        "Operating Income": 53,
        "EBIT": 53,
        "Net Income": 3
    },
    "2023-06-30": {
        "Tax Effect Of Unusual Items": -5451327.433628,
        "Tax Rate For Calcs": 0.227139,
        "Normalized EBITDA": 1833000000.0,
        "Total Unusual Items": -24000000.0,
        "Total Unusual Items Excluding Goodwill": -24000000.0,
        "Net Income From Continuing Operation Net Minority Interest": 1015000000.0,
        "Reconciled Depreciation": 359000000.0,
        "Reconciled Cost Of Revenue": 3482000000.0,
        "EBITDA": 1809000000.0,
        "EBIT": 1450000000.0,
        "Net Interest Income": -37000000.0,
        "Interest Expense": 94000000.0,
        "Interest Income": 57000000.0,
        "Normalized Income": 1033548672.566372,
        "Net Income From Continuing And Discontinued Operation": 1015000000.0,
        "Total Expenses": 4145000000.0,
        "Rent Expense Supplemental": 1088000000.0,
        "Total Operating Income As Reported": 1385000000.0,
        "Diluted Average Shares": 335471790.0,
        "Basic Average Shares": 318733199.0,
        "Diluted EPS": 3.1,
        "Basic EPS": 3.2,
        "Diluted NI Availto Com Stockholders": 1015000000.0,
        "Net Income Common Stockholders": 1015000000.0,
        "Net Income": 1015000000.0,
        "Minority Interests": -21000000.0,
        "Net Income Including Noncontrolling Interests": 1036000000.0,
        "Net Income Continuous Operations": 1036000000.0,
        "Earnings From Equity Interest Net Of Tax": -12000000.0,
        "Tax Provision": 308000000.0,
        "Pretax Income": 1356000000.0,
        "Other Income Expense": 8000000.0,
        "Other Non Operating Income Expenses": 32000000.0,
        "Special Income Charges": NaN,
        "Impairment Of Capital Assets": NaN,
        "Gain On Sale Of Security": -24000000.0,
        "Net Non Operating Interest Income Expense": -37000000.0,
        "Interest Expense Non Operating": 94000000.0,
        "Interest Income Non Operating": 57000000.0,
        "Operating Income": 1385000000.0,
        "Operating Expense": 663000000.0,
        "Other Operating Expenses": -76000000.0,
        "Selling General And Administration": 739000000.0,
        "Selling And Marketing Expense": 262000000.0,
        "General And Administrative Expense": 477000000.0,
        "Other Gand A": 477000000.0,
        "Gross Profit": 2048000000.0,
        "Cost Of Revenue": 3482000000.0,
        "Total Revenue": 5530000000.0,
        "Operating Revenue": 5448000000.0
    },
    "2023-09-30": {
        "Tax Effect Of Unusual Items": -37705077.010839,
        "Tax Rate For Calcs": 0.24016,
        "Normalized EBITDA": 2353000000.0,
        "Total Unusual Items": -157000000.0,
        "Total Unusual Items Excluding Goodwill": -157000000.0,
        "Net Income From Continuing Operation Net Minority Interest": 1337000000.0,
        "Reconciled Depreciation": 358000000.0,
        "Reconciled Cost Of Revenue": 3613000000.0,
        "EBITDA": 2196000000.0,
        "EBIT": 1838000000.0,
        "Net Interest Income": -23000000.0,
        "Interest Expense": 85000000.0,
        "Interest Income": 62000000.0,
        "Normalized Income": 1456294922.989161,
        "Net Income From Continuing And Discontinued Operation": 1337000000.0,
        "Total Expenses": 4379000000.0,
        "Rent Expense Supplemental": 1118000000.0,
        "Total Operating Income As Reported": 1909000000.0,
        "Diluted Average Shares": 335558643.0,
        "Basic Average Shares": 318827413.0,
        "Diluted EPS": 4.1,
        "Basic EPS": 4.2,
        "Diluted NI Availto Com Stockholders": 1337000000.0,
        "Net Income Common Stockholders": 1337000000.0,
        "Net Income": 1337000000.0,
        "Minority Interests": -15000000.0,
        "Net Income Including Noncontrolling Interests": 1352000000.0,
        "Net Income Continuous Operations": 1352000000.0,
        "Earnings From Equity Interest Net Of Tax": 20000000.0,
        "Tax Provision": 421000000.0,
        "Pretax Income": 1753000000.0,
        "Other Income Expense": -133000000.0,
        "Other Non Operating Income Expenses": 24000000.0,
        "Special Income Charges": NaN,
        "Impairment Of Capital Assets": NaN,
        "Gain On Sale Of Security": -157000000.0,
        "Net Non Operating Interest Income Expense": -23000000.0,
        "Interest Expense Non Operating": 85000000.0,
        "Interest Income Non Operating": 62000000.0,
        "Operating Income": 1909000000.0,
        "Operating Expense": 766000000.0,
        "Other Operating Expenses": -62000000.0,
        "Selling General And Administration": 828000000.0,
        "Selling And Marketing Expense": 289000000.0,
        "General And Administrative Expense": 539000000.0,
        "Other Gand A": 539000000.0,
        "Gross Profit": 2675000000.0,
        "Cost Of Revenue": 3613000000.0,
        "Total Revenue": 6288000000.0,
        "Operating Revenue": 6146000000.0
    },
    "2023-12-31": {
        "Tax Effect Of Unusual Items": 70590688.651794,
        "Tax Rate For Calcs": 0.272551,
        "Normalized EBITDA": 1160000000.0,
        "Total Unusual Items": 259000000.0,
        "Total Unusual Items Excluding Goodwill": 259000000.0,
        "Net Income From Continuing Operation Net Minority Interest": 743000000.0,
        "Reconciled Depreciation": 312000000.0,
        "Reconciled Cost Of Revenue": 3996000000.0,
        "EBITDA": 1419000000.0,
        "EBIT": 1107000000.0,
        "Net Interest Income": 9000000.0,
        "Interest Expense": 76000000.0,
        "Interest Income": 85000000.0,
        "Normalized Income": 554590688.651794,
        "Net Income From Continuing And Discontinued Operation": 743000000.0,
        "Total Expenses": 4824000000.0,
        "Rent Expense Supplemental": 1063000000.0,
        "Total Operating Income As Reported": 756000000.0,
        "Diluted Average Shares": 321773769.0,
        "Basic Average Shares": 318280223.0,
        "Diluted EPS": 2.3,
        "Basic EPS": 2.3,
        "Diluted NI Availto Com Stockholders": 863000000.0,
        "Net Income Common Stockholders": 743000000.0,
        "Net Income": 743000000.0,
        "Minority Interests": 0.0,
        "Net Income Including Noncontrolling Interests": 743000000.0,
        "Net Income Continuous Operations": 743000000.0,
        "Earnings From Equity Interest Net Of Tax": -7000000.0,
        "Tax Provision": 281000000.0,
        "Pretax Income": 1031000000.0,
        "Other Income Expense": 262000000.0,
        "Other Non Operating Income Expenses": 3000000.0,
        "Special Income Charges": NaN,
        "Impairment Of Capital Assets": NaN,
        "Gain On Sale Of Security": 263000000.0,
        "Net Non Operating Interest Income Expense": 9000000.0,
        "Interest Expense Non Operating": 76000000.0,
        "Interest Income Non Operating": 85000000.0,
        "Operating Income": 760000000.0,
        "Operating Expense": 828000000.0,
        "Other Operating Expenses": -174000000.0,
        "Selling General And Administration": 1002000000.0,
        "Selling And Marketing Expense": 326000000.0,
        "General And Administrative Expense": 676000000.0,
        "Other Gand A": 645000000.0,
        "Gross Profit": 1588000000.0,
        "Cost Of Revenue": 3996000000.0,
        "Total Revenue": 5584000000.0,
        "Operating Revenue": 5468000000.0
    },
    "2024-03-31": {
        "Tax Effect Of Unusual Items": -15742946.708464,
        "Tax Rate For Calcs": 0.291536,
        "Normalized EBITDA": 1439000000.0,
        "Total Unusual Items": -54000000.0,
        "Total Unusual Items Excluding Goodwill": -54000000.0,
        "Net Income From Continuing Operation Net Minority Interest": 659000000.0,
        "Reconciled Depreciation": 345000000.0,
        "Reconciled Cost Of Revenue": 3565000000.0,
        "EBITDA": 1385000000.0,
        "EBIT": 1040000000.0,
        "Net Interest Income": -32000000.0,
        "Interest Expense": 83000000.0,
        "Interest Income": 51000000.0,
        "Normalized Income": 697257053.291536,
        "Net Income From Continuing And Discontinued Operation": 659000000.0,
        "Total Expenses": 4275000000.0,
        "Rent Expense Supplemental": 1086000000.0,
        "Total Operating Income As Reported": 1003000000.0,
        "Diluted Average Shares": 317277049.0,
        "Basic Average Shares": 313946615.0,
        "Diluted EPS": 2.1,
        "Basic EPS": 2.1,
        "Diluted NI Availto Com Stockholders": 659000000.0,
        "Net Income Common Stockholders": 659000000.0,
        "Net Income": 659000000.0,
        "Minority Interests": -8000000.0,
        "Net Income Including Noncontrolling Interests": 667000000.0,
        "Net Income Continuous Operations": 667000000.0,
        "Earnings From Equity Interest Net Of Tax": -11000000.0,
        "Tax Provision": 279000000.0,
        "Pretax Income": 957000000.0,
        "Other Income Expense": -14000000.0,
        "Other Non Operating Income Expenses": 40000000.0,
        "Special Income Charges": 0.0,
        "Impairment Of Capital Assets": 0.0,
        "Gain On Sale Of Security": -54000000.0,
        "Net Non Operating Interest Income Expense": -32000000.0,
        "Interest Expense Non Operating": 83000000.0,
        "Interest Income Non Operating": 51000000.0,
        "Operating Income": 1003000000.0,
        "Operating Expense": 710000000.0,
        "Other Operating Expenses": -59000000.0,
        "Selling General And Administration": 769000000.0,
        "Selling And Marketing Expense": 260000000.0,
        "General And Administrative Expense": 509000000.0,
        "Other Gand A": 509000000.0,
        "Gross Profit": 1713000000.0,
        "Cost Of Revenue": 3565000000.0,
        "Total Revenue": 5278000000.0,
        "Operating Revenue": 5162000000.0
    },
    "2024-06-30": {
        "Tax Effect Of Unusual Items": -21249162.759545,
        "Tax Rate For Calcs": 0.283322,
        "Normalized EBITDA": 1989000000.0,
        "Total Unusual Items": -75000000.0,
        "Total Unusual Items Excluding Goodwill": -75000000.0,
        "Net Income From Continuing Operation Net Minority Interest": 1067000000.0,
        "Reconciled Depreciation": 337000000.0,
        "Reconciled Cost Of Revenue": 3731000000.0,
        "EBITDA": 1914000000.0,
        "EBIT": 1577000000.0,
        "Net Interest Income": -28000000.0,
        "Interest Expense": 84000000.0,
        "Interest Income": 56000000.0,
        "Normalized Income": 1120750837.240455,
        "Net Income From Continuing And Discontinued Operation": 1067000000.0,
        "Total Expenses": 4576000000.0,
        "Rent Expense Supplemental": 1091000000.0,
        "Total Operating Income As Reported": 1572000000.0,
        "Diluted Average Shares": 330393481.0,
        "Basic Average Shares": 313772214.0,
        "Diluted EPS": 3.3,
        "Basic EPS": 3.4,
        "Diluted NI Availto Com Stockholders": 1125000000.0,
        "Net Income Common Stockholders": 1067000000.0,
        "Net Income": 1067000000.0,
        "Minority Interests": -15000000.0,
        "Net Income Including Noncontrolling Interests": 1082000000.0,
        "Net Income Continuous Operations": 1082000000.0,
        "Earnings From Equity Interest Net Of Tax": 12000000.0,
        "Tax Provision": 423000000.0,
        "Pretax Income": 1493000000.0,
        "Other Income Expense": -51000000.0,
        "Other Non Operating Income Expenses": 24000000.0,
        "Special Income Charges": NaN,
        "Impairment Of Capital Assets": NaN,
        "Gain On Sale Of Security": -75000000.0,
        "Net Non Operating Interest Income Expense": -28000000.0,
        "Interest Expense Non Operating": 84000000.0,
        "Interest Income Non Operating": 56000000.0,
        "Operating Income": 1572000000.0,
        "Operating Expense": 845000000.0,
        "Other Operating Expenses": -74000000.0,
        "Selling General And Administration": 919000000.0,
        "Selling And Marketing Expense": 317000000.0,
        "General And Administrative Expense": 602000000.0,
        "Other Gand A": 602000000.0,
        "Gross Profit": 2417000000.0,
        "Cost Of Revenue": 3731000000.0,
        "Total Revenue": 6148000000.0,
        "Operating Revenue": 6015000000.0
    },
    "2024-09-30": {
        "Tax Effect Of Unusual Items": -8044524.669073,
        "Tax Rate For Calcs": 0.229844,
        "Normalized EBITDA": 2103000000.0,
        "Total Unusual Items": -35000000.0,
        "Total Unusual Items Excluding Goodwill": -35000000.0,
        "Net Income From Continuing Operation Net Minority Interest": 1273000000.0,
        "Reconciled Depreciation": 329000000.0,
        "Reconciled Cost Of Revenue": 3799000000.0,
        "EBITDA": 2068000000.0,
        "EBIT": 1739000000.0,
        "Net Interest Income": -27000000.0,
        "Interest Expense": 77000000.0,
        "Interest Income": 50000000.0,
        "Normalized Income": 1299955475.330927,
        "Net Income From Continuing And Discontinued Operation": 1273000000.0,
        "Total Expenses": 4719000000.0,
        "Rent Expense Supplemental": 1088000000.0,
        "Total Operating Income As Reported": 1723000000.0,
        "Diluted Average Shares": 325758987.0,
        "Basic Average Shares": 310286842.0,
        "Diluted EPS": 4.0,
        "Basic EPS": 4.1,
        "Diluted NI Availto Com Stockholders": 1273000000.0,
        "Net Income Common Stockholders": 1273000000.0,
        "Net Income": 1273000000.0,
        "Minority Interests": -19000000.0,
        "Net Income Including Noncontrolling Interests": 1292000000.0,
        "Net Income Continuous Operations": 1292000000.0,
        "Earnings From Equity Interest Net Of Tax": 12000000.0,
        "Tax Provision": 382000000.0,
        "Pretax Income": 1662000000.0,
        "Other Income Expense": -34000000.0,
        "Other Non Operating Income Expenses": 1000000.0,
        "Special Income Charges": NaN,
        "Impairment Of Capital Assets": NaN,
        "Gain On Sale Of Security": -35000000.0,
        "Net Non Operating Interest Income Expense": -27000000.0,
        "Interest Expense Non Operating": 77000000.0,
        "Interest Income Non Operating": 50000000.0,
        "Operating Income": 1723000000.0,
        "Operating Expense": 920000000.0,
        "Other Operating Expenses": -55000000.0,
        "Selling General And Administration": 975000000.0,
        "Selling And Marketing Expense": 303000000.0,
        "General And Administrative Expense": 672000000.0,
        "Other Gand A": 672000000.0,
        "Gross Profit": 2643000000.0,
        "Cost Of Revenue": 3799000000.0,
        "Total Revenue": 6442000000.0,
        "Operating Revenue": 6292000000.0
    }
}