{
    "2023-03-31": {
        "Tax Effect Of Unusual Items": 1839006.0,
        "Tax Rate For Calcs": 0.271,
        "Normalized EBITDA": 65057000.0,
        "Total Unusual Items": 6786000.0,
        "Total Unusual Items Excluding Goodwill": 6786000.0,
        "Net Income From Continuing Operation Net Minority Interest": 12612000.0,
        "Reconciled Depreciation": 48469000.0,
        "Reconciled Cost Of Revenue": 277500000.0,
        "EBITDA": 71843000.0,
        "EBIT": 23374000.0,
        "Net Interest Income": -5591000.0,
        "Interest Expense": 6075000.0,
        "Interest Income": 484000.0,
        "Normalized Income": 7665006.0,
        "Net Income From Continuing And Discontinued Operation": 12612000.0,
        "Total Expenses": 314812000.0,
        "Rent Expense Supplemental": 33144000.0,
        "Total Operating Income As Reported": 22890000.0,
        "Diluted Average Shares": 79022000.0,
        "Basic Average Shares": 78987000.0,
        "Diluted EPS": 0.16,
        "Basic EPS": 0.16,
        "Diluted NI Availto Com Stockholders": 12612000.0,
        "Net Income Common Stockholders": 12612000.0,
        "Net Income": 12612000.0,
        "Net Income Including Noncontrolling Interests": 12612000.0,
        "Net Income Continuous Operations": 12612000.0,
        "Tax Provision": 4687000.0,
        "Pretax Income": 17299000.0,
        "Other Income Expense": 6786000.0,
        "Special Income Charges": 6786000.0,
        "Gain On Sale Of Ppe": 6786000.0,
        "Net Non Operating Interest Income Expense": -5591000.0,
        "Interest Expense Non Operating": 6075000.0,
        "Interest Income Non Operating": 484000.0,
        "Operating Income": 16104000.0,
        "Operating Expense": 37312000.0,
        "Other Operating Expenses": 17891000.0,
        "Other Taxes": 5543000.0,
        "Selling General And Administration": 13878000.0,
        "General And Administrative Expense": 13878000.0,
        "Other Gand A": 2876000.0,
        "Insurance And Claims": 11002000.0,
        "Gross Profit": 53416000.0,
        "Cost Of Revenue": 277500000.0,
        "Total Revenue": 330916000.0,
        "Operating Revenue": 330916000.0
    },
    "2022-12-31": {
        "Tax Effect Of Unusual Items": 998569.056456,
        "Tax Rate For Calcs": 0.243553,
        "Normalized EBITDA": 73050000.0,
        "Total Unusual Items": 4100000.0,
        "Total Unusual Items Excluding Goodwill": 4100000.0,
        "Net Income From Continuing Operation Net Minority Interest": 15489000.0,
        "Reconciled Depreciation": 50639000.0,
        "Reconciled Cost Of Revenue": 298935000.0,
        "EBITDA": 77150000.0,
        "EBIT": 26511000.0,
        "Net Interest Income": -5690000.0,
        "Interest Expense": 6035000.0,
        "Interest Income": 345000.0,
        "Normalized Income": 12387569.056456,
        "Net Income From Continuing And Discontinued Operation": 15489000.0,
        "Total Expenses": 332857000.0,
        "Rent Expense Supplemental": 33367000.0,
        "Total Operating Income As Reported": 26166000.0,
        "Diluted Average Shares": 79010000.0,
        "Basic Average Shares": 78964000.0,
        "Diluted EPS": 0.2,
        "Basic EPS": 0.2,
        "Diluted NI Availto Com Stockholders": 15489000.0,
        "Net Income Common Stockholders": 15489000.0,
        "Net Income": 15489000.0,
        "Net Income Including Noncontrolling Interests": 15489000.0,
        "Net Income Continuous Operations": 15489000.0,
        "Tax Provision": 4987000.0,
        "Pretax Income": 20476000.0,
        "Other Income Expense": 4100000.0,
        "Special Income Charges": 4100000.0,
        "Gain On Sale Of Ppe": 4100000.0,
        "Net Non Operating Interest Income Expense": -5690000.0,
        "Interest Expense Non Operating": 6035000.0,
        "Interest Income Non Operating": 345000.0,
        "Operating Income": 22066000.0,
        "Operating Expense": 33922000.0,
        "Other Operating Expenses": 19270000.0,
        "Selling General And Administration": 14652000.0,
        "General And Administrative Expense": 14652000.0,
        "Other Gand A": 2915000.0,
        "Insurance And Claims": 11737000.0,
        "Gross Profit": 55988000.0,
        "Cost Of Revenue": 298935000.0,
        "Total Revenue": 354923000.0,
        "Operating Revenue": 354923000.0
    },
    "2022-09-30": {
        "Tax Effect Of Unusual Items": 1768260.278132,
        "Tax Rate For Calcs": 0.258669,
        "Normalized EBITDA": 28443000.0,
        "Total Unusual Items": 6836000.0,
        "Total Unusual Items Excluding Goodwill": 6836000.0,
        "Net Income From Continuing Operation Net Minority Interest": 24415000.0,
        "Reconciled Depreciation": 34788000.0,
        "Reconciled Cost Of Revenue": 219292000.0,
        "EBITDA": 35279000.0,
        "EBIT": 35279000.0,
        "Net Interest Income": -1808000.0,
        "Interest Expense": 2345000.0,
        "Interest Income": 537000.0,
        "Normalized Income": 19347260.278132,
        "Net Income From Continuing And Discontinued Operation": 24415000.0,
        "Total Expenses": 246070000.0,
        "Rent Expense Supplemental": 17046000.0,
        "Total Operating Income As Reported": 34742000.0,
        "Diluted Average Shares": 78974000.0,
        "Basic Average Shares": 78937000.0,
        "Diluted EPS": 0.31,
        "Basic EPS": 0.31,
        "Diluted NI Availto Com Stockholders": 24415000.0,
        "Net Income Common Stockholders": 24415000.0,
        "Net Income": 24415000.0,
        "Net Income Including Noncontrolling Interests": 24415000.0,
        "Net Income Continuous Operations": 24415000.0,
        "Tax Provision": 8519000.0,
        "Pretax Income": 32934000.0,
        "Other Income Expense": 6836000.0,
        "Special Income Charges": 6836000.0,
        "Gain On Sale Of Ppe": 6836000.0,
        "Net Non Operating Interest Income Expense": -1808000.0,
        "Interest Expense Non Operating": 2345000.0,
        "Interest Income Non Operating": 537000.0,
        "Operating Income": 27906000.0,
        "Operating Expense": 26778000.0,
        "Other Operating Expenses": 14108000.0,
        "Selling General And Administration": 12670000.0,
        "General And Administrative Expense": 12670000.0,
        "Other Gand A": 1876000.0,
        "Insurance And Claims": 10794000.0,
        "Gross Profit": 54684000.0,
        "Cost Of Revenue": 219292000.0,
        "Total Revenue": 273976000.0,
        "Operating Revenue": 273976000.0
    },
    "2022-06-30": {
        "Tax Effect Of Unusual Items": 21943279.21553,
        "Tax Rate For Calcs": 0.268544,
        "Normalized EBITDA": 23603000.0,
        "Total Unusual Items": 81712000.0,
        "Total Unusual Items Excluding Goodwill": 81712000.0,
        "Net Income From Continuing Operation Net Minority Interest": 76906000.0,
        "Reconciled Depreciation": 24309000.0,
        "Reconciled Cost Of Revenue": 144769000.0,
        "EBITDA": 105315000.0,
        "EBIT": 105315000.0,
        "Net Interest Income": 86000.0,
        "Interest Expense": 174000.0,
        "Interest Income": 260000.0,
        "Normalized Income": 17137279.21553,
        "Net Income From Continuing And Discontinued Operation": 76906000.0,
        "Total Expenses": 164478000.0,
        "Rent Expense Supplemental": 3127000.0,
        "Total Operating Income As Reported": 105055000.0,
        "Diluted Average Shares": 78959000.0,
        "Basic Average Shares": 78934000.0,
        "Diluted EPS": 0.97,
        "Basic EPS": 0.97,
        "Diluted NI Availto Com Stockholders": 76906000.0,
        "Net Income Common Stockholders": 76906000.0,
        "Net Income": 76906000.0,
        "Net Income Including Noncontrolling Interests": 76906000.0,
        "Net Income Continuous Operations": 76906000.0,
        "Tax Provision": 28235000.0,
        "Pretax Income": 105141000.0,
        "Other Income Expense": 81712000.0,
        "Special Income Charges": 81712000.0,
        "Gain On Sale Of Ppe": 81712000.0,
        "Net Non Operating Interest Income Expense": 86000.0,
        "Interest Expense Non Operating": 174000.0,
        "Interest Income Non Operating": 260000.0,
        "Operating Income": 23343000.0,
        "Operating Expense": 19709000.0,
        "Other Operating Expenses": 12244000.0,
        "Selling General And Administration": 7465000.0,
        "General And Administrative Expense": 7465000.0,
        "Other Gand A": 1126000.0,
        "Insurance And Claims": 6339000.0,
        "Gross Profit": 43052000.0,
        "Cost Of Revenue": 144769000.0,
        "Total Revenue": 187821000.0,
        "Operating Revenue": 187821000.0
    },
    "2023-06-30": {
        "Tax Effect Of Unusual Items": 2198028.0,
        "Tax Rate For Calcs": 0.274,
        "Normalized EBITDA": 57137000.0,
        "Total Unusual Items": 8022000.0,
        "Total Unusual Items Excluding Goodwill": 8022000.0,
        "Net Income From Continuing Operation Net Minority Interest": 7771000.0,
        "Reconciled Depreciation": 48337000.0,
        "Reconciled Cost Of Revenue": 263030000.0,
        "EBITDA": 65159000.0,
        "EBIT": 16822000.0,
        "Net Interest Income": -5519000.0,
        "Interest Expense": 6111000.0,
        "Interest Income": 592000.0,
        "Normalized Income": 1947028.0,
        "Net Income From Continuing And Discontinued Operation": 7771000.0,
        "Total Expenses": 297961000.0,
        "Rent Expense Supplemental": 28468000.0,
        "Total Operating Income As Reported": 16230000.0,
        "Diluted Average Shares": 79081000.0,
        "Basic Average Shares": 78999000.0,
        "Diluted EPS": 0.1,
        "Basic EPS": 0.1,
        "Diluted NI Availto Com Stockholders": 7771000.0,
        "Net Income Common Stockholders": 7771000.0,
        "Net Income": 7771000.0,
        "Net Income Including Noncontrolling Interests": 7771000.0,
        "Net Income Continuous Operations": 7771000.0,
        "Tax Provision": 2940000.0,
        "Pretax Income": 10711000.0,
        "Other Income Expense": 8022000.0,
        "Special Income Charges": 8022000.0,
        "Gain On Sale Of Ppe": 8022000.0,
        "Net Non Operating Interest Income Expense": -5519000.0,
        "Interest Expense Non Operating": 6111000.0,
        "Interest Income Non Operating": 592000.0,
        "Operating Income": 8208000.0,
        "Operating Expense": 34931000.0,
        "Other Operating Expenses": 16362000.0,
        "Other Taxes": 5457000.0,
        "Selling General And Administration": 13112000.0,
        "General And Administrative Expense": 13112000.0,
        "Other Gand A": 2679000.0,
        "Insurance And Claims": 10433000.0,
        "Gross Profit": 43139000.0,
        "Cost Of Revenue": 263030000.0,
        "Total Revenue": 306169000.0,
        "Operating Revenue": 306169000.0
    },
    "2022-03-31": {
        "Diluted EPS": 0.21,
        "Total Revenue": 151,
        "Gross Profit": 57,
        "Operating Income": 22,
        "EBIT": 46,
        "Net Income": 17
    },
    "2021-12-31": {
        "Diluted EPS": 0.26,
        "Total Revenue": 148,
        "Gross Profit": 57,
        "Operating Income": 27,
        "EBIT": 52,
        "Net Income": 20
    },
    "2021-09-30": {
        "Diluted EPS": 0.31,
        "Total Revenue": 153,
        "Gross Profit": 58,
        "Operating Income": 33,
        "EBIT": 59,
        "Net Income": 24
    },
    "2021-06-30": {
        "Diluted EPS": 0.26,
        "Total Revenue": 154,
        "Gross Profit": 60,
        "Operating Income": 27,
        "EBIT": 53,
        "Net Income": 21
    },
    "2021-03-31": {
        "Diluted EPS": 0.17,
        "Total Revenue": 152,
        "Gross Profit": 57,
        "Operating Income": 18,
        "EBIT": 45,
        "Net Income": 14
    },
    "2020-12-31": {
        "Diluted EPS": 0.22,
        "Total Revenue": 156,
        "Gross Profit": 64,
        "Operating Income": 24,
        "EBIT": 52,
        "Net Income": 18
    },
    "2020-09-30": {
        "Diluted EPS": 0.25,
        "Total Revenue": 162,
        "Gross Profit": 66,
        "Operating Income": 27,
        "EBIT": 55,
        "Net Income": 21
    },
    "2020-06-30": {
        "Diluted EPS": 0.24,
        "Total Revenue": 161,
        "Gross Profit": 66,
        "Operating Income": 25,
        "EBIT": 52,
        "Net Income": 19
    },
    "2020-03-31": {
        "Diluted EPS": 0.16,
        "Total Revenue": 166,
        "Gross Profit": 62,
        "Operating Income": 17,
        "EBIT": 44,
        "Net Income": 13
    },
    "2019-12-31": {
        "Diluted EPS": 0.16,
        "Total Revenue": 167,
        "Gross Profit": 57,
        "Operating Income": 18,
        "EBIT": 48,
        "Net Income": 13
    },
    "2019-09-30": {
        "Diluted EPS": 0.25,
        "Total Revenue": 148,
        "Gross Profit": 54,
        "Operating Income": 27,
        "EBIT": 52,
        "Net Income": 21
    },
    "2019-06-30": {
        "Diluted EPS": 0.27,
        "Total Revenue": 142,
        "Gross Profit": 58,
        "Operating Income": 29,
        "EBIT": 52,
        "Net Income": 22
    },
    "2019-03-31": {
        "Diluted EPS": 0.21,
        "Total Revenue": 140,
        "Gross Profit": 54,
        "Operating Income": 21,
        "EBIT": 43,
        "Net Income": 17
    },
    "2018-12-31": {
        "Diluted EPS": 0.27,
        "Total Revenue": 147,
        "Gross Profit": 59,
        "Operating Income": 30,
        "EBIT": 55,
        "Net Income": 22
    },
    "2018-09-30": {
        "Diluted EPS": 0.23,
        "Total Revenue": 151,
        "Gross Profit": 58,
        "Operating Income": 25,
        "EBIT": 50,
        "Net Income": 19
    },
    "2018-06-30": {
        "Diluted EPS": 0.22,
        "Total Revenue": 156,
        "Gross Profit": 57,
        "Operating Income": 22,
        "EBIT": 47,
        "Net Income": 18
    },
    "2018-03-31": {
        "Diluted EPS": 0.16,
        "Total Revenue": 157,
        "Gross Profit": 52,
        "Operating Income": 13,
        "EBIT": 39,
        "Net Income": 13
    },
    "2017-12-31": {
        "Diluted EPS": 0.46,
        "Total Revenue": 166,
        "Gross Profit": 51,
        "Operating Income": 10,
        "EBIT": 39,
        "Net Income": 39
    },
    "2017-09-30": {
        "Diluted EPS": 0.09,
        "Total Revenue": 182,
        "Gross Profit": 55,
        "Operating Income": 13,
        "EBIT": 42,
        "Net Income": 8
    },
    "2017-06-30": {
        "Diluted EPS": 0.18,
        "Total Revenue": 130,
        "Gross Profit": 51,
        "Operating Income": 21,
        "EBIT": 44,
        "Net Income": 15
    },
    "2017-03-31": {
        "Diluted EPS": 0.17,
        "Total Revenue": 130,
        "Gross Profit": 49,
        "Operating Income": 19,
        "EBIT": 42,
        "Net Income": 14
    },
    "2016-12-31": {
        "Diluted EPS": 0.16,
        "Total Revenue": 140,
        "Gross Profit": 59,
        "Operating Income": 21,
        "EBIT": 48,
        "Net Income": 13
    },
    "2016-09-30": {
        "Diluted EPS": 0.15,
        "Total Revenue": 149,
        "Gross Profit": 56,
        "Operating Income": 20,
        "EBIT": 47,
        "Net Income": 13
    },
    "2016-06-30": {
        "Diluted EPS": 0.2,
        "Total Revenue": 161,
        "Gross Profit": 62,
        "Operating Income": 25,
        "EBIT": 50,
        "Net Income": 16
    },
    "2016-03-31": {
        "Diluted EPS": 0.17,
        "Total Revenue": 163,
        "Gross Profit": 63,
        "Operating Income": 20,
        "EBIT": 47,
        "Net Income": 14
    },
    "2015-12-31": {
        "Diluted EPS": 0.2,
        "Total Revenue": 175,
        "Gross Profit": 66,
        "Operating Income": 28,
        "EBIT": 58,
        "Net Income": 17
    },
    "2015-09-30": {
        "Diluted EPS": 0.17,
        "Total Revenue": 183,
        "Gross Profit": 67,
        "Operating Income": 25,
        "EBIT": 54,
        "Net Income": 15
    },
    "2015-06-30": {
        "Diluted EPS": 0.27,
        "Total Revenue": 192,
        "Gross Profit": 69,
        "Operating Income": 36,
        "EBIT": 63,
        "Net Income": 23
    },
    "2015-03-31": {
        "Diluted EPS": 0.2,
        "Total Revenue": 188,
        "Gross Profit": 65,
        "Operating Income": 28,
        "EBIT": 55,
        "Net Income": 18
    },
    "2014-12-31": {
        "Diluted EPS": 0.24,
        "Total Revenue": 203,
        "Gross Profit": 72,
        "Operating Income": 34,
        "EBIT": 65,
        "Net Income": 22
    },
    "2014-09-30": {
        "Diluted EPS": 0.26,
        "Total Revenue": 217,
        "Gross Profit": 72,
        "Operating Income": 36,
        "EBIT": 64,
        "Net Income": 23
    },
    "2014-06-30": {
        "Diluted EPS": 0.3,
        "Total Revenue": 227,
        "Gross Profit": 73,
        "Operating Income": 41,
        "EBIT": 68,
        "Net Income": 26
    },
    "2014-03-31": {
        "Diluted EPS": 0.16,
        "Total Revenue": 224,
        "Gross Profit": 66,
        "Operating Income": 21,
        "EBIT": 46,
        "Net Income": 14
    },
    "2013-12-31": {
        "Diluted EPS": 0.18,
        "Total Revenue": 183,
        "Gross Profit": 57,
        "Operating Income": 27,
        "EBIT": 49,
        "Net Income": 16
    },
    "2013-09-30": {
        "Diluted EPS": 0.19,
        "Total Revenue": 131,
        "Gross Profit": 46,
        "Operating Income": 26,
        "EBIT": 41,
        "Net Income": 16
    },
    "2013-06-30": {
        "Diluted EPS": 0.23,
        "Total Revenue": 134,
        "Gross Profit": 49,
        "Operating Income": 29,
        "EBIT": 47,
        "Net Income": 19
    },
    "2013-03-31": {
        "Diluted EPS": 0.23,
        "Total Revenue": 134,
        "Gross Profit": 44,
        "Operating Income": 30,
        "EBIT": 46,
        "Net Income": 20
    },
    "2012-12-31": {
        "Diluted EPS": 0.17,
        "Total Revenue": 136,
        "Gross Profit": 44,
        "Operating Income": 25,
        "EBIT": 40,
        "Net Income": 14
    },
    "2012-09-30": {
        "Diluted EPS": 0.14,
        "Total Revenue": 135,
        "Gross Profit": 44,
        "Operating Income": 20,
        "EBIT": 34,
        "Net Income": 12
    },
    "2012-06-30": {
        "Diluted EPS": 0.21,
        "Total Revenue": 140,
        "Gross Profit": 48,
        "Operating Income": 27,
        "EBIT": 42,
        "Net Income": 18
    },
    "2012-03-31": {
        "Diluted EPS": 0.19,
        "Total Revenue": 135,
        "Gross Profit": 43,
        "Operating Income": 24,
        "EBIT": 39,
        "Net Income": 17
    },
    "2011-12-31": {
        "Diluted EPS": 0.2,
        "Total Revenue": 131,
        "Gross Profit": 44,
        "Operating Income": 27,
        "EBIT": 43,
        "Net Income": 17
    },
    "2011-09-30": {
        "Diluted EPS": 0.17,
        "Total Revenue": 133,
        "Gross Profit": 44,
        "Operating Income": 25,
        "EBIT": 40,
        "Net Income": 15
    },
    "2011-06-30": {
        "Diluted EPS": 0.25,
        "Total Revenue": 137,
        "Gross Profit": 45,
        "Operating Income": 33,
        "EBIT": 47,
        "Net Income": 23
    },
    "2011-03-31": {
        "Diluted EPS": 0.16,
        "Total Revenue": 128,
        "Gross Profit": 39,
        "Operating Income": 22,
        "EBIT": 34,
        "Net Income": 15
    },
    "2010-12-31": {
        "Diluted EPS": 0.18,
        "Total Revenue": 129,
        "Gross Profit": 46,
        "Operating Income": 25,
        "EBIT": 40,
        "Net Income": 15
    },
    "2010-09-30": {
        "Diluted EPS": 0.2,
        "Total Revenue": 127,
        "Gross Profit": 46,
        "Operating Income": 29,
        "EBIT": 44,
        "Net Income": 18
    },
    "2010-06-30": {
        "Diluted EPS": 0.18,
        "Total Revenue": 127,
        "Gross Profit": 47,
        "Operating Income": 22,
        "EBIT": 37,
        "Net Income": 17
    },
    "2010-03-31": {
        "Diluted EPS": 0.13,
        "Total Revenue": 116,
        "Gross Profit": 40,
        "Operating Income": 16,
        "EBIT": 32,
        "Net Income": 12
    },
    "2009-12-31": {
        "Diluted EPS": 0.12,
        "Total Revenue": 114,
        "Gross Profit": 41,
        "Operating Income": 16,
        "EBIT": 34,
        "Net Income": 11
    },
    "2009-09-30": {
        "Diluted EPS": 0.16,
        "Total Revenue": 113,
        "Gross Profit": 39,
        "Operating Income": 22,
        "EBIT": 38,
        "Net Income": 15
    },
    "2009-06-30": {
        "Diluted EPS": 0.19,
        "Total Revenue": 117,
        "Gross Profit": 42,
        "Operating Income": 22,
        "EBIT": 35,
        "Net Income": 18
    },
    "2009-03-31": {
        "Diluted EPS": 0.15,
        "Total Revenue": 115,
        "Gross Profit": 39,
        "Operating Income": 19,
        "EBIT": 31,
        "Net Income": 14
    },
    "2023-09-30": {
        "Tax Effect Of Unusual Items": 203415.0,
        "Tax Rate For Calcs": 0.191,
        "Normalized EBITDA": 42884000.0,
        "Total Unusual Items": 1065000.0,
        "Total Unusual Items Excluding Goodwill": 1065000.0,
        "Net Income From Continuing Operation Net Minority Interest": -10703000.0,
        "Reconciled Depreciation": 51113000.0,
        "Reconciled Cost Of Revenue": 269115000.0,
        "EBITDA": 43949000.0,
        "EBIT": -7164000.0,
        "Net Interest Income": -5791000.0,
        "Interest Expense": 6067000.0,
        "Interest Income": 276000.0,
        "Normalized Income": -11564585.0,
        "Net Income From Continuing And Discontinued Operation": -10703000.0,
        "Total Expenses": 303531000.0,
        "Rent Expense Supplemental": 26674000.0,
        "Total Operating Income As Reported": -7440000.0,
        "Diluted Average Shares": 79103000.0,
        "Basic Average Shares": 79021000.0,
        "Diluted EPS": -0.14,
        "Basic EPS": -0.14,
        "Diluted NI Availto Com Stockholders": -10703000.0,
        "Net Income Common Stockholders": -10703000.0,
        "Net Income": -10703000.0,
        "Net Income Including Noncontrolling Interests": -10703000.0,
        "Net Income Continuous Operations": -10703000.0,
        "Tax Provision": -2528000.0,
        "Pretax Income": -13231000.0,
        "Other Income Expense": 1065000.0,
        "Special Income Charges": 1065000.0,
        "Gain On Sale Of Ppe": 1065000.0,
        "Net Non Operating Interest Income Expense": -5791000.0,
        "Interest Expense Non Operating": 6067000.0,
        "Interest Income Non Operating": 276000.0,
        "Operating Income": -8505000.0,
        "Operating Expense": 34416000.0,
        "Other Operating Expenses": 17190000.0,
        "Other Taxes": 5400000.0,
        "Selling General And Administration": 11826000.0,
        "General And Administrative Expense": 11826000.0,
        "Other Gand A": 2496000.0,
        "Insurance And Claims": 9330000.0,
        "Gross Profit": 25911000.0,
        "Cost Of Revenue": 269115000.0,
        "Total Revenue": 295026000.0,
        "Operating Revenue": 295026000.0
    },
    "2023-12-31": {
        "Tax Effect Of Unusual Items": 5294940.0,
        "Tax Rate For Calcs": 0.21,
        "Normalized EBITDA": 36914000.0,
        "Total Unusual Items": 25214000.0,
        "Total Unusual Items Excluding Goodwill": 25214000.0,
        "Net Income From Continuing Operation Net Minority Interest": 5095000.0,
        "Reconciled Depreciation": 51120000.0,
        "Reconciled Cost Of Revenue": 252533000.0,
        "EBITDA": 62128000.0,
        "EBIT": 11008000.0,
        "Net Interest Income": -5630000.0,
        "Interest Expense": 5933000.0,
        "Interest Income": 303000.0,
        "Normalized Income": -14824060.0,
        "Net Income From Continuing And Discontinued Operation": 5095000.0,
        "Total Expenses": 289856000.0,
        "Rent Expense Supplemental": 24464000.0,
        "Total Operating Income As Reported": 10705000.0,
        "Diluted Average Shares": 79110000.0,
        "Basic Average Shares": 79030000.0,
        "Diluted EPS": 0.06,
        "Basic EPS": 0.06,
        "Diluted NI Availto Com Stockholders": 5095000.0,
        "Net Income Common Stockholders": 5095000.0,
        "Net Income": 5095000.0,
        "Net Income Including Noncontrolling Interests": 5095000.0,
        "Net Income Continuous Operations": 5095000.0,
        "Tax Provision": -20000.0,
        "Pretax Income": 5075000.0,
        "Other Income Expense": 25214000.0,
        "Special Income Charges": 25214000.0,
        "Gain On Sale Of Ppe": 25214000.0,
        "Net Non Operating Interest Income Expense": -5630000.0,
        "Interest Expense Non Operating": 5933000.0,
        "Interest Income Non Operating": 303000.0,
        "Operating Income": -14509000.0,
        "Operating Expense": 37323000.0,
        "Other Operating Expenses": 14950000.0,
        "Other Taxes": 5404000.0,
        "Selling General And Administration": 16969000.0,
        "General And Administrative Expense": 16969000.0,
        "Other Gand A": 2457000.0,
        "Insurance And Claims": 14512000.0,
        "Gross Profit": 22814000.0,
        "Cost Of Revenue": 252533000.0,
        "Total Revenue": 275347000.0,
        "Operating Revenue": 275347000.0
    },
    "2024-03-31": {
        "Tax Effect Of Unusual Items": -19402.0,
        "Tax Rate For Calcs": 0.218,
        "Normalized EBITDA": 32576000.0,
        "Total Unusual Items": -89000.0,
        "Total Unusual Items Excluding Goodwill": -89000.0,
        "Net Income From Continuing Operation Net Minority Interest": -15108000.0,
        "Reconciled Depreciation": 46504000.0,
        "Reconciled Cost Of Revenue": 246649000.0,
        "EBITDA": 32487000.0,
        "EBIT": -14017000.0,
        "Net Interest Income": -4936000.0,
        "Interest Expense": 5302000.0,
        "Interest Income": 366000.0,
        "Normalized Income": -15038402.0,
        "Net Income From Continuing And Discontinued Operation": -15108000.0,
        "Total Expenses": 284614000.0,
        "Rent Expense Supplemental": 23863000.0,
        "Total Operating Income As Reported": -14383000.0,
        "Diluted Average Shares": 79122000.0,
        "Basic Average Shares": 79044000.0,
        "Diluted EPS": -0.19,
        "Basic EPS": -0.19,
        "Diluted NI Availto Com Stockholders": -15108000.0,
        "Net Income Common Stockholders": -15108000.0,
        "Net Income": -15108000.0,
        "Net Income Including Noncontrolling Interests": -15108000.0,
        "Net Income Continuous Operations": -15108000.0,
        "Tax Provision": -4211000.0,
        "Pretax Income": -19319000.0,
        "Other Income Expense": -89000.0,
        "Special Income Charges": -89000.0,
        "Gain On Sale Of Ppe": -89000.0,
        "Net Non Operating Interest Income Expense": -4936000.0,
        "Interest Expense Non Operating": 5302000.0,
        "Interest Income Non Operating": 366000.0,
        "Operating Income": -14294000.0,
        "Operating Expense": 37965000.0,
        "Other Operating Expenses": 15626000.0,
        "Other Taxes": 5315000.0,
        "Selling General And Administration": 17024000.0,
        "General And Administrative Expense": 17024000.0,
        "Other Gand A": 2440000.0,
        "Insurance And Claims": 14584000.0,
        "Gross Profit": 23671000.0,
        "Cost Of Revenue": 246649000.0,
        "Total Revenue": 270320000.0,
        "Operating Revenue": 270320000.0
    }
}