{
    "2023-06-30": {
        "Tax Effect Of Unusual Items": 351352.0,
        "Tax Rate For Calcs": 0.2374,
        "Total Unusual Items": 1480000.0,
        "Total Unusual Items Excluding Goodwill": 1480000.0,
        "Net Income From Continuing Operation Net Minority Interest": 49416000.0,
        "Reconciled Depreciation": 5035000.0,
        "Net Interest Income": 147132000.0,
        "Interest Expense": 88368000.0,
        "Interest Income": 235500000.0,
        "Normalized Income": 48287352.0,
        "Net Income From Continuing And Discontinued Operation": 49416000.0,
        "Diluted Average Shares": 42758000.0,
        "Basic Average Shares": 42696000.0,
        "Diluted EPS": 1.11,
        "Basic EPS": 1.11,
        "Diluted NI Availto Com Stockholders": 47404000.0,
        "Net Income Common Stockholders": 47404000.0,
        "Preferred Stock Dividends": 2012000.0,
        "Net Income": 49416000.0,
        "Net Income Including Noncontrolling Interests": 49416000.0,
        "Net Income Continuous Operations": 49416000.0,
        "Tax Provision": 15384000.0,
        "Pretax Income": 64800000.0,
        "Special Income Charges": -1892000.0,
        "Restructuring And Mergern Acquisition": 1892000.0,
        "Gain On Sale Of Security": -355000.0,
        "Depreciation Amortization Depletion Income Statement": 1715000.0,
        "Depreciation And Amortization In Income Statement": 1715000.0,
        "Amortization": 1715000.0,
        "Amortization Of Intangibles Income Statement": 1715000.0,
        "Selling General And Administration": 68186000.0,
        "Selling And Marketing Expense": 3052000.0,
        "General And Administrative Expense": 65134000.0,
        "Insurance And Claims": 3035000.0,
        "Salaries And Wages": 62099000.0,
        "Total Revenue": 182997000.0,
        "Operating Revenue": 182997000.0
    },
    "2023-03-31": {
        "Tax Effect Of Unusual Items": -627300.0,
        "Tax Rate For Calcs": 0.225,
        "Total Unusual Items": -2788000.0,
        "Total Unusual Items Excluding Goodwill": -2788000.0,
        "Net Income From Continuing Operation Net Minority Interest": 52776000.0,
        "Reconciled Depreciation": 5484000.0,
        "Net Interest Income": 152212000.0,
        "Interest Expense": 64766000.0,
        "Interest Income": 216978000.0,
        "Normalized Income": 54936700.0,
        "Net Income From Continuing And Discontinued Operation": 52776000.0,
        "Diluted Average Shares": 42743000.0,
        "Basic Average Shares": 42615000.0,
        "Diluted EPS": 1.19,
        "Basic EPS": 1.19,
        "Diluted NI Availto Com Stockholders": 50763000.0,
        "Net Income Common Stockholders": 50763000.0,
        "Preferred Stock Dividends": 2013000.0,
        "Net Income": 52776000.0,
        "Net Income Including Noncontrolling Interests": 52776000.0,
        "Net Income Continuous Operations": 52776000.0,
        "Tax Provision": 15318000.0,
        "Pretax Income": 68094000.0,
        "Special Income Charges": -1673000.0,
        "Restructuring And Mergern Acquisition": 1673000.0,
        "Gain On Sale Of Security": -911000.0,
        "Depreciation Amortization Depletion Income Statement": 1788000.0,
        "Depreciation And Amortization In Income Statement": 1788000.0,
        "Amortization": 1788000.0,
        "Amortization Of Intangibles Income Statement": 1788000.0,
        "Selling General And Administration": 64134000.0,
        "Selling And Marketing Expense": 1985000.0,
        "General And Administrative Expense": 62149000.0,
        "Insurance And Claims": NaN,
        "Salaries And Wages": 62149000.0,
        "Total Revenue": 181096000.0,
        "Operating Revenue": 181096000.0
    },
    "2022-12-31": {
        "Tax Effect Of Unusual Items": -902411.583322,
        "Tax Rate For Calcs": 0.186835,
        "Total Unusual Items": -4830000.0,
        "Total Unusual Items Excluding Goodwill": -4830000.0,
        "Net Income From Continuing Operation Net Minority Interest": 60654000.0,
        "Reconciled Depreciation": 5721000.0,
        "Net Interest Income": 165220000.0,
        "Interest Expense": 39481000.0,
        "Interest Income": 204701000.0,
        "Normalized Income": 64581588.416678,
        "Net Income From Continuing And Discontinued Operation": 60654000.0,
        "Diluted Average Shares": 42699752.0,
        "Basic Average Shares": 42467394.0,
        "Diluted EPS": 1.37,
        "Basic EPS": 1.380871,
        "Diluted NI Availto Com Stockholders": 58642000.0,
        "Net Income Common Stockholders": 58642000.0,
        "Preferred Stock Dividends": 2012000.0,
        "Net Income": 60654000.0,
        "Net Income Including Noncontrolling Interests": 60654000.0,
        "Net Income Continuous Operations": 60654000.0,
        "Tax Provision": 13936000.0,
        "Pretax Income": 74590000.0,
        "Special Income Charges": -2442000.0,
        "Restructuring And Mergern Acquisition": 2442000.0,
        "Gain On Sale Of Security": -160000.0,
        "Depreciation Amortization Depletion Income Statement": 1841000.0,
        "Depreciation And Amortization In Income Statement": 1841000.0,
        "Amortization": 1841000.0,
        "Amortization Of Intangibles Income Statement": 1841000.0,
        "Selling General And Administration": 63440000.0,
        "Selling And Marketing Expense": 1829000.0,
        "General And Administrative Expense": 61611000.0,
        "Insurance And Claims": NaN,
        "Salaries And Wages": 61611000.0,
        "Total Revenue": 192807000.0,
        "Operating Revenue": 192807000.0
    },
    "2022-09-30": {
        "Tax Effect Of Unusual Items": -380428.5,
        "Tax Rate For Calcs": 0.1997,
        "Total Unusual Items": -1905000.0,
        "Total Unusual Items Excluding Goodwill": -1905000.0,
        "Net Income From Continuing Operation Net Minority Interest": 56564000.0,
        "Reconciled Depreciation": 1856000.0,
        "Net Interest Income": 155876000.0,
        "Interest Expense": 19930000.0,
        "Interest Income": 175806000.0,
        "Normalized Income": 58088571.5,
        "Net Income From Continuing And Discontinued Operation": 56564000.0,
        "Diluted Average Shares": 42643940.0,
        "Basic Average Shares": 42444106.0,
        "Diluted EPS": 1.28,
        "Basic EPS": 1.285243,
        "Diluted NI Availto Com Stockholders": 54551000.0,
        "Net Income Common Stockholders": 54551000.0,
        "Preferred Stock Dividends": 2013000.0,
        "Net Income": 56564000.0,
        "Net Income Including Noncontrolling Interests": 56564000.0,
        "Net Income Continuous Operations": 56564000.0,
        "Tax Provision": 14118000.0,
        "Pretax Income": 70682000.0,
        "Special Income Charges": -2156000.0,
        "Restructuring And Mergern Acquisition": 2156000.0,
        "Gain On Sale Of Security": -1266000.0,
        "Depreciation Amortization Depletion Income Statement": 1856000.0,
        "Depreciation And Amortization In Income Statement": 1856000.0,
        "Amortization": 1856000.0,
        "Amortization Of Intangibles Income Statement": 1856000.0,
        "Selling General And Administration": 64215000.0,
        "Selling And Marketing Expense": 1554000.0,
        "General And Administrative Expense": 62661000.0,
        "Insurance And Claims": NaN,
        "Salaries And Wages": 62661000.0,
        "Total Revenue": 185308000.0,
        "Operating Revenue": 185308000.0
    },
    "2022-06-30": {
        "Tax Effect Of Unusual Items": 187240.2,
        "Tax Rate For Calcs": 0.2289,
        "Total Unusual Items": 818000.0,
        "Total Unusual Items Excluding Goodwill": 818000.0,
        "Net Income From Continuing Operation Net Minority Interest": 51873000.0,
        "Reconciled Depreciation": 2083000.0,
        "Net Interest Income": 142461000.0,
        "Interest Expense": 10426000.0,
        "Interest Income": 152887000.0,
        "Normalized Income": 51242240.2,
        "Net Income From Continuing And Discontinued Operation": 51873000.0,
        "Diluted Average Shares": 42566000.0,
        "Basic Average Shares": 42475000.0,
        "Diluted EPS": 1.17,
        "Basic EPS": 1.17,
        "Diluted NI Availto Com Stockholders": 49861000.0,
        "Net Income Common Stockholders": 49861000.0,
        "Preferred Stock Dividends": 2012000.0,
        "Net Income": 51873000.0,
        "Net Income Including Noncontrolling Interests": 51873000.0,
        "Net Income Continuous Operations": 51873000.0,
        "Tax Provision": 15402000.0,
        "Pretax Income": 67275000.0,
        "Special Income Charges": -2412000.0,
        "Restructuring And Mergern Acquisition": 2412000.0,
        "Gain On Sale Of Security": -2210000.0,
        "Depreciation Amortization Depletion Income Statement": 2083000.0,
        "Depreciation And Amortization In Income Statement": 2083000.0,
        "Amortization": 2083000.0,
        "Amortization Of Intangibles Income Statement": 2083000.0,
        "Selling General And Administration": 65315000.0,
        "Selling And Marketing Expense": 1283000.0,
        "General And Administrative Expense": 64032000.0,
        "Insurance And Claims": NaN,
        "Salaries And Wages": 64032000.0,
        "Total Revenue": 180230000.0,
        "Operating Revenue": 180230000.0
    },
    "2022-03-31": {
        "Diluted EPS": 0.97,
        "Total Revenue": 176,
        "Gross Profit": 169,
        "Operating Income": 56,
        "EBIT": NaN,
        "Net Income": 41
    },
    "2021-12-31": {
        "Diluted EPS": 1.12,
        "Total Revenue": 177,
        "Gross Profit": 170,
        "Operating Income": 62,
        "EBIT": NaN,
        "Net Income": 48
    },
    "2021-09-30": {
        "Diluted EPS": 1.27,
        "Total Revenue": 182,
        "Gross Profit": 175,
        "Operating Income": 69,
        "EBIT": NaN,
        "Net Income": 54
    },
    "2021-06-30": {
        "Diluted EPS": 1.41,
        "Total Revenue": 181,
        "Gross Profit": 174,
        "Operating Income": 78,
        "EBIT": NaN,
        "Net Income": 60
    },
    "2021-03-31": {
        "Diluted EPS": 1.2,
        "Total Revenue": 178,
        "Gross Profit": 170,
        "Operating Income": 71,
        "EBIT": NaN,
        "Net Income": 51
    },
    "2020-12-31": {
        "Diluted EPS": 0.98,
        "Total Revenue": 173,
        "Gross Profit": 165,
        "Operating Income": 51,
        "EBIT": NaN,
        "Net Income": 38
    },
    "2020-09-30": {
        "Diluted EPS": 1.23,
        "Total Revenue": 162,
        "Gross Profit": 154,
        "Operating Income": 63,
        "EBIT": NaN,
        "Net Income": 46
    },
    "2020-06-30": {
        "Diluted EPS": 0.82,
        "Total Revenue": 164,
        "Gross Profit": 155,
        "Operating Income": 38,
        "EBIT": NaN,
        "Net Income": 30
    },
    "2020-03-31": {
        "Diluted EPS": 0.54,
        "Total Revenue": 157,
        "Gross Profit": 138,
        "Operating Income": 27,
        "EBIT": NaN,
        "Net Income": 20
    },
    "2019-12-31": {
        "Diluted EPS": 1.03,
        "Total Revenue": 161,
        "Gross Profit": 141,
        "Operating Income": 44,
        "EBIT": NaN,
        "Net Income": 38
    },
    "2019-09-30": {
        "Diluted EPS": 0.94,
        "Total Revenue": 163,
        "Gross Profit": 141,
        "Operating Income": 44,
        "EBIT": NaN,
        "Net Income": 35
    },
    "2019-06-30": {
        "Diluted EPS": 1.26,
        "Total Revenue": 159,
        "Gross Profit": 139,
        "Operating Income": 60,
        "EBIT": NaN,
        "Net Income": 45
    },
    "2019-03-31": {
        "Diluted EPS": 0.91,
        "Total Revenue": 147,
        "Gross Profit": 130,
        "Operating Income": 43,
        "EBIT": NaN,
        "Net Income": 31
    },
    "2018-12-31": {
        "Diluted EPS": 0.94,
        "Total Revenue": 153,
        "Gross Profit": 137,
        "Operating Income": 44,
        "EBIT": NaN,
        "Net Income": 32
    },
    "2018-09-30": {
        "Diluted EPS": 0.97,
        "Total Revenue": 155,
        "Gross Profit": 140,
        "Operating Income": 43,
        "EBIT": NaN,
        "Net Income": 34
    },
    "2018-06-30": {
        "Diluted EPS": 0.85,
        "Total Revenue": 141,
        "Gross Profit": 129,
        "Operating Income": 35,
        "EBIT": NaN,
        "Net Income": 28
    },
    "2018-03-31": {
        "Diluted EPS": 0.76,
        "Total Revenue": 126,
        "Gross Profit": 116,
        "Operating Income": 31,
        "EBIT": NaN,
        "Net Income": 23
    },
    "2017-12-31": {
        "Diluted EPS": 0.44,
        "Total Revenue": 128,
        "Gross Profit": 118,
        "Operating Income": 33,
        "EBIT": NaN,
        "Net Income": 14
    },
    "2017-09-30": {
        "Diluted EPS": 0.72,
        "Total Revenue": 124,
        "Gross Profit": 115,
        "Operating Income": 30,
        "EBIT": NaN,
        "Net Income": 22
    },
    "2017-06-30": {
        "Diluted EPS": 0.81,
        "Total Revenue": 108,
        "Gross Profit": 100,
        "Operating Income": 30,
        "EBIT": NaN,
        "Net Income": 22
    },
    "2017-03-31": {
        "Diluted EPS": 0.68,
        "Total Revenue": 106,
        "Gross Profit": 99,
        "Operating Income": 24,
        "EBIT": NaN,
        "Net Income": 18
    },
    "2016-12-31": {
        "Diluted EPS": 0.75,
        "Total Revenue": 107,
        "Gross Profit": 100,
        "Operating Income": 28,
        "EBIT": NaN,
        "Net Income": 19
    },
    "2016-09-30": {
        "Diluted EPS": 0.81,
        "Total Revenue": 110,
        "Gross Profit": 102,
        "Operating Income": 28,
        "EBIT": NaN,
        "Net Income": 20
    },
    "2016-06-30": {
        "Diluted EPS": 0.84,
        "Total Revenue": 112,
        "Gross Profit": 104,
        "Operating Income": 31,
        "EBIT": NaN,
        "Net Income": 21
    },
    "2016-03-31": {
        "Diluted EPS": 0.82,
        "Total Revenue": 110,
        "Gross Profit": 102,
        "Operating Income": 30,
        "EBIT": NaN,
        "Net Income": 20
    },
    "2015-12-31": {
        "Diluted EPS": 0.66,
        "Total Revenue": 95,
        "Gross Profit": 87,
        "Operating Income": 19,
        "EBIT": NaN,
        "Net Income": 14
    },
    "2015-09-30": {
        "Diluted EPS": 0.69,
        "Total Revenue": 92,
        "Gross Profit": 85,
        "Operating Income": 20,
        "EBIT": NaN,
        "Net Income": 14
    },
    "2015-06-30": {
        "Diluted EPS": 0.72,
        "Total Revenue": 96,
        "Gross Profit": 88,
        "Operating Income": 19,
        "EBIT": NaN,
        "Net Income": 15
    },
    "2015-03-31": {
        "Diluted EPS": 0.76,
        "Total Revenue": 94,
        "Gross Profit": 85,
        "Operating Income": 23,
        "EBIT": NaN,
        "Net Income": 16
    },
    "2014-12-31": {
        "Diluted EPS": 0.64,
        "Total Revenue": 82,
        "Gross Profit": 73,
        "Operating Income": 17,
        "EBIT": NaN,
        "Net Income": 12
    },
    "2014-09-30": {
        "Diluted EPS": 0.63,
        "Total Revenue": 81,
        "Gross Profit": 72,
        "Operating Income": 15,
        "EBIT": NaN,
        "Net Income": 12
    },
    "2014-06-30": {
        "Diluted EPS": 0.56,
        "Total Revenue": 81,
        "Gross Profit": 72,
        "Operating Income": 15,
        "EBIT": NaN,
        "Net Income": 11
    },
    "2014-03-31": {
        "Diluted EPS": 0.36,
        "Total Revenue": 76,
        "Gross Profit": 67,
        "Operating Income": 9,
        "EBIT": NaN,
        "Net Income": 7
    },
    "2013-12-31": {
        "Diluted EPS": 0.42,
        "Total Revenue": 76,
        "Gross Profit": 66,
        "Operating Income": 8,
        "EBIT": NaN,
        "Net Income": 8
    },
    "2013-09-30": {
        "Diluted EPS": 0.38,
        "Total Revenue": 69,
        "Gross Profit": 60,
        "Operating Income": 8,
        "EBIT": NaN,
        "Net Income": 7
    },
    "2013-06-30": {
        "Diluted EPS": 0.54,
        "Total Revenue": 71,
        "Gross Profit": 62,
        "Operating Income": 13,
        "EBIT": NaN,
        "Net Income": 9
    },
    "2013-03-31": {
        "Diluted EPS": 0.7,
        "Total Revenue": 74,
        "Gross Profit": 65,
        "Operating Income": 18,
        "EBIT": NaN,
        "Net Income": 12
    },
    "2012-12-31": {
        "Diluted EPS": 0.54,
        "Total Revenue": 75,
        "Gross Profit": 65,
        "Operating Income": 7,
        "EBIT": NaN,
        "Net Income": 9
    },
    "2012-09-30": {
        "Diluted EPS": 0.75,
        "Total Revenue": 76,
        "Gross Profit": 67,
        "Operating Income": 20,
        "EBIT": NaN,
        "Net Income": 13
    },
    "2012-06-30": {
        "Diluted EPS": 0.77,
        "Total Revenue": 75,
        "Gross Profit": 65,
        "Operating Income": 21,
        "EBIT": NaN,
        "Net Income": 13
    },
    "2012-03-31": {
        "Diluted EPS": 0.71,
        "Total Revenue": 72,
        "Gross Profit": 62,
        "Operating Income": 19,
        "EBIT": NaN,
        "Net Income": 12
    },
    "2011-12-31": {
        "Diluted EPS": 0.31,
        "Total Revenue": 67,
        "Gross Profit": 56,
        "Operating Income": 8,
        "EBIT": NaN,
        "Net Income": 5
    },
    "2011-09-30": {
        "Diluted EPS": 0.2,
        "Total Revenue": 61,
        "Gross Profit": 49,
        "Operating Income": 10,
        "EBIT": NaN,
        "Net Income": 3
    },
    "2011-06-30": {
        "Diluted EPS": 0.54,
        "Total Revenue": 63,
        "Gross Profit": 51,
        "Operating Income": 15,
        "EBIT": NaN,
        "Net Income": 9
    },
    "2011-03-31": {
        "Diluted EPS": 0.18,
        "Total Revenue": 61,
        "Gross Profit": 48,
        "Operating Income": 5,
        "EBIT": NaN,
        "Net Income": 3
    },
    "2010-12-31": {
        "Diluted EPS": 0.32,
        "Total Revenue": 67,
        "Gross Profit": 54,
        "Operating Income": 8,
        "EBIT": NaN,
        "Net Income": 5
    },
    "2010-09-30": {
        "Diluted EPS": 0.34,
        "Total Revenue": 63,
        "Gross Profit": 49,
        "Operating Income": 11,
        "EBIT": NaN,
        "Net Income": 6
    },
    "2010-06-30": {
        "Diluted EPS": 0.23,
        "Total Revenue": 61,
        "Gross Profit": 47,
        "Operating Income": 7,
        "EBIT": NaN,
        "Net Income": 4
    },
    "2010-03-31": {
        "Diluted EPS": 0.24,
        "Total Revenue": 60,
        "Gross Profit": 45,
        "Operating Income": 7,
        "EBIT": NaN,
        "Net Income": 4
    },
    "2009-12-31": {
        "Diluted EPS": -0.56,
        "Total Revenue": 65,
        "Gross Profit": 48,
        "Operating Income": -6,
        "EBIT": NaN,
        "Net Income": -9
    },
    "2009-09-30": {
        "Diluted EPS": 0.13,
        "Total Revenue": 64,
        "Gross Profit": 46,
        "Operating Income": 4,
        "EBIT": NaN,
        "Net Income": 2
    },
    "2009-06-30": {
        "Diluted EPS": 0.21,
        "Total Revenue": 65,
        "Gross Profit": 47,
        "Operating Income": 7,
        "EBIT": NaN,
        "Net Income": 3
    },
    "2009-03-31": {
        "Diluted EPS": 0.29,
        "Total Revenue": 63,
        "Gross Profit": 44,
        "Operating Income": 9,
        "EBIT": NaN,
        "Net Income": 5
    },
    "2023-09-30": {
        "Tax Effect Of Unusual Items": -555349.3,
        "Tax Rate For Calcs": 0.2189,
        "Total Unusual Items": -2537000.0,
        "Total Unusual Items Excluding Goodwill": -2537000.0,
        "Net Income From Continuing Operation Net Minority Interest": 48091000.0,
        "Reconciled Depreciation": 4948000.0,
        "Net Interest Income": 145756000.0,
        "Interest Expense": 99676000.0,
        "Interest Income": 245432000.0,
        "Normalized Income": 50072650.7,
        "Net Income From Continuing And Discontinued Operation": 48091000.0,
        "Diluted Average Shares": 42813000.0,
        "Basic Average Shares": 42761000.0,
        "Diluted EPS": 1.08,
        "Basic EPS": 1.08,
        "Diluted NI Availto Com Stockholders": 46078000.0,
        "Net Income Common Stockholders": 46078000.0,
        "Preferred Stock Dividends": 2013000.0,
        "Net Income": 48091000.0,
        "Net Income Including Noncontrolling Interests": 48091000.0,
        "Net Income Continuous Operations": 48091000.0,
        "Tax Provision": 13479000.0,
        "Pretax Income": 61570000.0,
        "Special Income Charges": -2429000.0,
        "Restructuring And Mergern Acquisition": 2429000.0,
        "Gain On Sale Of Security": -101000.0,
        "Depreciation Amortization Depletion Income Statement": 1625000.0,
        "Depreciation And Amortization In Income Statement": 1625000.0,
        "Amortization": 1625000.0,
        "Amortization Of Intangibles Income Statement": 1625000.0,
        "Selling General And Administration": 67208000.0,
        "Selling And Marketing Expense": 1633000.0,
        "General And Administrative Expense": 65575000.0,
        "Insurance And Claims": 3313000.0,
        "Salaries And Wages": 62262000.0,
        "Total Revenue": 174031000.0,
        "Operating Revenue": 174031000.0
    }
}