{
    "2023-03-31": {
        "Tax Effect Of Unusual Items": -5999700.0,
        "Tax Rate For Calcs": 0.21,
        "Normalized EBITDA": 11768000.0,
        "Total Unusual Items": -28570000.0,
        "Total Unusual Items Excluding Goodwill": -28570000.0,
        "Net Income From Continuing Operation Net Minority Interest": -36720000.0,
        "Reconciled Depreciation": 16570000.0,
        "Reconciled Cost Of Revenue": 80329000.0,
        "EBITDA": -16802000.0,
        "EBIT": -33372000.0,
        "Net Interest Income": 9542000.0,
        "Interest Expense": 930000.0,
        "Interest Income": 10472000.0,
        "Normalized Income": -14149700.0,
        "Net Income From Continuing And Discontinued Operation": -36720000.0,
        "Total Expenses": 516100000.0,
        "Total Operating Income As Reported": -43050000.0,
        "Diluted Average Shares": 49395000.0,
        "Basic Average Shares": 49395000.0,
        "Diluted EPS": -0.74,
        "Basic EPS": -0.74,
        "Diluted NI Availto Com Stockholders": -36720000.0,
        "Net Income Common Stockholders": -36720000.0,
        "Net Income": -36720000.0,
        "Net Income Including Noncontrolling Interests": -36720000.0,
        "Net Income Continuous Operations": -36720000.0,
        "Tax Provision": 2418000.0,
        "Pretax Income": -34302000.0,
        "Other Income Expense": -29364000.0,
        "Other Non Operating Income Expenses": -794000.0,
        "Special Income Charges": -28570000.0,
        "Restructuring And Mergern Acquisition": 28570000.0,
        "Net Non Operating Interest Income Expense": 9542000.0,
        "Interest Expense Non Operating": 930000.0,
        "Interest Income Non Operating": 10472000.0,
        "Operating Income": -14480000.0,
        "Operating Expense": 435771000.0,
        "Research And Development": 127683000.0,
        "Selling General And Administration": 308088000.0,
        "Selling And Marketing Expense": 250683000.0,
        "General And Administrative Expense": 57405000.0,
        "Other Gand A": 57405000.0,
        "Gross Profit": 421291000.0,
        "Cost Of Revenue": 80329000.0,
        "Total Revenue": 501620000.0,
        "Operating Revenue": 501620000.0
    },
    "2022-12-31": {
        "Tax Effect Of Unusual Items": 0.0,
        "Tax Rate For Calcs": 0.21,
        "Normalized EBITDA": 3573000.0,
        "Total Unusual Items": NaN,
        "Total Unusual Items Excluding Goodwill": NaN,
        "Net Income From Continuing Operation Net Minority Interest": -15636000.0,
        "Reconciled Depreciation": 15525000.0,
        "Reconciled Cost Of Revenue": 80261000.0,
        "EBITDA": 3573000.0,
        "EBIT": -11952000.0,
        "Net Interest Income": 6838000.0,
        "Interest Expense": 940000.0,
        "Interest Income": 7778000.0,
        "Normalized Income": -15636000.0,
        "Net Income From Continuing And Discontinued Operation": -15636000.0,
        "Total Expenses": 483140000.0,
        "Total Operating Income As Reported": -13484000.0,
        "Diluted Average Shares": 48787000.0,
        "Basic Average Shares": 48787000.0,
        "Diluted EPS": -0.32,
        "Basic EPS": -0.32,
        "Diluted NI Availto Com Stockholders": -15636000.0,
        "Net Income Common Stockholders": -15636000.0,
        "Net Income": -15636000.0,
        "Net Income Including Noncontrolling Interests": -15636000.0,
        "Net Income Continuous Operations": -15636000.0,
        "Tax Provision": 2744000.0,
        "Pretax Income": -12892000.0,
        "Other Income Expense": -6246000.0,
        "Other Non Operating Income Expenses": -6246000.0,
        "Special Income Charges": NaN,
        "Restructuring And Mergern Acquisition": NaN,
        "Net Non Operating Interest Income Expense": 6838000.0,
        "Interest Expense Non Operating": 940000.0,
        "Interest Income Non Operating": 7778000.0,
        "Operating Income": -13484000.0,
        "Operating Expense": 402879000.0,
        "Research And Development": 116335000.0,
        "Selling General And Administration": 286544000.0,
        "Selling And Marketing Expense": 235133000.0,
        "General And Administrative Expense": 51411000.0,
        "Other Gand A": 51411000.0,
        "Gross Profit": 389395000.0,
        "Cost Of Revenue": 80261000.0,
        "Total Revenue": 469656000.0,
        "Operating Revenue": 469656000.0
    },
    "2022-09-30": {
        "Tax Effect Of Unusual Items": 0.0,
        "Tax Rate For Calcs": 0.4,
        "Normalized EBITDA": -13178000.0,
        "Total Unusual Items": NaN,
        "Total Unusual Items Excluding Goodwill": NaN,
        "Net Income From Continuing Operation Net Minority Interest": -31411000.0,
        "Reconciled Depreciation": 15562000.0,
        "Reconciled Cost Of Revenue": 82127000.0,
        "EBITDA": -13178000.0,
        "EBIT": -28740000.0,
        "Net Interest Income": 3735000.0,
        "Interest Expense": 923000.0,
        "Interest Income": 4658000.0,
        "Normalized Income": -31411000.0,
        "Net Income From Continuing And Discontinued Operation": -31411000.0,
        "Total Expenses": 476171000.0,
        "Total Operating Income As Reported": -32213000.0,
        "Diluted Average Shares": 48067000.0,
        "Basic Average Shares": 48067000.0,
        "Diluted EPS": -0.65,
        "Basic EPS": -0.65,
        "Diluted NI Availto Com Stockholders": -31411000.0,
        "Net Income Common Stockholders": -31411000.0,
        "Net Income": -31411000.0,
        "Net Income Including Noncontrolling Interests": -31411000.0,
        "Net Income Continuous Operations": -31411000.0,
        "Tax Provision": 1748000.0,
        "Pretax Income": -29663000.0,
        "Other Income Expense": -1185000.0,
        "Other Non Operating Income Expenses": -1185000.0,
        "Special Income Charges": NaN,
        "Restructuring And Mergern Acquisition": NaN,
        "Net Non Operating Interest Income Expense": 3735000.0,
        "Interest Expense Non Operating": 923000.0,
        "Interest Income Non Operating": 4658000.0,
        "Operating Income": -32213000.0,
        "Operating Expense": 394044000.0,
        "Research And Development": 114038000.0,
        "Selling General And Administration": 280006000.0,
        "Selling And Marketing Expense": 229541000.0,
        "General And Administrative Expense": 50465000.0,
        "Other Gand A": 50465000.0,
        "Gross Profit": 361831000.0,
        "Cost Of Revenue": 82127000.0,
        "Total Revenue": 443958000.0,
        "Operating Revenue": 443958000.0
    },
    "2022-06-30": {
        "Tax Effect Of Unusual Items": 0.0,
        "Tax Rate For Calcs": 0.4,
        "Normalized EBITDA": -39026000.0,
        "Total Unusual Items": NaN,
        "Total Unusual Items Excluding Goodwill": NaN,
        "Net Income From Continuing Operation Net Minority Interest": -56361000.0,
        "Reconciled Depreciation": 14265000.0,
        "Reconciled Cost Of Revenue": 78931000.0,
        "EBITDA": -39026000.0,
        "EBIT": -53291000.0,
        "Net Interest Income": 1101000.0,
        "Interest Expense": 949000.0,
        "Interest Income": 2050000.0,
        "Normalized Income": -56361000.0,
        "Net Income From Continuing And Discontinued Operation": -56361000.0,
        "Total Expenses": 474005000.0,
        "Total Operating Income As Reported": -52250000.0,
        "Diluted Average Shares": 47815000.0,
        "Basic Average Shares": 47815000.0,
        "Diluted EPS": -1.18,
        "Basic EPS": -1.18,
        "Diluted NI Availto Com Stockholders": -56361000.0,
        "Net Income Common Stockholders": -56361000.0,
        "Net Income": -56361000.0,
        "Net Income Including Noncontrolling Interests": -56361000.0,
        "Net Income Continuous Operations": -56361000.0,
        "Tax Provision": 2121000.0,
        "Pretax Income": -54240000.0,
        "Other Income Expense": -3091000.0,
        "Other Non Operating Income Expenses": -3091000.0,
        "Special Income Charges": NaN,
        "Restructuring And Mergern Acquisition": NaN,
        "Net Non Operating Interest Income Expense": 1101000.0,
        "Interest Expense Non Operating": 949000.0,
        "Interest Income Non Operating": 2050000.0,
        "Operating Income": -52250000.0,
        "Operating Expense": 395074000.0,
        "Research And Development": 118914000.0,
        "Selling General And Administration": 276160000.0,
        "Selling And Marketing Expense": 224262000.0,
        "General And Administrative Expense": 51898000.0,
        "Other Gand A": 51898000.0,
        "Gross Profit": 342824000.0,
        "Cost Of Revenue": 78931000.0,
        "Total Revenue": 421755000.0,
        "Operating Revenue": 421755000.0
    },
    "2023-06-30": {
        "Tax Effect Of Unusual Items": -13414800.0,
        "Tax Rate For Calcs": 0.21,
        "Normalized EBITDA": -24318000.0,
        "Total Unusual Items": -63880000.0,
        "Total Unusual Items Excluding Goodwill": -63880000.0,
        "Net Income From Continuing Operation Net Minority Interest": -118946000.0,
        "Reconciled Depreciation": 16429000.0,
        "Reconciled Cost Of Revenue": 87286000.0,
        "EBITDA": -88198000.0,
        "EBIT": -104627000.0,
        "Net Interest Income": 12605000.0,
        "Interest Expense": 937000.0,
        "Interest Income": 13542000.0,
        "Normalized Income": -68480800.0,
        "Net Income From Continuing And Discontinued Operation": -118946000.0,
        "Total Expenses": 583757000.0,
        "Total Operating Income As Reported": -118499000.0,
        "Diluted Average Shares": 49703000.0,
        "Basic Average Shares": 49703000.0,
        "Diluted EPS": -2.39,
        "Basic EPS": -2.39,
        "Diluted NI Availto Com Stockholders": -118946000.0,
        "Net Income Common Stockholders": -118946000.0,
        "Net Income": -118946000.0,
        "Net Income Including Noncontrolling Interests": -118946000.0,
        "Net Income Continuous Operations": -118946000.0,
        "Tax Provision": 13382000.0,
        "Pretax Income": -105564000.0,
        "Other Income Expense": -63550000.0,
        "Other Non Operating Income Expenses": 330000.0,
        "Special Income Charges": -63880000.0,
        "Restructuring And Mergern Acquisition": 63880000.0,
        "Net Non Operating Interest Income Expense": 12605000.0,
        "Interest Expense Non Operating": 937000.0,
        "Interest Income Non Operating": 13542000.0,
        "Operating Income": -54619000.0,
        "Operating Expense": 496471000.0,
        "Research And Development": 169955000.0,
        "Selling General And Administration": 326516000.0,
        "Selling And Marketing Expense": 265294000.0,
        "General And Administrative Expense": 61222000.0,
        "Other Gand A": 61222000.0,
        "Gross Profit": 441852000.0,
        "Cost Of Revenue": 87286000.0,
        "Total Revenue": 529138000.0,
        "Operating Revenue": 529138000.0
    },
    "2022-03-31": {
        "Diluted EPS": -0.2,
        "Total Revenue": 396,
        "Gross Profit": 323,
        "Operating Income": -11,
        "EBIT": 3,
        "Net Income": -9
    },
    "2021-12-31": {
        "Diluted EPS": -0.34,
        "Total Revenue": 369,
        "Gross Profit": 298,
        "Operating Income": -8,
        "EBIT": 13,
        "Net Income": -16
    },
    "2021-09-30": {
        "Diluted EPS": -0.29,
        "Total Revenue": 339,
        "Gross Profit": 270,
        "Operating Income": -15,
        "EBIT": 0,
        "Net Income": -14
    },
    "2021-06-30": {
        "Diluted EPS": -0.53,
        "Total Revenue": 311,
        "Gross Profit": 248,
        "Operating Income": -17,
        "EBIT": 1,
        "Net Income": -25
    },
    "2021-03-31": {
        "Diluted EPS": -0.5,
        "Total Revenue": 281,
        "Gross Profit": 227,
        "Operating Income": -15,
        "EBIT": 3,
        "Net Income": -23
    },
    "2020-12-31": {
        "Diluted EPS": -0.33,
        "Total Revenue": 252,
        "Gross Profit": 205,
        "Operating Income": -8,
        "EBIT": 9,
        "Net Income": -15
    },
    "2020-09-30": {
        "Diluted EPS": -0.49,
        "Total Revenue": 228,
        "Gross Profit": 186,
        "Operating Income": -15,
        "EBIT": 0,
        "Net Income": -22
    },
    "2020-06-30": {
        "Diluted EPS": -0.67,
        "Total Revenue": 204,
        "Gross Profit": 165,
        "Operating Income": -14,
        "EBIT": 0,
        "Net Income": -29
    },
    "2020-03-31": {
        "Diluted EPS": -0.41,
        "Total Revenue": 199,
        "Gross Profit": 161,
        "Operating Income": -14,
        "EBIT": -2,
        "Net Income": -18
    },
    "2019-12-31": {
        "Diluted EPS": -0.25,
        "Total Revenue": 186,
        "Gross Profit": 150,
        "Operating Income": -8,
        "EBIT": 2,
        "Net Income": -10
    },
    "2019-09-30": {
        "Diluted EPS": -0.35,
        "Total Revenue": 174,
        "Gross Profit": 140,
        "Operating Income": -14,
        "EBIT": -5,
        "Net Income": -15
    },
    "2019-06-30": {
        "Diluted EPS": -0.41,
        "Total Revenue": 163,
        "Gross Profit": 132,
        "Operating Income": -16,
        "EBIT": -7,
        "Net Income": -17
    },
    "2019-03-31": {
        "Diluted EPS": -0.27,
        "Total Revenue": 152,
        "Gross Profit": 122,
        "Operating Income": -9,
        "EBIT": 0,
        "Net Income": -11
    },
    "2018-12-31": {
        "Diluted EPS": -0.29,
        "Total Revenue": 144,
        "Gross Profit": 117,
        "Operating Income": -8,
        "EBIT": 2,
        "Net Income": -11
    },
    "2018-09-30": {
        "Diluted EPS": -0.48,
        "Total Revenue": 132,
        "Gross Profit": 106,
        "Operating Income": -15,
        "EBIT": -6,
        "Net Income": -19
    },
    "2018-06-30": {
        "Diluted EPS": -0.48,
        "Total Revenue": 123,
        "Gross Profit": 98,
        "Operating Income": -14,
        "EBIT": -5,
        "Net Income": -18
    },
    "2018-03-31": {
        "Diluted EPS": -0.41,
        "Total Revenue": 115,
        "Gross Profit": 92,
        "Operating Income": -11,
        "EBIT": -2,
        "Net Income": -15
    },
    "2017-12-31": {
        "Diluted EPS": -0.31,
        "Total Revenue": 107,
        "Gross Profit": 85,
        "Operating Income": -9,
        "EBIT": -1,
        "Net Income": -12
    },
    "2017-09-30": {
        "Diluted EPS": -0.29,
        "Total Revenue": 98,
        "Gross Profit": 79,
        "Operating Income": -12,
        "EBIT": -4,
        "Net Income": -11
    },
    "2017-06-30": {
        "Diluted EPS": -0.26,
        "Total Revenue": 89,
        "Gross Profit": 71,
        "Operating Income": -11,
        "EBIT": -4,
        "Net Income": -10
    },
    "2017-03-31": {
        "Diluted EPS": -0.22,
        "Total Revenue": 82,
        "Gross Profit": 65,
        "Operating Income": -8,
        "EBIT": -5,
        "Net Income": -8
    },
    "2016-12-31": {
        "Diluted EPS": -0.38,
        "Total Revenue": 76,
        "Gross Profit": 60,
        "Operating Income": -14,
        "EBIT": -11,
        "Net Income": -14
    },
    "2016-09-30": {
        "Diluted EPS": -0.3,
        "Total Revenue": 71,
        "Gross Profit": 55,
        "Operating Income": -10,
        "EBIT": -7,
        "Net Income": -11
    },
    "2016-06-30": {
        "Diluted EPS": -0.32,
        "Total Revenue": 65,
        "Gross Profit": 50,
        "Operating Income": -11,
        "EBIT": -8,
        "Net Income": -11
    },
    "2016-03-31": {
        "Diluted EPS": -0.29,
        "Total Revenue": 59,
        "Gross Profit": 45,
        "Operating Income": -10,
        "EBIT": -7,
        "Net Income": -10
    },
    "2015-12-31": {
        "Diluted EPS": -0.31,
        "Total Revenue": 53,
        "Gross Profit": 39,
        "Operating Income": -10,
        "EBIT": -8,
        "Net Income": -10
    },
    "2015-09-30": {
        "Diluted EPS": -0.4,
        "Total Revenue": 48,
        "Gross Profit": 35,
        "Operating Income": -13,
        "EBIT": -11,
        "Net Income": -14
    },
    "2015-06-30": {
        "Diluted EPS": -0.34,
        "Total Revenue": 43,
        "Gross Profit": 32,
        "Operating Income": -11,
        "EBIT": -9,
        "Net Income": -11
    },
    "2015-03-31": {
        "Diluted EPS": -0.34,
        "Total Revenue": 38,
        "Gross Profit": 28,
        "Operating Income": -11,
        "EBIT": -10,
        "Net Income": -11
    },
    "2014-12-31": {
        "Diluted EPS": 0.81,
        "Total Revenue": 34,
        "Gross Profit": 24,
        "Operating Income": -20,
        "EBIT": -19,
        "Net Income": -20
    },
    "2014-09-30": {
        "Diluted EPS": -1.84,
        "Total Revenue": 30,
        "Gross Profit": 21,
        "Operating Income": -11,
        "EBIT": -9,
        "Net Income": -11
    },
    "2014-06-30": {
        "Diluted EPS": -1.44,
        "Total Revenue": 27,
        "Gross Profit": 19,
        "Operating Income": -8,
        "EBIT": -7,
        "Net Income": -8
    },
    "2014-03-31": {
        "Diluted EPS": -1.73,
        "Total Revenue": 24,
        "Gross Profit": 17,
        "Operating Income": -9,
        "EBIT": -8,
        "Net Income": -9
    },
    "2013-12-31": {
        "Diluted EPS": 0.0,
        "Total Revenue": NaN,
        "Gross Profit": NaN,
        "Operating Income": NaN,
        "EBIT": NaN,
        "Net Income": NaN
    },
    "2013-09-30": {
        "Diluted EPS": -1.85,
        "Total Revenue": 20,
        "Gross Profit": 13,
        "Operating Income": -10,
        "EBIT": -10,
        "Net Income": -10
    },
    "2012-12-31": {
        "Diluted EPS": 0.0,
        "Total Revenue": NaN,
        "Gross Profit": NaN,
        "Operating Income": NaN,
        "EBIT": NaN,
        "Net Income": NaN
    },
    "2011-12-31": {
        "Diluted EPS": 0.0,
        "Total Revenue": NaN,
        "Gross Profit": NaN,
        "Operating Income": NaN,
        "EBIT": NaN,
        "Net Income": NaN
    },
    "2023-09-30": {
        "Tax Effect Of Unusual Items": -177660.0,
        "Tax Rate For Calcs": 0.21,
        "Normalized EBITDA": 15430000.0,
        "Total Unusual Items": -846000.0,
        "Total Unusual Items Excluding Goodwill": -846000.0,
        "Net Income From Continuing Operation Net Minority Interest": -5463000.0,
        "Reconciled Depreciation": 20509000.0,
        "Reconciled Cost Of Revenue": 87526000.0,
        "EBITDA": 14584000.0,
        "EBIT": -5925000.0,
        "Net Interest Income": 15231000.0,
        "Interest Expense": 950000.0,
        "Interest Income": 16181000.0,
        "Normalized Income": -4794660.0,
        "Net Income From Continuing And Discontinued Operation": -5463000.0,
        "Total Expenses": 577153000.0,
        "Total Operating Income As Reported": -20442000.0,
        "Diluted Average Shares": 50051000.0,
        "Basic Average Shares": 50051000.0,
        "Diluted EPS": -0.11,
        "Basic EPS": -0.11,
        "Diluted NI Availto Com Stockholders": -5463000.0,
        "Net Income Common Stockholders": -5463000.0,
        "Net Income": -5463000.0,
        "Net Income Including Noncontrolling Interests": -5463000.0,
        "Net Income Continuous Operations": -5463000.0,
        "Tax Provision": -1412000.0,
        "Pretax Income": -6875000.0,
        "Other Income Expense": -2510000.0,
        "Other Non Operating Income Expenses": -1664000.0,
        "Special Income Charges": -846000.0,
        "Restructuring And Mergern Acquisition": 846000.0,
        "Net Non Operating Interest Income Expense": 15231000.0,
        "Interest Expense Non Operating": 950000.0,
        "Interest Income Non Operating": 16181000.0,
        "Operating Income": -19596000.0,
        "Operating Expense": 489627000.0,
        "Research And Development": 156871000.0,
        "Selling General And Administration": 332756000.0,
        "Selling And Marketing Expense": 271448000.0,
        "General And Administrative Expense": 61308000.0,
        "Other Gand A": 61308000.0,
        "Gross Profit": 470031000.0,
        "Cost Of Revenue": 87526000.0,
        "Total Revenue": 557557000.0,
        "Operating Revenue": 557557000.0
    },
    "2023-12-31": {
        "Tax Effect Of Unusual Items": -744870.0,
        "Tax Rate For Calcs": 0.21,
        "Normalized EBITDA": 14452000.0,
        "Total Unusual Items": -3547000.0,
        "Total Unusual Items Excluding Goodwill": -3547000.0,
        "Net Income From Continuing Operation Net Minority Interest": -13604000.0,
        "Reconciled Depreciation": 19165000.0,
        "Reconciled Cost Of Revenue": 88635000.0,
        "EBITDA": 10905000.0,
        "EBIT": -8260000.0,
        "Net Interest Income": 17649000.0,
        "Interest Expense": 984000.0,
        "Interest Income": 18633000.0,
        "Normalized Income": -10801870.0,
        "Net Income From Continuing And Discontinued Operation": -13604000.0,
        "Total Expenses": 602716000.0,
        "Total Operating Income As Reported": -24348000.0,
        "Diluted Average Shares": NaN,
        "Basic Average Shares": NaN,
        "Diluted EPS": NaN,
        "Basic EPS": NaN,
        "Diluted NI Availto Com Stockholders": -13604000.0,
        "Net Income Common Stockholders": -13604000.0,
        "Net Income": -13604000.0,
        "Net Income Including Noncontrolling Interests": -13604000.0,
        "Net Income Continuous Operations": -13604000.0,
        "Tax Provision": 4360000.0,
        "Pretax Income": -9244000.0,
        "Other Income Expense": -6092000.0,
        "Other Non Operating Income Expenses": -2545000.0,
        "Special Income Charges": -3547000.0,
        "Restructuring And Mergern Acquisition": 3547000.0,
        "Net Non Operating Interest Income Expense": 17649000.0,
        "Interest Expense Non Operating": 984000.0,
        "Interest Income Non Operating": 18633000.0,
        "Operating Income": -20801000.0,
        "Operating Expense": 514081000.0,
        "Research And Development": 163234000.0,
        "Selling General And Administration": 350847000.0,
        "Selling And Marketing Expense": 281137000.0,
        "General And Administrative Expense": 69710000.0,
        "Other Gand A": 69710000.0,
        "Gross Profit": 493280000.0,
        "Cost Of Revenue": 88635000.0,
        "Total Revenue": 581915000.0,
        "Operating Revenue": 581915000.0
    },
    "2024-03-31": {
        "Tax Effect Of Unusual Items": -179860.0,
        "Tax Rate For Calcs": 0.23,
        "Normalized EBITDA": 30671000.0,
        "Total Unusual Items": -782000.0,
        "Total Unusual Items Excluding Goodwill": -782000.0,
        "Net Income From Continuing Operation Net Minority Interest": 5934000.0,
        "Reconciled Depreciation": 21234000.0,
        "Reconciled Cost Of Revenue": 95088000.0,
        "EBITDA": 29889000.0,
        "EBIT": 8655000.0,
        "Net Interest Income": 17792000.0,
        "Interest Expense": 935000.0,
        "Interest Income": 18727000.0,
        "Normalized Income": 6536140.0,
        "Net Income From Continuing And Discontinued Operation": 5934000.0,
        "Total Expenses": 639865000.0,
        "Total Operating Income As Reported": -23233000.0,
        "Diluted Average Shares": 51498000.0,
        "Basic Average Shares": 50689000.0,
        "Diluted EPS": 0.12,
        "Basic EPS": 0.12,
        "Diluted NI Availto Com Stockholders": 5934000.0,
        "Net Income Common Stockholders": 5934000.0,
        "Net Income": 5934000.0,
        "Net Income Including Noncontrolling Interests": 5934000.0,
        "Net Income Continuous Operations": 5934000.0,
        "Tax Provision": 1786000.0,
        "Pretax Income": 7720000.0,
        "Other Income Expense": 12379000.0,
        "Other Non Operating Income Expenses": 13161000.0,
        "Special Income Charges": -782000.0,
        "Restructuring And Mergern Acquisition": 782000.0,
        "Net Non Operating Interest Income Expense": 17792000.0,
        "Interest Expense Non Operating": 935000.0,
        "Interest Income Non Operating": 18727000.0,
        "Operating Income": -22451000.0,
        "Operating Expense": 544777000.0,
        "Research And Development": 175637000.0,
        "Selling General And Administration": 369140000.0,
        "Selling And Marketing Expense": 300282000.0,
        "General And Administrative Expense": 68858000.0,
        "Other Gand A": 68858000.0,
        "Gross Profit": 522326000.0,
        "Cost Of Revenue": 95088000.0,
        "Total Revenue": 617414000.0,
        "Operating Revenue": 617414000.0
    }
}