{
    "2023-03-31": {
        "Tax Effect Of Unusual Items": NaN,
        "Tax Rate For Calcs": NaN,
        "Normalized EBITDA": NaN,
        "Total Unusual Items": NaN,
        "Total Unusual Items Excluding Goodwill": NaN,
        "Net Income From Continuing Operation Net Minority Interest": NaN,
        "Reconciled Cost Of Revenue": NaN,
        "EBITDA": NaN,
        "EBIT": NaN,
        "Net Interest Income": NaN,
        "Interest Expense": 204000.0,
        "Interest Income": NaN,
        "Normalized Income": NaN,
        "Net Income From Continuing And Discontinued Operation": NaN,
        "Total Expenses": NaN,
        "Total Operating Income As Reported": NaN,
        "Diluted Average Shares": NaN,
        "Basic Average Shares": NaN,
        "Diluted EPS": NaN,
        "Basic EPS": NaN,
        "Diluted NI Availto Com Stockholders": NaN,
        "Net Income Common Stockholders": NaN,
        "Net Income": NaN,
        "Minority Interests": NaN,
        "Net Income Including Noncontrolling Interests": NaN,
        "Net Income Continuous Operations": NaN,
        "Earnings From Equity Interest Net Of Tax": NaN,
        "Tax Provision": NaN,
        "Pretax Income": NaN,
        "Other Income Expense": NaN,
        "Other Non Operating Income Expenses": NaN,
        "Gain On Sale Of Security": NaN,
        "Net Non Operating Interest Income Expense": NaN,
        "Total Other Finance Cost": 204000.0,
        "Interest Expense Non Operating": 204000.0,
        "Interest Income Non Operating": NaN,
        "Operating Income": NaN,
        "Operating Expense": NaN,
        "Research And Development": NaN,
        "Selling General And Administration": NaN,
        "Selling And Marketing Expense": NaN,
        "General And Administrative Expense": NaN,
        "Other Gand A": NaN,
        "Gross Profit": NaN,
        "Cost Of Revenue": NaN,
        "Total Revenue": NaN,
        "Operating Revenue": NaN
    },
    "2022-12-31": {
        "Tax Effect Of Unusual Items": -599500.0,
        "Tax Rate For Calcs": 0.25,
        "Normalized EBITDA": -2013000.0,
        "Total Unusual Items": -2398000.0,
        "Total Unusual Items Excluding Goodwill": -2398000.0,
        "Net Income From Continuing Operation Net Minority Interest": 8172000.0,
        "Reconciled Cost Of Revenue": 162210000.0,
        "EBITDA": -4411000.0,
        "EBIT": -4411000.0,
        "Net Interest Income": -3641000.0,
        "Interest Expense": NaN,
        "Normalized Income": 9970500.0,
        "Net Income From Continuing And Discontinued Operation": 8172000.0,
        "Total Expenses": 254063000.0,
        "Total Operating Income As Reported": -1115000.0,
        "Diluted Average Shares": 51033786.0,
        "Basic Average Shares": 51033786.0,
        "Diluted EPS": 0.2,
        "Basic EPS": 0.2,
        "Diluted NI Availto Com Stockholders": 8172000.0,
        "Net Income Common Stockholders": 8172000.0,
        "Net Income": 8172000.0,
        "Minority Interests": 611000.0,
        "Net Income Including Noncontrolling Interests": 7561000.0,
        "Net Income Continuous Operations": 7561000.0,
        "Earnings From Equity Interest Net Of Tax": 833000.0,
        "Pretax Income": 6728000.0,
        "Other Income Expense": 6021000.0,
        "Other Non Operating Income Expenses": 8419000.0,
        "Gain On Sale Of Security": -314000.0,
        "Net Non Operating Interest Income Expense": -3641000.0,
        "Total Other Finance Cost": NaN,
        "Interest Expense Non Operating": NaN,
        "Operating Income": 4348000.0,
        "Operating Expense": 91853000.0,
        "Research And Development": 17718000.0,
        "Selling General And Administration": 58057000.0,
        "Selling And Marketing Expense": -143101000.0,
        "General And Administrative Expense": 201158000.0,
        "Other Gand A": -83411000.0,
        "Gross Profit": 96201000.0,
        "Cost Of Revenue": 162210000.0,
        "Total Revenue": 258411000.0,
        "Operating Revenue": 246496000.0
    },
    "2022-09-30": {
        "Tax Effect Of Unusual Items": NaN,
        "Tax Rate For Calcs": NaN,
        "Normalized EBITDA": NaN,
        "Total Unusual Items": NaN,
        "Total Unusual Items Excluding Goodwill": NaN,
        "Net Income From Continuing Operation Net Minority Interest": NaN,
        "Reconciled Cost Of Revenue": NaN,
        "EBITDA": NaN,
        "EBIT": NaN,
        "Net Interest Income": NaN,
        "Interest Expense": 1924000.0,
        "Normalized Income": NaN,
        "Net Income From Continuing And Discontinued Operation": NaN,
        "Total Expenses": NaN,
        "Total Operating Income As Reported": NaN,
        "Diluted Average Shares": NaN,
        "Basic Average Shares": NaN,
        "Diluted EPS": NaN,
        "Basic EPS": NaN,
        "Diluted NI Availto Com Stockholders": NaN,
        "Net Income Common Stockholders": NaN,
        "Net Income": NaN,
        "Minority Interests": NaN,
        "Net Income Including Noncontrolling Interests": NaN,
        "Net Income Continuous Operations": NaN,
        "Earnings From Equity Interest Net Of Tax": NaN,
        "Pretax Income": NaN,
        "Other Income Expense": NaN,
        "Other Non Operating Income Expenses": NaN,
        "Gain On Sale Of Security": NaN,
        "Net Non Operating Interest Income Expense": NaN,
        "Total Other Finance Cost": NaN,
        "Interest Expense Non Operating": 1924000.0,
        "Operating Income": NaN,
        "Operating Expense": NaN,
        "Research And Development": NaN,
        "Selling General And Administration": NaN,
        "Selling And Marketing Expense": NaN,
        "General And Administrative Expense": NaN,
        "Other Gand A": NaN,
        "Gross Profit": NaN,
        "Cost Of Revenue": NaN,
        "Total Revenue": NaN,
        "Operating Revenue": NaN
    },
    "2022-06-30": {
        "Tax Effect Of Unusual Items": 0.0,
        "Tax Rate For Calcs": 0.0,
        "Normalized EBITDA": -38799000.0,
        "Total Unusual Items": 326000.0,
        "Total Unusual Items Excluding Goodwill": 326000.0,
        "Net Income From Continuing Operation Net Minority Interest": -39377000.0,
        "Reconciled Cost Of Revenue": 173713000.0,
        "EBITDA": -38473000.0,
        "EBIT": -38473000.0,
        "Net Interest Income": -1290000.0,
        "Interest Expense": 1290000.0,
        "Normalized Income": -39703000.0,
        "Net Income From Continuing And Discontinued Operation": -39377000.0,
        "Total Expenses": 292294000.0,
        "Total Operating Income As Reported": -44070000.0,
        "Diluted Average Shares": 51011885.0,
        "Basic Average Shares": 51011885.0,
        "Diluted EPS": -0.8,
        "Basic EPS": -0.8,
        "Diluted NI Availto Com Stockholders": -39377000.0,
        "Net Income Common Stockholders": -39377000.0,
        "Net Income": -39377000.0,
        "Minority Interests": 585000.0,
        "Net Income Including Noncontrolling Interests": -39962000.0,
        "Net Income Continuous Operations": -39962000.0,
        "Earnings From Equity Interest Net Of Tax": -199000.0,
        "Tax Provision": 0.0,
        "Pretax Income": -39763000.0,
        "Other Income Expense": 5597000.0,
        "Other Non Operating Income Expenses": 5271000.0,
        "Gain On Sale Of Security": 326000.0,
        "Net Non Operating Interest Income Expense": -1290000.0,
        "Total Other Finance Cost": NaN,
        "Interest Expense Non Operating": 1290000.0,
        "Operating Income": -44070000.0,
        "Operating Expense": 118581000.0,
        "Research And Development": 24314000.0,
        "Selling General And Administration": 94267000.0,
        "Selling And Marketing Expense": 59537000.0,
        "General And Administrative Expense": 34730000.0,
        "Other Gand A": 34730000.0,
        "Gross Profit": 74511000.0,
        "Cost Of Revenue": 173713000.0,
        "Total Revenue": 248224000.0,
        "Operating Revenue": 231802000.0
    },
    "2022-03-31": {
        "Diluted EPS": 0.03,
        "Total Revenue": 47,
        "Gross Profit": 24,
        "Operating Income": 2,
        "EBIT": 2,
        "Net Income": 2
    },
    "2021-12-31": {
        "Diluted EPS": 0.07,
        "Total Revenue": 157,
        "Gross Profit": 37,
        "Operating Income": 2,
        "EBIT": 2,
        "Net Income": 3
    },
    "2021-09-30": {
        "Diluted EPS": -0.24,
        "Total Revenue": 49,
        "Gross Profit": 13,
        "Operating Income": -12,
        "EBIT": -12,
        "Net Income": -12
    },
    "2021-06-30": {
        "Diluted EPS": -0.23,
        "Total Revenue": 34,
        "Gross Profit": 10,
        "Operating Income": -12,
        "EBIT": -12,
        "Net Income": -12
    },
    "2021-03-31": {
        "Diluted EPS": 0.0,
        "Total Revenue": 112,
        "Gross Profit": 27,
        "Operating Income": 4,
        "EBIT": 4,
        "Net Income": 4
    },
    "2020-12-31": {
        "Diluted EPS": 0.0,
        "Total Revenue": 67,
        "Gross Profit": 18,
        "Operating Income": -4,
        "EBIT": -4,
        "Net Income": -4
    },
    "2020-09-30": {
        "Diluted EPS": 0.0,
        "Total Revenue": 51,
        "Gross Profit": 17,
        "Operating Income": 2,
        "EBIT": 2,
        "Net Income": 2
    },
    "2020-06-30": {
        "Diluted EPS": 0.0,
        "Total Revenue": 33,
        "Gross Profit": 13,
        "Operating Income": -1,
        "EBIT": -1,
        "Net Income": -1
    },
    "2020-03-31": {
        "Diluted EPS": 0.0,
        "Total Revenue": 35,
        "Gross Profit": 14,
        "Operating Income": 0,
        "EBIT": 0,
        "Net Income": -1
    },
    "2019-12-31": {
        "Diluted EPS": 0.0,
        "Total Revenue": 37,
        "Gross Profit": 37,
        "Operating Income": 37,
        "EBIT": 37,
        "Net Income": -1
    },
    "2023-06-30": {
        "Tax Effect Of Unusual Items": NaN,
        "Tax Rate For Calcs": NaN,
        "Normalized EBITDA": NaN,
        "Total Unusual Items": NaN,
        "Total Unusual Items Excluding Goodwill": NaN,
        "Net Income From Continuing Operation Net Minority Interest": NaN,
        "Reconciled Cost Of Revenue": NaN,
        "EBITDA": NaN,
        "EBIT": NaN,
        "Net Interest Income": NaN,
        "Interest Income": 1011000.0,
        "Normalized Income": NaN,
        "Net Income From Continuing And Discontinued Operation": NaN,
        "Total Expenses": NaN,
        "Total Operating Income As Reported": NaN,
        "Diluted Average Shares": NaN,
        "Basic Average Shares": NaN,
        "Diluted EPS": NaN,
        "Basic EPS": NaN,
        "Diluted NI Availto Com Stockholders": NaN,
        "Net Income Common Stockholders": NaN,
        "Net Income": NaN,
        "Minority Interests": NaN,
        "Net Income Including Noncontrolling Interests": NaN,
        "Net Income Continuous Operations": NaN,
        "Earnings From Equity Interest Net Of Tax": NaN,
        "Tax Provision": 0.0,
        "Pretax Income": NaN,
        "Other Income Expense": NaN,
        "Other Non Operating Income Expenses": NaN,
        "Gain On Sale Of Security": NaN,
        "Net Non Operating Interest Income Expense": NaN,
        "Total Other Finance Cost": -1011000.0,
        "Interest Income Non Operating": 1011000.0,
        "Operating Income": NaN,
        "Operating Expense": NaN,
        "Research And Development": NaN,
        "Selling General And Administration": NaN,
        "Selling And Marketing Expense": NaN,
        "General And Administrative Expense": NaN,
        "Other Gand A": NaN,
        "Gross Profit": NaN,
        "Cost Of Revenue": NaN,
        "Total Revenue": NaN,
        "Operating Revenue": NaN
    },
    "2023-09-30": {
        "Tax Effect Of Unusual Items": -178500.0,
        "Tax Rate For Calcs": 0.25,
        "Normalized EBITDA": 18916000.0,
        "Total Unusual Items": -714000.0,
        "Total Unusual Items Excluding Goodwill": -714000.0,
        "Net Income From Continuing Operation Net Minority Interest": 20169000.0,
        "Reconciled Cost Of Revenue": 189315000.0,
        "EBITDA": 18202000.0,
        "EBIT": 18202000.0,
        "Net Interest Income": 1490000.0,
        "Interest Income": 1490000.0,
        "Normalized Income": 20704500.0,
        "Net Income From Continuing And Discontinued Operation": 20169000.0,
        "Total Expenses": 274242000.0,
        "Total Operating Income As Reported": 18202000.0,
        "Diluted Average Shares": 9956061.0,
        "Basic Average Shares": 9956061.0,
        "Diluted EPS": 2.0,
        "Basic EPS": 2.0,
        "Diluted NI Availto Com Stockholders": 20169000.0,
        "Net Income Common Stockholders": 20169000.0,
        "Net Income": 20169000.0,
        "Minority Interests": -1467000.0,
        "Net Income Including Noncontrolling Interests": 21636000.0,
        "Net Income Continuous Operations": 21636000.0,
        "Earnings From Equity Interest Net Of Tax": 1359000.0,
        "Tax Provision": NaN,
        "Pretax Income": 20277000.0,
        "Other Income Expense": 585000.0,
        "Other Non Operating Income Expenses": 1299000.0,
        "Gain On Sale Of Security": -714000.0,
        "Net Non Operating Interest Income Expense": 1490000.0,
        "Total Other Finance Cost": -1490000.0,
        "Interest Income Non Operating": 1490000.0,
        "Operating Income": 18202000.0,
        "Operating Expense": 84927000.0,
        "Research And Development": 14305000.0,
        "Selling General And Administration": 70622000.0,
        "Selling And Marketing Expense": 49129000.0,
        "General And Administrative Expense": 21493000.0,
        "Other Gand A": 21493000.0,
        "Gross Profit": 103129000.0,
        "Cost Of Revenue": 189315000.0,
        "Total Revenue": 292444000.0,
        "Operating Revenue": 279110000.0
    },
    "2023-12-31": {
        "Tax Effect Of Unusual Items": -1093000.0,
        "Tax Rate For Calcs": 0.25,
        "Normalized EBITDA": 25001000.0,
        "Total Unusual Items": -4372000.0,
        "Total Unusual Items Excluding Goodwill": -4372000.0,
        "Net Income From Continuing Operation Net Minority Interest": 17987000.0,
        "Reconciled Cost Of Revenue": 136281000.0,
        "EBITDA": 20629000.0,
        "EBIT": 20629000.0,
        "Net Interest Income": -2927000.0,
        "Interest Income": NaN,
        "Normalized Income": 21266000.0,
        "Net Income From Continuing And Discontinued Operation": 17987000.0,
        "Total Expenses": 215378000.0,
        "Total Operating Income As Reported": 13693000.0,
        "Diluted Average Shares": 9918085.0,
        "Basic Average Shares": 9918085.0,
        "Diluted EPS": 2.0,
        "Basic EPS": 2.0,
        "Diluted NI Availto Com Stockholders": 17987000.0,
        "Net Income Common Stockholders": 17987000.0,
        "Net Income": 17987000.0,
        "Minority Interests": 515000.0,
        "Net Income Including Noncontrolling Interests": 17472000.0,
        "Net Income Continuous Operations": 17472000.0,
        "Earnings From Equity Interest Net Of Tax": 52000.0,
        "Tax Provision": NaN,
        "Pretax Income": 17420000.0,
        "Other Income Expense": -282000.0,
        "Other Non Operating Income Expenses": 4090000.0,
        "Gain On Sale Of Security": -106000.0,
        "Net Non Operating Interest Income Expense": -2927000.0,
        "Total Other Finance Cost": 2927000.0,
        "Interest Income Non Operating": NaN,
        "Operating Income": 20629000.0,
        "Operating Expense": 79097000.0,
        "Research And Development": 18238000.0,
        "Selling General And Administration": 49187000.0,
        "Selling And Marketing Expense": -118112000.0,
        "General And Administrative Expense": 167299000.0,
        "Other Gand A": -61357000.0,
        "Gross Profit": 99726000.0,
        "Cost Of Revenue": 136281000.0,
        "Total Revenue": 236007000.0,
        "Operating Revenue": 221504000.0
    },
    "2024-03-31": {
        "Tax Effect Of Unusual Items": -654500.0,
        "Tax Rate For Calcs": 0.25,
        "Normalized EBITDA": 11518000.0,
        "Total Unusual Items": -2618000.0,
        "Total Unusual Items Excluding Goodwill": -2618000.0,
        "Net Income From Continuing Operation Net Minority Interest": 6908000.0,
        "Reconciled Cost Of Revenue": 220195000.0,
        "EBITDA": 8900000.0,
        "EBIT": 8900000.0,
        "Net Interest Income": 1224000.0,
        "Interest Income": NaN,
        "Normalized Income": 8871500.0,
        "Net Income From Continuing And Discontinued Operation": 6908000.0,
        "Total Expenses": 301412000.0,
        "Total Operating Income As Reported": 8900000.0,
        "Diluted Average Shares": 9884106.0,
        "Basic Average Shares": 9884106.0,
        "Diluted EPS": 1.0,
        "Basic EPS": 1.0,
        "Diluted NI Availto Com Stockholders": 6908000.0,
        "Net Income Common Stockholders": 6908000.0,
        "Net Income": 6908000.0,
        "Minority Interests": -1781000.0,
        "Net Income Including Noncontrolling Interests": 8689000.0,
        "Net Income Continuous Operations": 8689000.0,
        "Earnings From Equity Interest Net Of Tax": -767000.0,
        "Tax Provision": NaN,
        "Pretax Income": 9456000.0,
        "Other Income Expense": -668000.0,
        "Other Non Operating Income Expenses": 1950000.0,
        "Gain On Sale Of Security": -2618000.0,
        "Net Non Operating Interest Income Expense": 1224000.0,
        "Total Other Finance Cost": -1224000.0,
        "Interest Income Non Operating": NaN,
        "Operating Income": 8900000.0,
        "Operating Expense": 81217000.0,
        "Research And Development": 14380000.0,
        "Selling General And Administration": 66837000.0,
        "Selling And Marketing Expense": 44205000.0,
        "General And Administrative Expense": 22632000.0,
        "Other Gand A": 22632000.0,
        "Gross Profit": 90117000.0,
        "Cost Of Revenue": 220195000.0,
        "Total Revenue": 310312000.0,
        "Operating Revenue": 301882000.0
    },
    "2024-06-30": {
        "Tax Effect Of Unusual Items": 0.0,
        "Tax Rate For Calcs": 0.0,
        "Normalized EBITDA": -24534000.0,
        "Total Unusual Items": -1462000.0,
        "Total Unusual Items Excluding Goodwill": -1462000.0,
        "Net Income From Continuing Operation Net Minority Interest": -23349000.0,
        "Reconciled Cost Of Revenue": 194354000.0,
        "EBITDA": -25996000.0,
        "EBIT": -25996000.0,
        "Net Interest Income": 1096000.0,
        "Interest Income": 1096000.0,
        "Normalized Income": -21887000.0,
        "Net Income From Continuing And Discontinued Operation": -23349000.0,
        "Total Expenses": 308947000.0,
        "Total Operating Income As Reported": -25996000.0,
        "Diluted Average Shares": 9911248.0,
        "Basic Average Shares": 9911248.0,
        "Diluted EPS": -2.0,
        "Basic EPS": -2.0,
        "Diluted NI Availto Com Stockholders": -23349000.0,
        "Net Income Common Stockholders": -23349000.0,
        "Net Income": -23349000.0,
        "Minority Interests": -286000.0,
        "Net Income Including Noncontrolling Interests": -23063000.0,
        "Net Income Continuous Operations": -23063000.0,
        "Earnings From Equity Interest Net Of Tax": 345000.0,
        "Tax Provision": 0.0,
        "Pretax Income": -23408000.0,
        "Other Income Expense": 1492000.0,
        "Other Non Operating Income Expenses": 2954000.0,
        "Gain On Sale Of Security": -1462000.0,
        "Net Non Operating Interest Income Expense": 1096000.0,
        "Total Other Finance Cost": NaN,
        "Interest Income Non Operating": 1096000.0,
        "Operating Income": -25996000.0,
        "Operating Expense": 114593000.0,
        "Research And Development": 18099000.0,
        "Selling General And Administration": 96494000.0,
        "Selling And Marketing Expense": 46825000.0,
        "General And Administrative Expense": 49669000.0,
        "Other Gand A": 49669000.0,
        "Gross Profit": 88597000.0,
        "Cost Of Revenue": 194354000.0,
        "Total Revenue": 282951000.0,
        "Operating Revenue": 271790000.0
    },
    "2024-09-30": {
        "Tax Effect Of Unusual Items": 394500.0,
        "Tax Rate For Calcs": 0.25,
        "Normalized EBITDA": 11717000.0,
        "Total Unusual Items": 1578000.0,
        "Total Unusual Items Excluding Goodwill": 1578000.0,
        "Net Income From Continuing Operation Net Minority Interest": 18653000.0,
        "Reconciled Cost Of Revenue": 266977000.0,
        "EBITDA": 13295000.0,
        "EBIT": 13295000.0,
        "Net Interest Income": 1040000.0,
        "Interest Income": 1040000.0,
        "Normalized Income": 17469500.0,
        "Net Income From Continuing And Discontinued Operation": 18653000.0,
        "Total Expenses": 356403000.0,
        "Total Operating Income As Reported": 13295000.0,
        "Diluted Average Shares": 10137671.0,
        "Basic Average Shares": 10137671.0,
        "Diluted EPS": 2.0,
        "Basic EPS": 2.0,
        "Diluted NI Availto Com Stockholders": 18653000.0,
        "Net Income Common Stockholders": 18653000.0,
        "Net Income": 18653000.0,
        "Minority Interests": 93000.0,
        "Net Income Including Noncontrolling Interests": 18560000.0,
        "Net Income Continuous Operations": 18560000.0,
        "Earnings From Equity Interest Net Of Tax": 639000.0,
        "Tax Provision": NaN,
        "Pretax Income": 17921000.0,
        "Other Income Expense": 3586000.0,
        "Other Non Operating Income Expenses": 2008000.0,
        "Gain On Sale Of Security": 1578000.0,
        "Net Non Operating Interest Income Expense": 1040000.0,
        "Total Other Finance Cost": NaN,
        "Interest Income Non Operating": 1040000.0,
        "Operating Income": 13295000.0,
        "Operating Expense": 89426000.0,
        "Research And Development": 14025000.0,
        "Selling General And Administration": 75401000.0,
        "Selling And Marketing Expense": 43275000.0,
        "General And Administrative Expense": 32126000.0,
        "Other Gand A": 32126000.0,
        "Gross Profit": 102721000.0,
        "Cost Of Revenue": 266977000.0,
        "Total Revenue": 369698000.0,
        "Operating Revenue": 361173000.0
    }
}