{
    "2023-04-30": {
        "Tax Effect Of Unusual Items": 1470.0,
        "Tax Rate For Calcs": 0.21,
        "Normalized EBITDA": 1766000.0,
        "Total Unusual Items": 7000.0,
        "Total Unusual Items Excluding Goodwill": 7000.0,
        "Net Income From Continuing Operation Net Minority Interest": 377000.0,
        "Reconciled Depreciation": 1050000.0,
        "Reconciled Cost Of Revenue": 41236000.0,
        "EBITDA": 1773000.0,
        "EBIT": 723000.0,
        "Net Interest Income": 30000.0,
        "Interest Expense": 55000.0,
        "Interest Income": 85000.0,
        "Normalized Income": 371470.0,
        "Net Income From Continuing And Discontinued Operation": 377000.0,
        "Total Expenses": 52828000.0,
        "Total Operating Income As Reported": 991000.0,
        "Diluted Average Shares": 6516000.0,
        "Basic Average Shares": 6486000.0,
        "Diluted EPS": 0.06,
        "Basic EPS": 0.06,
        "Diluted NI Availto Com Stockholders": 377000.0,
        "Net Income Common Stockholders": 377000.0,
        "Otherunder Preferred Stock Dividend": 0.0,
        "Net Income": 377000.0,
        "Net Income Including Noncontrolling Interests": 377000.0,
        "Net Income Continuous Operations": 377000.0,
        "Tax Provision": 291000.0,
        "Pretax Income": 668000.0,
        "Other Income Expense": -353000.0,
        "Other Non Operating Income Expenses": -360000.0,
        "Gain On Sale Of Security": 7000.0,
        "Net Non Operating Interest Income Expense": 30000.0,
        "Interest Expense Non Operating": 55000.0,
        "Interest Income Non Operating": 85000.0,
        "Operating Income": 991000.0,
        "Operating Expense": 11592000.0,
        "Selling General And Administration": 11592000.0,
        "Gross Profit": 12583000.0,
        "Cost Of Revenue": 41236000.0,
        "Total Revenue": 53819000.0,
        "Operating Revenue": 53819000.0
    },
    "2023-01-31": {
        "Tax Effect Of Unusual Items": 8990.0,
        "Tax Rate For Calcs": 0.31,
        "Normalized EBITDA": 2981000.0,
        "Total Unusual Items": 29000.0,
        "Total Unusual Items Excluding Goodwill": 29000.0,
        "Net Income From Continuing Operation Net Minority Interest": 1330000.0,
        "Reconciled Depreciation": 1054000.0,
        "Reconciled Cost Of Revenue": 41964000.0,
        "EBITDA": 3010000.0,
        "EBIT": 1956000.0,
        "Net Interest Income": 36000.0,
        "Interest Expense": 16000.0,
        "Interest Income": 52000.0,
        "Normalized Income": 1309990.0,
        "Net Income From Continuing And Discontinued Operation": 1330000.0,
        "Total Expenses": 53448000.0,
        "Total Operating Income As Reported": 1234000.0,
        "Diluted Average Shares": 6622000.0,
        "Basic Average Shares": 6583000.0,
        "Diluted EPS": 0.2,
        "Basic EPS": 0.2,
        "Diluted NI Availto Com Stockholders": 1312000.0,
        "Net Income Common Stockholders": 1312000.0,
        "Otherunder Preferred Stock Dividend": 18000.0,
        "Net Income": 1330000.0,
        "Net Income Including Noncontrolling Interests": 1330000.0,
        "Net Income Continuous Operations": 1330000.0,
        "Tax Provision": 610000.0,
        "Pretax Income": 1940000.0,
        "Other Income Expense": 670000.0,
        "Other Non Operating Income Expenses": 641000.0,
        "Gain On Sale Of Security": 29000.0,
        "Net Non Operating Interest Income Expense": 36000.0,
        "Interest Expense Non Operating": 16000.0,
        "Interest Income Non Operating": 52000.0,
        "Operating Income": 1234000.0,
        "Operating Expense": 11484000.0,
        "Selling General And Administration": 11484000.0,
        "Gross Profit": 12718000.0,
        "Cost Of Revenue": 41964000.0,
        "Total Revenue": 54682000.0,
        "Operating Revenue": 54682000.0
    },
    "2022-10-31": {
        "Tax Effect Of Unusual Items": 1224.17154,
        "Tax Rate For Calcs": 0.306043,
        "Normalized EBITDA": 3015000.0,
        "Total Unusual Items": 4000.0,
        "Total Unusual Items Excluding Goodwill": 4000.0,
        "Net Income From Continuing Operation Net Minority Interest": 1424000.0,
        "Reconciled Depreciation": 962000.0,
        "Reconciled Cost Of Revenue": 45892000.0,
        "EBITDA": 3019000.0,
        "EBIT": 2057000.0,
        "Net Interest Income": 5000.0,
        "Interest Expense": 5000.0,
        "Interest Income": 10000.0,
        "Normalized Income": 1421224.17154,
        "Net Income From Continuing And Discontinued Operation": 1424000.0,
        "Total Expenses": 60764000.0,
        "Total Operating Income As Reported": 2698000.0,
        "Diluted Average Shares": 6616000.0,
        "Basic Average Shares": 6567000.0,
        "Diluted EPS": 0.22,
        "Basic EPS": 0.22,
        "Diluted NI Availto Com Stockholders": 1407000.0,
        "Net Income Common Stockholders": 1407000.0,
        "Otherunder Preferred Stock Dividend": 17000.0,
        "Net Income": 1424000.0,
        "Net Income Including Noncontrolling Interests": 1424000.0,
        "Net Income Continuous Operations": 1424000.0,
        "Tax Provision": 628000.0,
        "Pretax Income": 2052000.0,
        "Other Income Expense": -651000.0,
        "Other Non Operating Income Expenses": -1388000.0,
        "Gain On Sale Of Security": 4000.0,
        "Net Non Operating Interest Income Expense": 5000.0,
        "Interest Expense Non Operating": 5000.0,
        "Interest Income Non Operating": 10000.0,
        "Operating Income": 2698000.0,
        "Operating Expense": 14872000.0,
        "Selling General And Administration": 14872000.0,
        "Gross Profit": 17570000.0,
        "Cost Of Revenue": 45892000.0,
        "Total Revenue": 63462000.0,
        "Operating Revenue": 63462000.0
    },
    "2022-07-31": {
        "Tax Effect Of Unusual Items": -3080.0,
        "Tax Rate For Calcs": 0.28,
        "Normalized EBITDA": 1746000.0,
        "Total Unusual Items": -11000.0,
        "Total Unusual Items Excluding Goodwill": -11000.0,
        "Net Income From Continuing Operation Net Minority Interest": 1238000.0,
        "Reconciled Depreciation": 1049000.0,
        "Reconciled Cost Of Revenue": 43241000.0,
        "EBITDA": 1735000.0,
        "EBIT": 1735000.0,
        "Net Interest Income": 7000.0,
        "Interest Expense": 9000.0,
        "Interest Income": 16000.0,
        "Normalized Income": 1245920.0,
        "Net Income From Continuing And Discontinued Operation": 1238000.0,
        "Total Expenses": 55888000.0,
        "Total Operating Income As Reported": 1752000.0,
        "Diluted Average Shares": 6629000.0,
        "Basic Average Shares": 6567000.0,
        "Diluted EPS": 0.18,
        "Basic EPS": 0.19,
        "Diluted NI Availto Com Stockholders": 1238000.0,
        "Net Income Common Stockholders": 1238000.0,
        "Otherunder Preferred Stock Dividend": 15000.0,
        "Net Income": 1238000.0,
        "Net Income Including Noncontrolling Interests": 1238000.0,
        "Net Income Continuous Operations": 1238000.0,
        "Tax Provision": 488000.0,
        "Pretax Income": 1726000.0,
        "Other Income Expense": -33000.0,
        "Other Non Operating Income Expenses": -22000.0,
        "Gain On Sale Of Security": -11000.0,
        "Net Non Operating Interest Income Expense": 7000.0,
        "Interest Expense Non Operating": 9000.0,
        "Interest Income Non Operating": 16000.0,
        "Operating Income": 1752000.0,
        "Operating Expense": 12647000.0,
        "Selling General And Administration": 12647000.0,
        "Gross Profit": 14399000.0,
        "Cost Of Revenue": 43241000.0,
        "Total Revenue": 57640000.0,
        "Operating Revenue": 57640000.0
    },
    "2022-04-30": {
        "Diluted EPS": 0.3,
        "Total Revenue": 63,
        "Gross Profit": 16,
        "Operating Income": 3,
        "EBIT": 4,
        "Net Income": 2
    },
    "2022-01-31": {
        "Diluted EPS": 0.53,
        "Total Revenue": 67,
        "Gross Profit": 17,
        "Operating Income": 5,
        "EBIT": 6,
        "Net Income": 3
    },
    "2021-10-31": {
        "Diluted EPS": 0.32,
        "Total Revenue": 69,
        "Gross Profit": 17,
        "Operating Income": 3,
        "EBIT": 4,
        "Net Income": 2
    },
    "2021-07-31": {
        "Diluted EPS": 0.23,
        "Total Revenue": 54,
        "Gross Profit": 13,
        "Operating Income": 3,
        "EBIT": 4,
        "Net Income": 2
    },
    "2021-04-30": {
        "Diluted EPS": 0.36,
        "Total Revenue": 58,
        "Gross Profit": 15,
        "Operating Income": 4,
        "EBIT": 5,
        "Net Income": 2
    },
    "2021-01-31": {
        "Diluted EPS": 0.1,
        "Total Revenue": 54,
        "Gross Profit": 12,
        "Operating Income": 1,
        "EBIT": 2,
        "Net Income": 1
    },
    "2020-10-31": {
        "Diluted EPS": -0.54,
        "Total Revenue": 44,
        "Gross Profit": 10,
        "Operating Income": -6,
        "EBIT": -5,
        "Net Income": -4
    },
    "2020-07-31": {
        "Diluted EPS": 0.32,
        "Total Revenue": 45,
        "Gross Profit": 11,
        "Operating Income": 1,
        "EBIT": 3,
        "Net Income": 2
    },
    "2020-04-30": {
        "Diluted EPS": -0.58,
        "Total Revenue": 37,
        "Gross Profit": 7,
        "Operating Income": -4,
        "EBIT": -3,
        "Net Income": -4
    },
    "2020-01-31": {
        "Diluted EPS": -0.13,
        "Total Revenue": 44,
        "Gross Profit": 9,
        "Operating Income": -2,
        "EBIT": -1,
        "Net Income": -1
    },
    "2019-10-31": {
        "Diluted EPS": 0.31,
        "Total Revenue": 60,
        "Gross Profit": 16,
        "Operating Income": 2,
        "EBIT": 3,
        "Net Income": 2
    },
    "2019-07-31": {
        "Diluted EPS": 0.51,
        "Total Revenue": 59,
        "Gross Profit": 17,
        "Operating Income": 5,
        "EBIT": 6,
        "Net Income": 3
    },
    "2019-04-30": {
        "Diluted EPS": 0.76,
        "Total Revenue": 71,
        "Gross Profit": 22,
        "Operating Income": 8,
        "EBIT": 8,
        "Net Income": 5
    },
    "2019-01-31": {
        "Diluted EPS": 0.97,
        "Total Revenue": 74,
        "Gross Profit": 22,
        "Operating Income": 8,
        "EBIT": 9,
        "Net Income": 7
    },
    "2018-10-31": {
        "Diluted EPS": 1.22,
        "Total Revenue": 83,
        "Gross Profit": 28,
        "Operating Income": 11,
        "EBIT": 12,
        "Net Income": 8
    },
    "2018-07-31": {
        "Diluted EPS": 0.95,
        "Total Revenue": 79,
        "Gross Profit": 25,
        "Operating Income": 9,
        "EBIT": 10,
        "Net Income": 6
    },
    "2018-04-30": {
        "Diluted EPS": 0.55,
        "Total Revenue": 70,
        "Gross Profit": 19,
        "Operating Income": 6,
        "EBIT": 7,
        "Net Income": 4
    },
    "2018-01-31": {
        "Diluted EPS": 0.43,
        "Total Revenue": 68,
        "Gross Profit": 20,
        "Operating Income": 7,
        "EBIT": 8,
        "Net Income": 3
    },
    "2017-10-31": {
        "Diluted EPS": 1.0,
        "Total Revenue": 76,
        "Gross Profit": 23,
        "Operating Income": 9,
        "EBIT": 10,
        "Net Income": 7
    },
    "2017-07-31": {
        "Diluted EPS": 0.58,
        "Total Revenue": 61,
        "Gross Profit": 18,
        "Operating Income": 5,
        "EBIT": 6,
        "Net Income": 4
    },
    "2017-04-30": {
        "Diluted EPS": 0.54,
        "Total Revenue": 58,
        "Gross Profit": 17,
        "Operating Income": 5,
        "EBIT": 6,
        "Net Income": 4
    },
    "2017-01-31": {
        "Diluted EPS": 0.13,
        "Total Revenue": 49,
        "Gross Profit": 13,
        "Operating Income": 1,
        "EBIT": 2,
        "Net Income": 1
    },
    "2016-10-31": {
        "Diluted EPS": 0.45,
        "Total Revenue": 66,
        "Gross Profit": 20,
        "Operating Income": 5,
        "EBIT": 6,
        "Net Income": 3
    },
    "2016-07-31": {
        "Diluted EPS": 0.4,
        "Total Revenue": 52,
        "Gross Profit": 16,
        "Operating Income": 4,
        "EBIT": 5,
        "Net Income": 3
    },
    "2016-04-30": {
        "Diluted EPS": 0.56,
        "Total Revenue": 52,
        "Gross Profit": 17,
        "Operating Income": 5,
        "EBIT": 6,
        "Net Income": 4
    },
    "2016-01-31": {
        "Diluted EPS": 0.58,
        "Total Revenue": 57,
        "Gross Profit": 18,
        "Operating Income": 6,
        "EBIT": 7,
        "Net Income": 4
    },
    "2015-10-31": {
        "Diluted EPS": 0.72,
        "Total Revenue": 66,
        "Gross Profit": 19,
        "Operating Income": 7,
        "EBIT": 8,
        "Net Income": 5
    },
    "2015-07-31": {
        "Diluted EPS": 0.55,
        "Total Revenue": 53,
        "Gross Profit": 17,
        "Operating Income": 5,
        "EBIT": 6,
        "Net Income": 4
    },
    "2015-04-30": {
        "Diluted EPS": 0.6,
        "Total Revenue": 50,
        "Gross Profit": 17,
        "Operating Income": 6,
        "EBIT": 6,
        "Net Income": 4
    },
    "2015-01-31": {
        "Diluted EPS": 0.57,
        "Total Revenue": 51,
        "Gross Profit": 17,
        "Operating Income": 6,
        "EBIT": 7,
        "Net Income": 4
    },
    "2014-10-31": {
        "Diluted EPS": 0.74,
        "Total Revenue": 62,
        "Gross Profit": 20,
        "Operating Income": 7,
        "EBIT": 8,
        "Net Income": 5
    },
    "2014-07-31": {
        "Diluted EPS": 0.66,
        "Total Revenue": 55,
        "Gross Profit": 18,
        "Operating Income": 6,
        "EBIT": 7,
        "Net Income": 4
    },
    "2014-04-30": {
        "Diluted EPS": 0.54,
        "Total Revenue": 54,
        "Gross Profit": 17,
        "Operating Income": 5,
        "EBIT": 6,
        "Net Income": 4
    },
    "2014-01-31": {
        "Diluted EPS": 0.36,
        "Total Revenue": 51,
        "Gross Profit": 14,
        "Operating Income": 3,
        "EBIT": 4,
        "Net Income": 2
    },
    "2013-10-31": {
        "Diluted EPS": 0.3,
        "Total Revenue": 54,
        "Gross Profit": 15,
        "Operating Income": 3,
        "EBIT": 4,
        "Net Income": 2
    },
    "2013-07-31": {
        "Diluted EPS": 0.13,
        "Total Revenue": 45,
        "Gross Profit": 12,
        "Operating Income": 2,
        "EBIT": 2,
        "Net Income": 1
    },
    "2013-04-30": {
        "Diluted EPS": 0.48,
        "Total Revenue": 50,
        "Gross Profit": 15,
        "Operating Income": 5,
        "EBIT": 5,
        "Net Income": 3
    },
    "2013-01-31": {
        "Diluted EPS": 0.34,
        "Total Revenue": 44,
        "Gross Profit": 13,
        "Operating Income": 4,
        "EBIT": 5,
        "Net Income": 2
    },
    "2012-10-31": {
        "Diluted EPS": 0.63,
        "Total Revenue": 56,
        "Gross Profit": 17,
        "Operating Income": 5,
        "EBIT": 6,
        "Net Income": 4
    },
    "2012-07-31": {
        "Diluted EPS": 0.61,
        "Total Revenue": 50,
        "Gross Profit": 16,
        "Operating Income": 6,
        "EBIT": 7,
        "Net Income": 4
    },
    "2012-04-30": {
        "Diluted EPS": 0.45,
        "Total Revenue": 46,
        "Gross Profit": 13,
        "Operating Income": 4,
        "EBIT": 5,
        "Net Income": 3
    },
    "2012-01-31": {
        "Diluted EPS": 0.71,
        "Total Revenue": 51,
        "Gross Profit": 16,
        "Operating Income": 7,
        "EBIT": 8,
        "Net Income": 5
    },
    "2011-10-31": {
        "Diluted EPS": 0.41,
        "Total Revenue": 49,
        "Gross Profit": 16,
        "Operating Income": 5,
        "EBIT": 6,
        "Net Income": 3
    },
    "2011-07-31": {
        "Diluted EPS": 0.7,
        "Total Revenue": 51,
        "Gross Profit": 16,
        "Operating Income": 7,
        "EBIT": 8,
        "Net Income": 5
    },
    "2011-04-30": {
        "Diluted EPS": 0.36,
        "Total Revenue": 42,
        "Gross Profit": 13,
        "Operating Income": 3,
        "EBIT": 4,
        "Net Income": 2
    },
    "2011-01-31": {
        "Diluted EPS": 0.24,
        "Total Revenue": 40,
        "Gross Profit": 12,
        "Operating Income": 3,
        "EBIT": 4,
        "Net Income": 2
    },
    "2010-10-31": {
        "Diluted EPS": -0.18,
        "Total Revenue": 35,
        "Gross Profit": 8,
        "Operating Income": -1,
        "EBIT": 0,
        "Net Income": -1
    },
    "2010-07-31": {
        "Diluted EPS": -0.18,
        "Total Revenue": 26,
        "Gross Profit": 5,
        "Operating Income": -2,
        "EBIT": -1,
        "Net Income": -1
    },
    "2010-04-30": {
        "Diluted EPS": -0.24,
        "Total Revenue": 24,
        "Gross Profit": 5,
        "Operating Income": -3,
        "EBIT": -2,
        "Net Income": -2
    },
    "2010-01-31": {
        "Diluted EPS": -0.29,
        "Total Revenue": 21,
        "Gross Profit": 4,
        "Operating Income": -3,
        "EBIT": -2,
        "Net Income": -2
    },
    "2009-10-31": {
        "Diluted EPS": -0.18,
        "Total Revenue": 23,
        "Gross Profit": 7,
        "Operating Income": -1,
        "EBIT": 0,
        "Net Income": -1
    },
    "2009-07-31": {
        "Diluted EPS": -0.19,
        "Total Revenue": 19,
        "Gross Profit": 5,
        "Operating Income": -2,
        "EBIT": -1,
        "Net Income": -1
    },
    "2009-04-30": {
        "Diluted EPS": -0.04,
        "Total Revenue": 20,
        "Gross Profit": 5,
        "Operating Income": -2,
        "EBIT": -1,
        "Net Income": 0
    },
    "2009-01-31": {
        "Diluted EPS": 0.05,
        "Total Revenue": 28,
        "Gross Profit": 9,
        "Operating Income": 1,
        "EBIT": 1,
        "Net Income": 0
    },
    "2023-07-31": {
        "Tax Effect Of Unusual Items": NaN,
        "Tax Rate For Calcs": NaN,
        "Normalized EBITDA": NaN,
        "Total Unusual Items": NaN,
        "Total Unusual Items Excluding Goodwill": NaN,
        "Net Income From Continuing Operation Net Minority Interest": NaN,
        "Reconciled Depreciation": NaN,
        "Reconciled Cost Of Revenue": NaN,
        "EBITDA": NaN,
        "EBIT": NaN,
        "Net Interest Income": NaN,
        "Interest Expense": NaN,
        "Interest Income": NaN,
        "Normalized Income": NaN,
        "Net Income From Continuing And Discontinued Operation": NaN,
        "Total Expenses": NaN,
        "Total Operating Income As Reported": NaN,
        "Diluted Average Shares": 6469000.0,
        "Basic Average Shares": 6462000.0,
        "Diluted EPS": 0.04,
        "Basic EPS": 0.04,
        "Diluted NI Availto Com Stockholders": NaN,
        "Net Income Common Stockholders": NaN,
        "Otherunder Preferred Stock Dividend": NaN,
        "Net Income": NaN,
        "Net Income Including Noncontrolling Interests": NaN,
        "Net Income Continuous Operations": NaN,
        "Tax Provision": NaN,
        "Pretax Income": NaN,
        "Other Income Expense": NaN,
        "Other Non Operating Income Expenses": NaN,
        "Gain On Sale Of Security": NaN,
        "Net Non Operating Interest Income Expense": NaN,
        "Interest Expense Non Operating": NaN,
        "Interest Income Non Operating": NaN,
        "Operating Income": NaN,
        "Operating Expense": NaN,
        "Selling General And Administration": NaN,
        "Gross Profit": NaN,
        "Cost Of Revenue": NaN,
        "Total Revenue": NaN,
        "Operating Revenue": NaN
    },
    "2023-10-31": {
        "Tax Effect Of Unusual Items": 4314.767209,
        "Tax Rate For Calcs": 0.308198,
        "Normalized EBITDA": 4562000.0,
        "Total Unusual Items": 14000.0,
        "Total Unusual Items Excluding Goodwill": 14000.0,
        "Net Income From Continuing Operation Net Minority Interest": 2422000.0,
        "Reconciled Depreciation": 952000.0,
        "Reconciled Cost Of Revenue": 48686000.0,
        "EBITDA": 4576000.0,
        "EBIT": 3624000.0,
        "Net Interest Income": -13000.0,
        "Interest Expense": 123000.0,
        "Interest Income": 110000.0,
        "Normalized Income": 2412314.767209,
        "Net Income From Continuing And Discontinued Operation": 2422000.0,
        "Total Expenses": 62726000.0,
        "Total Operating Income As Reported": 3379000.0,
        "Diluted Average Shares": 6498000.0,
        "Basic Average Shares": 6462000.0,
        "Diluted EPS": 0.36,
        "Basic EPS": 0.37,
        "Diluted NI Availto Com Stockholders": 2388000.0,
        "Net Income Common Stockholders": 2388000.0,
        "Otherunder Preferred Stock Dividend": 34000.0,
        "Net Income": 2422000.0,
        "Net Income Including Noncontrolling Interests": 2422000.0,
        "Net Income Continuous Operations": 2422000.0,
        "Tax Provision": 1079000.0,
        "Pretax Income": 3501000.0,
        "Other Income Expense": 135000.0,
        "Other Non Operating Income Expenses": -373000.0,
        "Gain On Sale Of Security": 14000.0,
        "Net Non Operating Interest Income Expense": -13000.0,
        "Interest Expense Non Operating": 123000.0,
        "Interest Income Non Operating": 110000.0,
        "Operating Income": 3379000.0,
        "Operating Expense": 14040000.0,
        "Selling General And Administration": 14040000.0,
        "Gross Profit": 17419000.0,
        "Cost Of Revenue": 48686000.0,
        "Total Revenue": 66105000.0,
        "Operating Revenue": 66105000.0
    },
    "2024-01-31": {
        "Tax Effect Of Unusual Items": 15930.0,
        "Tax Rate For Calcs": 0.27,
        "Normalized EBITDA": -1269000.0,
        "Total Unusual Items": 59000.0,
        "Total Unusual Items Excluding Goodwill": 59000.0,
        "Net Income From Continuing Operation Net Minority Interest": -1648000.0,
        "Reconciled Depreciation": 908000.0,
        "Reconciled Cost Of Revenue": 35364000.0,
        "EBITDA": -1210000.0,
        "EBIT": -2118000.0,
        "Net Interest Income": 25000.0,
        "Interest Expense": 131000.0,
        "Interest Income": 156000.0,
        "Normalized Income": -1691070.0,
        "Net Income From Continuing And Discontinued Operation": -1648000.0,
        "Total Expenses": 46879000.0,
        "Total Operating Income As Reported": -1820000.0,
        "Diluted Average Shares": 6483000.0,
        "Basic Average Shares": 6483000.0,
        "Diluted EPS": -0.25,
        "Basic EPS": -0.25,
        "Diluted NI Availto Com Stockholders": -1648000.0,
        "Net Income Common Stockholders": -1648000.0,
        "Otherunder Preferred Stock Dividend": 0.0,
        "Net Income": -1648000.0,
        "Net Income Including Noncontrolling Interests": -1648000.0,
        "Net Income Continuous Operations": -1648000.0,
        "Tax Provision": -601000.0,
        "Pretax Income": -2249000.0,
        "Other Income Expense": -454000.0,
        "Other Non Operating Income Expenses": -513000.0,
        "Gain On Sale Of Security": 59000.0,
        "Net Non Operating Interest Income Expense": 25000.0,
        "Interest Expense Non Operating": 131000.0,
        "Interest Income Non Operating": 156000.0,
        "Operating Income": -1820000.0,
        "Operating Expense": 11515000.0,
        "Selling General And Administration": 11515000.0,
        "Gross Profit": 9695000.0,
        "Cost Of Revenue": 35364000.0,
        "Total Revenue": 45059000.0,
        "Operating Revenue": 45059000.0
    },
    "2024-04-30": {
        "Tax Effect Of Unusual Items": 1680.0,
        "Tax Rate For Calcs": 0.21,
        "Normalized EBITDA": -2872000.0,
        "Total Unusual Items": 8000.0,
        "Total Unusual Items Excluding Goodwill": 8000.0,
        "Net Income From Continuing Operation Net Minority Interest": -3922000.0,
        "Reconciled Depreciation": 882000.0,
        "Reconciled Cost Of Revenue": 37153000.0,
        "EBITDA": -2864000.0,
        "EBIT": -3746000.0,
        "Net Interest Income": 28000.0,
        "Interest Expense": 136000.0,
        "Interest Income": 164000.0,
        "Normalized Income": -3928320.0,
        "Net Income From Continuing And Discontinued Operation": -3922000.0,
        "Total Expenses": 48614000.0,
        "Total Operating Income As Reported": -3442000.0,
        "Diluted Average Shares": 6518000.0,
        "Basic Average Shares": 6518000.0,
        "Diluted EPS": -0.61,
        "Basic EPS": -0.61,
        "Diluted NI Availto Com Stockholders": -3922000.0,
        "Net Income Common Stockholders": -3922000.0,
        "Otherunder Preferred Stock Dividend": 0.0,
        "Net Income": -3922000.0,
        "Net Income Including Noncontrolling Interests": -3922000.0,
        "Net Income Continuous Operations": -3922000.0,
        "Tax Provision": 40000.0,
        "Pretax Income": -3882000.0,
        "Other Income Expense": -468000.0,
        "Other Non Operating Income Expenses": -476000.0,
        "Gain On Sale Of Security": 8000.0,
        "Net Non Operating Interest Income Expense": 28000.0,
        "Interest Expense Non Operating": 136000.0,
        "Interest Income Non Operating": 164000.0,
        "Operating Income": -3442000.0,
        "Operating Expense": 11461000.0,
        "Selling General And Administration": 11461000.0,
        "Gross Profit": 8019000.0,
        "Cost Of Revenue": 37153000.0,
        "Total Revenue": 45172000.0,
        "Operating Revenue": 45172000.0
    },
    "2024-07-31": {
        "Tax Effect Of Unusual Items": 12390.0,
        "Tax Rate For Calcs": 0.21,
        "Normalized EBITDA": -1609000.0,
        "Total Unusual Items": 59000.0,
        "Total Unusual Items Excluding Goodwill": 59000.0,
        "Net Income From Continuing Operation Net Minority Interest": -9596000.0,
        "Reconciled Depreciation": 888000.0,
        "Reconciled Cost Of Revenue": 34808000.0,
        "EBITDA": -1550000.0,
        "EBIT": -2438000.0,
        "Net Interest Income": 13000.0,
        "Interest Expense": 159000.0,
        "Interest Income": 172000.0,
        "Normalized Income": -9642610.0,
        "Net Income From Continuing And Discontinued Operation": -9596000.0,
        "Total Expenses": 45184000.0,
        "Total Operating Income As Reported": -2533000.0,
        "Diluted Average Shares": 6513000.0,
        "Basic Average Shares": 6513000.0,
        "Diluted EPS": -1.47,
        "Basic EPS": -1.47,
        "Diluted NI Availto Com Stockholders": -9596000.0,
        "Net Income Common Stockholders": -9596000.0,
        "Otherunder Preferred Stock Dividend": 0.0,
        "Net Income": -9596000.0,
        "Net Income Including Noncontrolling Interests": -9596000.0,
        "Net Income Continuous Operations": -9596000.0,
        "Tax Provision": 6999000.0,
        "Pretax Income": -2597000.0,
        "Other Income Expense": -77000.0,
        "Other Non Operating Income Expenses": -136000.0,
        "Gain On Sale Of Security": 59000.0,
        "Net Non Operating Interest Income Expense": 13000.0,
        "Interest Expense Non Operating": 159000.0,
        "Interest Income Non Operating": 172000.0,
        "Operating Income": -2533000.0,
        "Operating Expense": 10376000.0,
        "Selling General And Administration": 10376000.0,
        "Gross Profit": 7843000.0,
        "Cost Of Revenue": 34808000.0,
        "Total Revenue": 42651000.0,
        "Operating Revenue": 42651000.0
    },
    "2024-10-31": {
        "Tax Effect Of Unusual Items": -9660.0,
        "Tax Rate For Calcs": 0.21,
        "Normalized EBITDA": -70000.0,
        "Total Unusual Items": -46000.0,
        "Total Unusual Items Excluding Goodwill": -46000.0,
        "Net Income From Continuing Operation Net Minority Interest": -1442000.0,
        "Reconciled Depreciation": 854000.0,
        "Reconciled Cost Of Revenue": 41516000.0,
        "EBITDA": -116000.0,
        "EBIT": -970000.0,
        "Net Interest Income": -23000.0,
        "Interest Expense": 152000.0,
        "Interest Income": 129000.0,
        "Normalized Income": -1405660.0,
        "Net Income From Continuing And Discontinued Operation": -1442000.0,
        "Total Expenses": 54193000.0,
        "Total Operating Income As Reported": -491000.0,
        "Diluted Average Shares": NaN,
        "Basic Average Shares": NaN,
        "Diluted EPS": NaN,
        "Basic EPS": NaN,
        "Diluted NI Availto Com Stockholders": -1442000.0,
        "Net Income Common Stockholders": -1442000.0,
        "Otherunder Preferred Stock Dividend": 0.0,
        "Net Income": -1442000.0,
        "Net Income Including Noncontrolling Interests": -1442000.0,
        "Net Income Continuous Operations": -1442000.0,
        "Tax Provision": 320000.0,
        "Pretax Income": -1122000.0,
        "Other Income Expense": -608000.0,
        "Other Non Operating Income Expenses": -854000.0,
        "Gain On Sale Of Security": -46000.0,
        "Net Non Operating Interest Income Expense": -23000.0,
        "Interest Expense Non Operating": 152000.0,
        "Interest Income Non Operating": 129000.0,
        "Operating Income": -491000.0,
        "Operating Expense": 12677000.0,
        "Selling General And Administration": 12677000.0,
        "Gross Profit": 12186000.0,
        "Cost Of Revenue": 41516000.0,
        "Total Revenue": 53702000.0,
        "Operating Revenue": 53702000.0
    }
}