{
    "2023-06-30": {
        "Tax Effect Of Unusual Items": -499506.0,
        "Tax Rate For Calcs": 0.294,
        "Normalized EBITDA": 49260000.0,
        "Total Unusual Items": -1699000.0,
        "Total Unusual Items Excluding Goodwill": -1699000.0,
        "Net Income From Continuing Operation Net Minority Interest": 24712000.0,
        "Reconciled Depreciation": 6142000.0,
        "Reconciled Cost Of Revenue": 243320000.0,
        "EBITDA": 47561000.0,
        "EBIT": 41418000.0,
        "Net Interest Income": -5796000.0,
        "Normalized Income": 25911494.0,
        "Net Income From Continuing And Discontinued Operation": 24712000.0,
        "Total Expenses": 313481000.0,
        "Total Operating Income As Reported": 39719000.0,
        "Diluted Average Shares": 19486000.0,
        "Basic Average Shares": 18939000.0,
        "Diluted EPS": 1.27,
        "Basic EPS": 1.3,
        "Diluted NI Availto Com Stockholders": 24712000.0,
        "Net Income Common Stockholders": 24712000.0,
        "Net Income": 24712000.0,
        "Net Income Including Noncontrolling Interests": 24712000.0,
        "Net Income Continuous Operations": 24712000.0,
        "Tax Provision": 10273000.0,
        "Pretax Income": 34985000.0,
        "Other Income Expense": -637000.0,
        "Other Non Operating Income Expenses": 1062000.0,
        "Special Income Charges": -1699000.0,
        "Restructuring And Mergern Acquisition": 1699000.0,
        "Net Non Operating Interest Income Expense": -5796000.0,
        "Total Other Finance Cost": 5796000.0,
        "Operating Income": 41418000.0,
        "Operating Expense": 70162000.0,
        "Depreciation Amortization Depletion Income Statement": 6143000.0,
        "Depreciation And Amortization In Income Statement": 6143000.0,
        "Depreciation Income Statement": NaN,
        "Selling General And Administration": 64019000.0,
        "Gross Profit": 111580000.0,
        "Cost Of Revenue": 243319000.0,
        "Total Revenue": 354899000.0,
        "Operating Revenue": 346759000.0
    },
    "2023-03-31": {
        "Tax Effect Of Unusual Items": -349452.0,
        "Tax Rate For Calcs": 0.153,
        "Normalized EBITDA": 29406000.0,
        "Total Unusual Items": -2284000.0,
        "Total Unusual Items Excluding Goodwill": -2284000.0,
        "Net Income From Continuing Operation Net Minority Interest": 13419000.0,
        "Reconciled Depreciation": 6407000.0,
        "Reconciled Cost Of Revenue": 236974000.0,
        "EBITDA": 27122000.0,
        "EBIT": 20715000.0,
        "Net Interest Income": -4303000.0,
        "Normalized Income": 15353548.0,
        "Net Income From Continuing And Discontinued Operation": 13419000.0,
        "Total Expenses": 305670000.0,
        "Total Operating Income As Reported": 18431000.0,
        "Diluted Average Shares": 19699000.0,
        "Basic Average Shares": 19119000.0,
        "Diluted EPS": 0.68,
        "Basic EPS": 0.7,
        "Diluted NI Availto Com Stockholders": 13419000.0,
        "Net Income Common Stockholders": 13419000.0,
        "Net Income": 13419000.0,
        "Net Income Including Noncontrolling Interests": 13419000.0,
        "Net Income Continuous Operations": 13419000.0,
        "Tax Provision": 2428000.0,
        "Pretax Income": 15847000.0,
        "Other Income Expense": -565000.0,
        "Other Non Operating Income Expenses": 1719000.0,
        "Special Income Charges": -2284000.0,
        "Restructuring And Mergern Acquisition": 2284000.0,
        "Net Non Operating Interest Income Expense": -4303000.0,
        "Total Other Finance Cost": 4303000.0,
        "Operating Income": 20715000.0,
        "Operating Expense": 68663000.0,
        "Depreciation Amortization Depletion Income Statement": 6374000.0,
        "Depreciation And Amortization In Income Statement": 6374000.0,
        "Depreciation Income Statement": 6374000.0,
        "Selling General And Administration": 62289000.0,
        "Gross Profit": 89378000.0,
        "Cost Of Revenue": 237007000.0,
        "Total Revenue": 326385000.0,
        "Operating Revenue": 317895000.0
    },
    "2022-12-31": {
        "Tax Effect Of Unusual Items": -1332244.672657,
        "Tax Rate For Calcs": 0.268977,
        "Normalized EBITDA": 42186000.0,
        "Total Unusual Items": -4953000.0,
        "Total Unusual Items Excluding Goodwill": -4953000.0,
        "Net Income From Continuing Operation Net Minority Interest": 17084000.0,
        "Reconciled Depreciation": 6781000.0,
        "Reconciled Cost Of Revenue": 223455000.0,
        "EBITDA": 37233000.0,
        "EBIT": 30452000.0,
        "Net Interest Income": -4130000.0,
        "Normalized Income": 20704755.327343,
        "Net Income From Continuing And Discontinued Operation": 17084000.0,
        "Total Expenses": 290731000.0,
        "Total Operating Income As Reported": 25499000.0,
        "Diluted Average Shares": 20159000.0,
        "Basic Average Shares": 19470000.0,
        "Diluted EPS": 0.85,
        "Basic EPS": 0.88,
        "Diluted NI Availto Com Stockholders": 17084000.0,
        "Net Income Common Stockholders": 17084000.0,
        "Net Income": 17084000.0,
        "Net Income Including Noncontrolling Interests": 17084000.0,
        "Net Income Continuous Operations": 17084000.0,
        "Tax Provision": 6286000.0,
        "Pretax Income": 23370000.0,
        "Other Income Expense": -2952000.0,
        "Other Non Operating Income Expenses": 2001000.0,
        "Special Income Charges": -4953000.0,
        "Restructuring And Mergern Acquisition": 4953000.0,
        "Net Non Operating Interest Income Expense": -4130000.0,
        "Total Other Finance Cost": 4130000.0,
        "Operating Income": 30452000.0,
        "Operating Expense": 67276000.0,
        "Depreciation Amortization Depletion Income Statement": 6781000.0,
        "Depreciation And Amortization In Income Statement": 6781000.0,
        "Selling General And Administration": 60495000.0,
        "Gross Profit": 97728000.0,
        "Cost Of Revenue": 223455000.0,
        "Total Revenue": 321183000.0,
        "Operating Revenue": 313711000.0
    },
    "2022-09-30": {
        "Tax Effect Of Unusual Items": -402264.0,
        "Tax Rate For Calcs": 0.302,
        "Normalized EBITDA": 38775000.0,
        "Total Unusual Items": -1332000.0,
        "Total Unusual Items Excluding Goodwill": -1332000.0,
        "Net Income From Continuing Operation Net Minority Interest": 17741000.0,
        "Reconciled Depreciation": 6812000.0,
        "Reconciled Cost Of Revenue": 200285000.0,
        "EBITDA": 37443000.0,
        "EBIT": 30631000.0,
        "Net Interest Income": -3111000.0,
        "Normalized Income": 18670736.0,
        "Net Income From Continuing And Discontinued Operation": 17741000.0,
        "Total Expenses": 261555000.0,
        "Total Operating Income As Reported": 29299000.0,
        "Diluted Average Shares": 20615000.0,
        "Basic Average Shares": 20109000.0,
        "Diluted EPS": 0.86,
        "Basic EPS": 0.88,
        "Diluted NI Availto Com Stockholders": 17741000.0,
        "Net Income Common Stockholders": 17741000.0,
        "Net Income": 17741000.0,
        "Net Income Including Noncontrolling Interests": 17741000.0,
        "Net Income Continuous Operations": 17741000.0,
        "Tax Provision": 7662000.0,
        "Pretax Income": 25403000.0,
        "Other Income Expense": -2117000.0,
        "Other Non Operating Income Expenses": -785000.0,
        "Special Income Charges": -1332000.0,
        "Restructuring And Mergern Acquisition": 1332000.0,
        "Net Non Operating Interest Income Expense": -3111000.0,
        "Total Other Finance Cost": 3111000.0,
        "Operating Income": 30631000.0,
        "Operating Expense": 61270000.0,
        "Depreciation Amortization Depletion Income Statement": 6812000.0,
        "Depreciation And Amortization In Income Statement": 6812000.0,
        "Depreciation Income Statement": NaN,
        "Selling General And Administration": 54458000.0,
        "Gross Profit": 91901000.0,
        "Cost Of Revenue": 200285000.0,
        "Total Revenue": 292186000.0,
        "Operating Revenue": 285370000.0
    },
    "2022-06-30": {
        "Tax Effect Of Unusual Items": -744840.0,
        "Tax Rate For Calcs": 0.36,
        "Normalized EBITDA": 40044000.0,
        "Total Unusual Items": -2069000.0,
        "Total Unusual Items Excluding Goodwill": -2069000.0,
        "Net Income From Continuing Operation Net Minority Interest": 13875000.0,
        "Reconciled Depreciation": 6902000.0,
        "Reconciled Cost Of Revenue": 196809000.0,
        "EBITDA": 37975000.0,
        "EBIT": 31073000.0,
        "Net Interest Income": -2446000.0,
        "Normalized Income": 15199160.0,
        "Net Income From Continuing And Discontinued Operation": 13875000.0,
        "Total Expenses": 249744000.0,
        "Total Operating Income As Reported": 29004000.0,
        "Diluted Average Shares": 20967000.0,
        "Basic Average Shares": 20582000.0,
        "Diluted EPS": 0.66,
        "Basic EPS": 0.67,
        "Diluted NI Availto Com Stockholders": 13875000.0,
        "Net Income Common Stockholders": 13875000.0,
        "Net Income": 13875000.0,
        "Net Income Including Noncontrolling Interests": 13875000.0,
        "Net Income Continuous Operations": 13875000.0,
        "Tax Provision": 7802000.0,
        "Pretax Income": 21677000.0,
        "Other Income Expense": -6950000.0,
        "Other Non Operating Income Expenses": -4881000.0,
        "Special Income Charges": -2069000.0,
        "Restructuring And Mergern Acquisition": 2069000.0,
        "Net Non Operating Interest Income Expense": -2446000.0,
        "Total Other Finance Cost": 2446000.0,
        "Operating Income": 31073000.0,
        "Operating Expense": 52935000.0,
        "Depreciation Amortization Depletion Income Statement": 6902000.0,
        "Depreciation And Amortization In Income Statement": 6902000.0,
        "Depreciation Income Statement": NaN,
        "Selling General And Administration": 46033000.0,
        "Gross Profit": 84008000.0,
        "Cost Of Revenue": 196809000.0,
        "Total Revenue": 280817000.0,
        "Operating Revenue": 273325000.0
    },
    "2022-03-31": {
        "Diluted EPS": 1.27,
        "Total Revenue": 265,
        "Gross Profit": 73,
        "Operating Income": 16,
        "EBIT": 23,
        "Net Income": 27
    },
    "2021-12-31": {
        "Diluted EPS": 1.42,
        "Total Revenue": 261,
        "Gross Profit": 75,
        "Operating Income": 10,
        "EBIT": 17,
        "Net Income": 31
    },
    "2021-09-30": {
        "Diluted EPS": 0.64,
        "Total Revenue": 228,
        "Gross Profit": 70,
        "Operating Income": 18,
        "EBIT": 25,
        "Net Income": 14
    },
    "2021-06-30": {
        "Diluted EPS": 0.59,
        "Total Revenue": 233,
        "Gross Profit": 69,
        "Operating Income": 16,
        "EBIT": 23,
        "Net Income": 13
    },
    "2021-03-31": {
        "Diluted EPS": 0.24,
        "Total Revenue": 205,
        "Gross Profit": 55,
        "Operating Income": 8,
        "EBIT": 15,
        "Net Income": 5
    },
    "2020-12-31": {
        "Diluted EPS": -0.26,
        "Total Revenue": 200,
        "Gross Profit": 61,
        "Operating Income": -13,
        "EBIT": -5,
        "Net Income": -6
    },
    "2020-09-30": {
        "Diluted EPS": 0.5,
        "Total Revenue": 208,
        "Gross Profit": 58,
        "Operating Income": 14,
        "EBIT": 21,
        "Net Income": 11
    },
    "2020-06-30": {
        "Diluted EPS": 0.61,
        "Total Revenue": 221,
        "Gross Profit": 67,
        "Operating Income": 16,
        "EBIT": 24,
        "Net Income": 14
    },
    "2020-03-31": {
        "Diluted EPS": -1.94,
        "Total Revenue": 242,
        "Gross Profit": 65,
        "Operating Income": -46,
        "EBIT": 22,
        "Net Income": -42
    },
    "2019-12-31": {
        "Diluted EPS": 0.62,
        "Total Revenue": 255,
        "Gross Profit": 77,
        "Operating Income": 18,
        "EBIT": 28,
        "Net Income": 14
    },
    "2019-09-30": {
        "Diluted EPS": 0.61,
        "Total Revenue": 243,
        "Gross Profit": 75,
        "Operating Income": 21,
        "EBIT": 32,
        "Net Income": 14
    },
    "2019-06-30": {
        "Diluted EPS": 0.47,
        "Total Revenue": 244,
        "Gross Profit": 78,
        "Operating Income": 18,
        "EBIT": 29,
        "Net Income": 10
    },
    "2019-03-31": {
        "Diluted EPS": 0.15,
        "Total Revenue": 223,
        "Gross Profit": 65,
        "Operating Income": 7,
        "EBIT": 18,
        "Net Income": 3
    },
    "2018-12-31": {
        "Diluted EPS": 0.14,
        "Total Revenue": 229,
        "Gross Profit": 72,
        "Operating Income": 17,
        "EBIT": 29,
        "Net Income": 3
    },
    "2018-09-30": {
        "Diluted EPS": 0.38,
        "Total Revenue": 220,
        "Gross Profit": 69,
        "Operating Income": 14,
        "EBIT": 26,
        "Net Income": 8
    },
    "2018-06-30": {
        "Diluted EPS": 0.25,
        "Total Revenue": 218,
        "Gross Profit": 69,
        "Operating Income": 19,
        "EBIT": 32,
        "Net Income": 5
    },
    "2018-03-31": {
        "Diluted EPS": -0.15,
        "Total Revenue": 211,
        "Gross Profit": 60,
        "Operating Income": 2,
        "EBIT": 15,
        "Net Income": -3
    },
    "2017-12-31": {
        "Diluted EPS": -1.39,
        "Total Revenue": 205,
        "Gross Profit": 72,
        "Operating Income": -27,
        "EBIT": 31,
        "Net Income": -30
    },
    "2017-09-30": {
        "Diluted EPS": 0.2,
        "Total Revenue": 194,
        "Gross Profit": 60,
        "Operating Income": 6,
        "EBIT": 22,
        "Net Income": 4
    },
    "2017-06-30": {
        "Diluted EPS": -6.99,
        "Total Revenue": 202,
        "Gross Profit": 65,
        "Operating Income": -201,
        "EBIT": 24,
        "Net Income": -150
    },
    "2017-03-31": {
        "Diluted EPS": 0.25,
        "Total Revenue": 206,
        "Gross Profit": 70,
        "Operating Income": 14,
        "EBIT": 29,
        "Net Income": 5
    },
    "2016-12-31": {
        "Diluted EPS": 0.2,
        "Total Revenue": 195,
        "Gross Profit": 60,
        "Operating Income": 8,
        "EBIT": 23,
        "Net Income": 4
    },
    "2016-09-30": {
        "Diluted EPS": 0.57,
        "Total Revenue": 202,
        "Gross Profit": 71,
        "Operating Income": 23,
        "EBIT": 38,
        "Net Income": 12
    },
    "2016-06-30": {
        "Diluted EPS": 0.71,
        "Total Revenue": 203,
        "Gross Profit": 77,
        "Operating Income": 28,
        "EBIT": 42,
        "Net Income": 15
    },
    "2016-03-31": {
        "Diluted EPS": 0.28,
        "Total Revenue": 197,
        "Gross Profit": 65,
        "Operating Income": 14,
        "EBIT": 28,
        "Net Income": 6
    },
    "2015-12-31": {
        "Diluted EPS": 0.85,
        "Total Revenue": 202,
        "Gross Profit": 76,
        "Operating Income": 37,
        "EBIT": 59,
        "Net Income": 19
    },
    "2015-09-30": {
        "Diluted EPS": 0.86,
        "Total Revenue": 192,
        "Gross Profit": 76,
        "Operating Income": 30,
        "EBIT": 46,
        "Net Income": 19
    },
    "2015-06-30": {
        "Diluted EPS": 0.83,
        "Total Revenue": 205,
        "Gross Profit": 78,
        "Operating Income": 29,
        "EBIT": 45,
        "Net Income": 19
    },
    "2015-03-31": {
        "Diluted EPS": 0.07,
        "Total Revenue": 171,
        "Gross Profit": 50,
        "Operating Income": 8,
        "EBIT": 21,
        "Net Income": 2
    },
    "2014-12-31": {
        "Diluted EPS": 0.58,
        "Total Revenue": 24,
        "Gross Profit": 2,
        "Operating Income": -9,
        "EBIT": 2,
        "Net Income": 13
    },
    "2014-09-30": {
        "Diluted EPS": 0.53,
        "Total Revenue": 217,
        "Gross Profit": 67,
        "Operating Income": 21,
        "EBIT": 30,
        "Net Income": 12
    },
    "2014-06-30": {
        "Diluted EPS": 0.86,
        "Total Revenue": 231,
        "Gross Profit": 84,
        "Operating Income": 34,
        "EBIT": 42,
        "Net Income": 20
    },
    "2014-03-31": {
        "Diluted EPS": 1.48,
        "Total Revenue": 230,
        "Gross Profit": 86,
        "Operating Income": 42,
        "EBIT": 49,
        "Net Income": 34
    },
    "2013-12-31": {
        "Diluted EPS": 0.98,
        "Total Revenue": 43,
        "Gross Profit": 20,
        "Operating Income": 7,
        "EBIT": 14,
        "Net Income": 22
    },
    "2013-09-30": {
        "Diluted EPS": 0.75,
        "Total Revenue": 192,
        "Gross Profit": 68,
        "Operating Income": 31,
        "EBIT": 38,
        "Net Income": 17
    },
    "2013-06-30": {
        "Diluted EPS": 0.69,
        "Total Revenue": 189,
        "Gross Profit": 67,
        "Operating Income": 31,
        "EBIT": 36,
        "Net Income": 16
    },
    "2013-03-31": {
        "Diluted EPS": 0.5,
        "Total Revenue": 179,
        "Gross Profit": 57,
        "Operating Income": 21,
        "EBIT": 27,
        "Net Income": 11
    },
    "2012-12-31": {
        "Diluted EPS": 0.83,
        "Total Revenue": 195,
        "Gross Profit": 70,
        "Operating Income": 35,
        "EBIT": 42,
        "Net Income": 19
    },
    "2012-09-30": {
        "Diluted EPS": 0.47,
        "Total Revenue": 175,
        "Gross Profit": 73,
        "Operating Income": 21,
        "EBIT": 40,
        "Net Income": 10
    },
    "2012-06-30": {
        "Diluted EPS": 0.29,
        "Total Revenue": 159,
        "Gross Profit": 53,
        "Operating Income": 15,
        "EBIT": 21,
        "Net Income": 7
    },
    "2012-03-31": {
        "Diluted EPS": 0.04,
        "Total Revenue": 152,
        "Gross Profit": 42,
        "Operating Income": 4,
        "EBIT": 10,
        "Net Income": 1
    },
    "2011-12-31": {
        "Diluted EPS": 0.3,
        "Total Revenue": 176,
        "Gross Profit": 59,
        "Operating Income": 19,
        "EBIT": 25,
        "Net Income": 7
    },
    "2011-09-30": {
        "Diluted EPS": 0.02,
        "Total Revenue": 167,
        "Gross Profit": 61,
        "Operating Income": 4,
        "EBIT": 34,
        "Net Income": 0
    },
    "2011-06-30": {
        "Diluted EPS": 0.44,
        "Total Revenue": 166,
        "Gross Profit": 62,
        "Operating Income": 22,
        "EBIT": 28,
        "Net Income": 9
    },
    "2011-03-31": {
        "Diluted EPS": 0.19,
        "Total Revenue": 149,
        "Gross Profit": 48,
        "Operating Income": 11,
        "EBIT": 17,
        "Net Income": 4
    },
    "2010-12-31": {
        "Diluted EPS": -0.18,
        "Total Revenue": 113,
        "Gross Profit": 45,
        "Operating Income": -7,
        "EBIT": -1,
        "Net Income": -4
    },
    "2010-09-30": {
        "Diluted EPS": 0.36,
        "Total Revenue": 158,
        "Gross Profit": 58,
        "Operating Income": 25,
        "EBIT": 30,
        "Net Income": 7
    },
    "2010-06-30": {
        "Diluted EPS": 0.11,
        "Total Revenue": 148,
        "Gross Profit": 53,
        "Operating Income": 10,
        "EBIT": 15,
        "Net Income": 2
    },
    "2010-03-31": {
        "Diluted EPS": 0.12,
        "Total Revenue": 139,
        "Gross Profit": 43,
        "Operating Income": 7,
        "EBIT": 13,
        "Net Income": 3
    },
    "2009-12-31": {
        "Diluted EPS": 0.74,
        "Total Revenue": 76,
        "Gross Profit": 42,
        "Operating Income": 68,
        "EBIT": 79,
        "Net Income": 14
    },
    "2009-09-30": {
        "Diluted EPS": -3.16,
        "Total Revenue": 162,
        "Gross Profit": 58,
        "Operating Income": -58,
        "EBIT": 55,
        "Net Income": -64
    },
    "2009-06-30": {
        "Diluted EPS": 0.47,
        "Total Revenue": 167,
        "Gross Profit": 55,
        "Operating Income": 15,
        "EBIT": 22,
        "Net Income": 10
    },
    "2009-03-31": {
        "Diluted EPS": 0.35,
        "Total Revenue": 165,
        "Gross Profit": 55,
        "Operating Income": 14,
        "EBIT": 22,
        "Net Income": 7
    },
    "2023-09-30": {
        "Tax Effect Of Unusual Items": -1685424.0,
        "Tax Rate For Calcs": 0.312,
        "Normalized EBITDA": 54250000.0,
        "Total Unusual Items": -5402000.0,
        "Total Unusual Items Excluding Goodwill": -5402000.0,
        "Net Income From Continuing Operation Net Minority Interest": 21516000.0,
        "Reconciled Depreciation": 6104000.0,
        "Reconciled Cost Of Revenue": 254271000.0,
        "EBITDA": 48848000.0,
        "EBIT": 42744000.0,
        "Net Interest Income": -5047000.0,
        "Normalized Income": 25232576.0,
        "Net Income From Continuing And Discontinued Operation": 21516000.0,
        "Total Expenses": 324722000.0,
        "Total Operating Income As Reported": 37342000.0,
        "Diluted Average Shares": 19475000.0,
        "Basic Average Shares": 18770000.0,
        "Diluted EPS": 1.1,
        "Basic EPS": 1.15,
        "Diluted NI Availto Com Stockholders": 21516000.0,
        "Net Income Common Stockholders": 21516000.0,
        "Net Income": 21516000.0,
        "Net Income Including Noncontrolling Interests": 21516000.0,
        "Net Income Continuous Operations": 21516000.0,
        "Tax Provision": 9779000.0,
        "Pretax Income": 31295000.0,
        "Other Income Expense": -6402000.0,
        "Other Non Operating Income Expenses": -1000000.0,
        "Special Income Charges": -5402000.0,
        "Restructuring And Mergern Acquisition": 5402000.0,
        "Net Non Operating Interest Income Expense": -5047000.0,
        "Total Other Finance Cost": 5047000.0,
        "Operating Income": 42744000.0,
        "Operating Expense": 70451000.0,
        "Depreciation Amortization Depletion Income Statement": 6104000.0,
        "Depreciation And Amortization In Income Statement": 6104000.0,
        "Depreciation Income Statement": NaN,
        "Selling General And Administration": 64347000.0,
        "Gross Profit": 113195000.0,
        "Cost Of Revenue": 254271000.0,
        "Total Revenue": 367466000.0,
        "Operating Revenue": 358178000.0
    },
    "2023-12-31": {
        "Tax Effect Of Unusual Items": -454650.0,
        "Tax Rate For Calcs": 0.21,
        "Normalized EBITDA": 40471000.0,
        "Total Unusual Items": -2165000.0,
        "Total Unusual Items Excluding Goodwill": -2165000.0,
        "Net Income From Continuing Operation Net Minority Interest": 2832000.0,
        "Reconciled Depreciation": 6285000.0,
        "Reconciled Cost Of Revenue": 244866000.0,
        "EBITDA": 38306000.0,
        "EBIT": 32021000.0,
        "Net Interest Income": -4427000.0,
        "Normalized Income": 4542350.0,
        "Net Income From Continuing And Discontinued Operation": 2832000.0,
        "Total Expenses": 317984000.0,
        "Total Operating Income As Reported": 29856000.0,
        "Diluted Average Shares": 19389000.0,
        "Basic Average Shares": 18510000.0,
        "Diluted EPS": 0.15,
        "Basic EPS": 0.15,
        "Diluted NI Availto Com Stockholders": 2832000.0,
        "Net Income Common Stockholders": 2832000.0,
        "Net Income": 2832000.0,
        "Net Income Including Noncontrolling Interests": 2832000.0,
        "Net Income Continuous Operations": 2832000.0,
        "Tax Provision": -1064000.0,
        "Pretax Income": 1768000.0,
        "Other Income Expense": -25826000.0,
        "Other Non Operating Income Expenses": -23661000.0,
        "Special Income Charges": -2165000.0,
        "Restructuring And Mergern Acquisition": 2165000.0,
        "Net Non Operating Interest Income Expense": -4427000.0,
        "Total Other Finance Cost": 4427000.0,
        "Operating Income": 32021000.0,
        "Operating Expense": 73118000.0,
        "Depreciation Amortization Depletion Income Statement": 6285000.0,
        "Depreciation And Amortization In Income Statement": 6285000.0,
        "Depreciation Income Statement": NaN,
        "Selling General And Administration": 66833000.0,
        "Gross Profit": 105139000.0,
        "Cost Of Revenue": 244866000.0,
        "Total Revenue": 350005000.0,
        "Operating Revenue": 339228000.0
    },
    "2024-03-31": {
        "Tax Effect Of Unusual Items": -934800.0,
        "Tax Rate For Calcs": 0.4,
        "Normalized EBITDA": 30567000.0,
        "Total Unusual Items": -2337000.0,
        "Total Unusual Items Excluding Goodwill": -2337000.0,
        "Net Income From Continuing Operation Net Minority Interest": 18006000.0,
        "Reconciled Depreciation": 5972000.0,
        "Reconciled Cost Of Revenue": 260887000.0,
        "EBITDA": 28230000.0,
        "EBIT": 22258000.0,
        "Net Interest Income": -5140000.0,
        "Normalized Income": 19408200.0,
        "Net Income From Continuing And Discontinued Operation": 18006000.0,
        "Total Expenses": 341127000.0,
        "Total Operating Income As Reported": 19921000.0,
        "Diluted Average Shares": 18943000.0,
        "Basic Average Shares": 18196000.0,
        "Diluted EPS": 0.95,
        "Basic EPS": 0.99,
        "Diluted NI Availto Com Stockholders": 18006000.0,
        "Net Income Common Stockholders": 18006000.0,
        "Net Income": 18006000.0,
        "Net Income Including Noncontrolling Interests": 18006000.0,
        "Net Income Continuous Operations": 18006000.0,
        "Tax Provision": -446000.0,
        "Pretax Income": 17560000.0,
        "Other Income Expense": 442000.0,
        "Other Non Operating Income Expenses": 2779000.0,
        "Special Income Charges": -2337000.0,
        "Restructuring And Mergern Acquisition": 2337000.0,
        "Net Non Operating Interest Income Expense": -5140000.0,
        "Total Other Finance Cost": 5140000.0,
        "Operating Income": 22258000.0,
        "Operating Expense": 80240000.0,
        "Depreciation Amortization Depletion Income Statement": 5972000.0,
        "Depreciation And Amortization In Income Statement": 5972000.0,
        "Depreciation Income Statement": 5972000.0,
        "Selling General And Administration": 74268000.0,
        "Gross Profit": 102498000.0,
        "Cost Of Revenue": 260887000.0,
        "Total Revenue": 363385000.0,
        "Operating Revenue": 355961000.0
    }
}