{
    "2023-03-31": {
        "Tax Effect Of Unusual Items": 379253.036667,
        "Tax Rate For Calcs": 0.016404,
        "Normalized EBITDA": 4977000.0,
        "Total Unusual Items": 23120000.0,
        "Total Unusual Items Excluding Goodwill": 23120000.0,
        "Net Income From Continuing Operation Net Minority Interest": 17329000.0,
        "Reconciled Depreciation": 2299000.0,
        "Reconciled Cost Of Revenue": 7431000.0,
        "EBITDA": 28097000.0,
        "EBIT": 25193000.0,
        "Net Interest Income": -7575000.0,
        "Interest Expense": 7575000.0,
        "Normalized Income": -5411746.963333,
        "Net Income From Continuing And Discontinued Operation": 17329000.0,
        "Total Expenses": 18229000.0,
        "Total Operating Income As Reported": -1774000.0,
        "Diluted Average Shares": NaN,
        "Basic Average Shares": NaN,
        "Diluted EPS": NaN,
        "Basic EPS": NaN,
        "Diluted NI Availto Com Stockholders": 17329000.0,
        "Net Income Common Stockholders": 17329000.0,
        "Net Income": 17329000.0,
        "Minority Interests": NaN,
        "Net Income Including Noncontrolling Interests": 17329000.0,
        "Net Income Discontinuous Operations": NaN,
        "Net Income Continuous Operations": 17329000.0,
        "Tax Provision": 289000.0,
        "Pretax Income": 17618000.0,
        "Other Income Expense": 26404000.0,
        "Special Income Charges": 23120000.0,
        "Gain On Sale Of Ppe": NaN,
        "Other Special Charges": NaN,
        "Write Off": 563000.0,
        "Impairment Of Capital Assets": 0.0,
        "Earnings From Equity Interest": 3284000.0,
        "Gain On Sale Of Security": 1372000.0,
        "Net Non Operating Interest Income Expense": -7575000.0,
        "Interest Expense Non Operating": 7575000.0,
        "Operating Income": -1211000.0,
        "Operating Expense": 11403000.0,
        "Depreciation Amortization Depletion Income Statement": 2904000.0,
        "Depreciation And Amortization In Income Statement": 2904000.0,
        "Selling General And Administration": 8499000.0,
        "General And Administrative Expense": 8499000.0,
        "Other Gand A": 8499000.0,
        "Gross Profit": 10192000.0,
        "Cost Of Revenue": 6826000.0,
        "Total Revenue": 17018000.0,
        "Operating Revenue": 14403000.0
    },
    "2022-12-31": {
        "Tax Effect Of Unusual Items": NaN,
        "Tax Rate For Calcs": NaN,
        "Normalized EBITDA": NaN,
        "Total Unusual Items": NaN,
        "Total Unusual Items Excluding Goodwill": NaN,
        "Net Income From Continuing Operation Net Minority Interest": NaN,
        "Reconciled Depreciation": NaN,
        "Reconciled Cost Of Revenue": NaN,
        "EBITDA": NaN,
        "EBIT": NaN,
        "Net Interest Income": NaN,
        "Interest Expense": NaN,
        "Normalized Income": NaN,
        "Net Income From Continuing And Discontinued Operation": NaN,
        "Total Expenses": NaN,
        "Total Operating Income As Reported": NaN,
        "Diluted Average Shares": NaN,
        "Basic Average Shares": NaN,
        "Diluted EPS": NaN,
        "Basic EPS": NaN,
        "Diluted NI Availto Com Stockholders": NaN,
        "Net Income Common Stockholders": NaN,
        "Net Income": NaN,
        "Minority Interests": NaN,
        "Net Income Including Noncontrolling Interests": NaN,
        "Net Income Discontinuous Operations": NaN,
        "Net Income Continuous Operations": NaN,
        "Tax Provision": NaN,
        "Pretax Income": NaN,
        "Other Income Expense": NaN,
        "Special Income Charges": NaN,
        "Gain On Sale Of Ppe": NaN,
        "Other Special Charges": NaN,
        "Write Off": 986000.0,
        "Impairment Of Capital Assets": 64560000.0,
        "Earnings From Equity Interest": NaN,
        "Gain On Sale Of Security": 652000.0,
        "Net Non Operating Interest Income Expense": NaN,
        "Interest Expense Non Operating": NaN,
        "Operating Income": NaN,
        "Operating Expense": NaN,
        "Depreciation Amortization Depletion Income Statement": NaN,
        "Depreciation And Amortization In Income Statement": NaN,
        "Selling General And Administration": NaN,
        "General And Administrative Expense": NaN,
        "Other Gand A": NaN,
        "Gross Profit": NaN,
        "Cost Of Revenue": NaN,
        "Total Revenue": NaN,
        "Operating Revenue": NaN
    },
    "2022-09-30": {
        "Tax Effect Of Unusual Items": NaN,
        "Tax Rate For Calcs": NaN,
        "Normalized EBITDA": NaN,
        "Total Unusual Items": NaN,
        "Total Unusual Items Excluding Goodwill": NaN,
        "Net Income From Continuing Operation Net Minority Interest": NaN,
        "Reconciled Depreciation": NaN,
        "Reconciled Cost Of Revenue": NaN,
        "EBITDA": NaN,
        "EBIT": NaN,
        "Net Interest Income": NaN,
        "Interest Expense": NaN,
        "Normalized Income": NaN,
        "Net Income From Continuing And Discontinued Operation": NaN,
        "Total Expenses": NaN,
        "Total Operating Income As Reported": NaN,
        "Diluted Average Shares": 88550105.0,
        "Basic Average Shares": 88550105.0,
        "Diluted EPS": -0.006324,
        "Basic EPS": -0.006324,
        "Diluted NI Availto Com Stockholders": NaN,
        "Net Income Common Stockholders": NaN,
        "Net Income": NaN,
        "Minority Interests": NaN,
        "Net Income Including Noncontrolling Interests": NaN,
        "Net Income Discontinuous Operations": NaN,
        "Net Income Continuous Operations": NaN,
        "Tax Provision": NaN,
        "Pretax Income": NaN,
        "Other Income Expense": NaN,
        "Special Income Charges": NaN,
        "Gain On Sale Of Ppe": NaN,
        "Other Special Charges": NaN,
        "Write Off": 1286000.0,
        "Impairment Of Capital Assets": NaN,
        "Earnings From Equity Interest": 0.0,
        "Gain On Sale Of Security": 1549000.0,
        "Net Non Operating Interest Income Expense": NaN,
        "Interest Expense Non Operating": NaN,
        "Operating Income": NaN,
        "Operating Expense": NaN,
        "Depreciation Amortization Depletion Income Statement": NaN,
        "Depreciation And Amortization In Income Statement": NaN,
        "Selling General And Administration": NaN,
        "General And Administrative Expense": NaN,
        "Other Gand A": NaN,
        "Gross Profit": NaN,
        "Cost Of Revenue": NaN,
        "Total Revenue": NaN,
        "Operating Revenue": NaN
    },
    "2022-06-30": {
        "Tax Effect Of Unusual Items": -24636000.0,
        "Tax Rate For Calcs": 0.4,
        "Normalized EBITDA": 5104000.0,
        "Total Unusual Items": -61590000.0,
        "Total Unusual Items Excluding Goodwill": -61590000.0,
        "Net Income From Continuing Operation Net Minority Interest": -88067000.0,
        "Reconciled Depreciation": 21247000.0,
        "Reconciled Cost Of Revenue": 26782000.0,
        "EBITDA": -56486000.0,
        "EBIT": -77733000.0,
        "Net Interest Income": -1543000.0,
        "Interest Expense": 1862000.0,
        "Interest Income": 319000.0,
        "Normalized Income": -51113000.0,
        "Net Income From Continuing And Discontinued Operation": -88067000.0,
        "Total Expenses": 60307000.0,
        "Total Operating Income As Reported": -16119000.0,
        "Diluted Average Shares": 178013476.0,
        "Basic Average Shares": 178013476.0,
        "Diluted EPS": -0.49,
        "Basic EPS": -0.49,
        "Diluted NI Availto Com Stockholders": -88067000.0,
        "Net Income Common Stockholders": -88067000.0,
        "Net Income": -88067000.0,
        "Net Income Including Noncontrolling Interests": -88067000.0,
        "Net Income Continuous Operations": -88067000.0,
        "Tax Provision": 8472000.0,
        "Pretax Income": -79595000.0,
        "Other Income Expense": -61590000.0,
        "Other Non Operating Income Expenses": NaN,
        "Special Income Charges": -104898000.0,
        "Gain On Sale Of Ppe": -104898000.0,
        "Gain On Sale Of Security": 43308000.0,
        "Net Non Operating Interest Income Expense": -1543000.0,
        "Interest Expense Non Operating": 1862000.0,
        "Interest Income Non Operating": 319000.0,
        "Operating Income": -16462000.0,
        "Operating Expense": 12621000.0,
        "Other Taxes": 2024000.0,
        "Depreciation Amortization Depletion Income Statement": 343000.0,
        "Depreciation And Amortization In Income Statement": 343000.0,
        "Amortization": 343000.0,
        "Amortization Of Intangibles Income Statement": 343000.0,
        "Selling General And Administration": 10254000.0,
        "General And Administrative Expense": 10254000.0,
        "Other Gand A": 5064000.0,
        "Insurance And Claims": 1344000.0,
        "Salaries And Wages": 3846000.0,
        "Gross Profit": -3841000.0,
        "Cost Of Revenue": 47686000.0,
        "Total Revenue": 43845000.0,
        "Operating Revenue": 43845000.0
    },
    "2022-03-31": {
        "Diluted EPS": 0.25,
        "Total Revenue": 42,
        "Gross Profit": 13,
        "Operating Income": 4,
        "EBIT": 19,
        "Net Income": 44
    },
    "2021-12-31": {
        "Diluted EPS": -0.64,
        "Total Revenue": 46,
        "Gross Profit": 24,
        "Operating Income": 13,
        "EBIT": 20,
        "Net Income": -88
    },
    "2021-09-30": {
        "Diluted EPS": 0.12,
        "Total Revenue": 40,
        "Gross Profit": 23,
        "Operating Income": 15,
        "EBIT": 18,
        "Net Income": 19
    },
    "2021-06-30": {
        "Diluted EPS": -0.13,
        "Total Revenue": 27,
        "Gross Profit": 14,
        "Operating Income": 7,
        "EBIT": 9,
        "Net Income": -17
    },
    "2021-03-31": {
        "Diluted EPS": 0.22,
        "Total Revenue": 26,
        "Gross Profit": 10,
        "Operating Income": 5,
        "EBIT": 10,
        "Net Income": 28
    },
    "2020-09-30": {
        "Diluted EPS": -0.01,
        "Total Revenue": 4,
        "Gross Profit": -4,
        "Operating Income": -1,
        "EBIT": 2,
        "Net Income": -1
    },
    "2020-06-30": {
        "Diluted EPS": 0.02,
        "Total Revenue": 7,
        "Gross Profit": -5,
        "Operating Income": 2,
        "EBIT": 2,
        "Net Income": 2
    },
    "2019-12-31": {
        "Diluted EPS": -0.23,
        "Total Revenue": 11,
        "Gross Profit": 11,
        "Operating Income": 11,
        "EBIT": 11,
        "Net Income": -18
    },
    "2023-06-30": {
        "Tax Effect Of Unusual Items": 139230.0,
        "Tax Rate For Calcs": 0.21,
        "Normalized EBITDA": 7736000.0,
        "Total Unusual Items": 663000.0,
        "Total Unusual Items Excluding Goodwill": 663000.0,
        "Net Income From Continuing Operation Net Minority Interest": -1687000.0,
        "Reconciled Depreciation": 4108000.0,
        "Reconciled Cost Of Revenue": 10070000.0,
        "EBITDA": 8399000.0,
        "EBIT": 4291000.0,
        "Net Interest Income": -5657000.0,
        "Interest Expense": 5657000.0,
        "Normalized Income": -2210770.0,
        "Net Income From Continuing And Discontinued Operation": -1687000.0,
        "Total Expenses": 21263000.0,
        "Total Operating Income As Reported": 933000.0,
        "Diluted Average Shares": NaN,
        "Basic Average Shares": NaN,
        "Diluted EPS": NaN,
        "Basic EPS": NaN,
        "Diluted NI Availto Com Stockholders": -1687000.0,
        "Net Income Common Stockholders": -1687000.0,
        "Net Income": -1687000.0,
        "Minority Interests": NaN,
        "Net Income Including Noncontrolling Interests": -1687000.0,
        "Net Income Discontinuous Operations": NaN,
        "Net Income Continuous Operations": -1687000.0,
        "Tax Provision": 321000.0,
        "Pretax Income": -1366000.0,
        "Other Income Expense": 4021000.0,
        "Special Income Charges": 663000.0,
        "Gain On Sale Of Ppe": NaN,
        "Other Special Charges": -1531000.0,
        "Write Off": 868000.0,
        "Impairment Of Capital Assets": 0.0,
        "Earnings From Equity Interest": 3358000.0,
        "Gain On Sale Of Security": 1004000.0,
        "Net Non Operating Interest Income Expense": -5657000.0,
        "Interest Expense Non Operating": 5657000.0,
        "Operating Income": 270000.0,
        "Operating Expense": 11149000.0,
        "Depreciation Amortization Depletion Income Statement": 4064000.0,
        "Depreciation And Amortization In Income Statement": 4064000.0,
        "Selling General And Administration": 7085000.0,
        "General And Administrative Expense": 7085000.0,
        "Other Gand A": 7085000.0,
        "Gross Profit": 11419000.0,
        "Cost Of Revenue": 10114000.0,
        "Total Revenue": 21533000.0,
        "Operating Revenue": 19960000.0
    },
    "2023-09-30": {
        "Tax Effect Of Unusual Items": -150780.0,
        "Tax Rate For Calcs": 0.21,
        "Normalized EBITDA": 6657000.0,
        "Total Unusual Items": -718000.0,
        "Total Unusual Items Excluding Goodwill": -718000.0,
        "Net Income From Continuing Operation Net Minority Interest": -4374000.0,
        "Reconciled Depreciation": 4529000.0,
        "Reconciled Cost Of Revenue": 11752000.0,
        "EBITDA": 5939000.0,
        "EBIT": 1410000.0,
        "Net Interest Income": -5723000.0,
        "Interest Expense": 5723000.0,
        "Normalized Income": -3806780.0,
        "Net Income From Continuing And Discontinued Operation": -4374000.0,
        "Total Expenses": 22183000.0,
        "Total Operating Income As Reported": -665000.0,
        "Diluted Average Shares": 88550105.0,
        "Basic Average Shares": 88550105.0,
        "Diluted EPS": -0.049396,
        "Basic EPS": -0.049396,
        "Diluted NI Availto Com Stockholders": -4374000.0,
        "Net Income Common Stockholders": -4374000.0,
        "Net Income": -4374000.0,
        "Minority Interests": NaN,
        "Net Income Including Noncontrolling Interests": -4374000.0,
        "Net Income Discontinuous Operations": NaN,
        "Net Income Continuous Operations": -4374000.0,
        "Tax Provision": 61000.0,
        "Pretax Income": -4313000.0,
        "Other Income Expense": 1357000.0,
        "Special Income Charges": -718000.0,
        "Gain On Sale Of Ppe": NaN,
        "Other Special Charges": NaN,
        "Write Off": 718000.0,
        "Impairment Of Capital Assets": 718000.0,
        "Earnings From Equity Interest": 2075000.0,
        "Gain On Sale Of Security": NaN,
        "Net Non Operating Interest Income Expense": -5723000.0,
        "Interest Expense Non Operating": 5723000.0,
        "Operating Income": 53000.0,
        "Operating Expense": 10388000.0,
        "Depreciation Amortization Depletion Income Statement": 4486000.0,
        "Depreciation And Amortization In Income Statement": 4486000.0,
        "Selling General And Administration": 5902000.0,
        "General And Administrative Expense": 5902000.0,
        "Other Gand A": 5902000.0,
        "Gross Profit": 10441000.0,
        "Cost Of Revenue": 11795000.0,
        "Total Revenue": 22236000.0,
        "Operating Revenue": 19924000.0
    },
    "2024-03-31": {
        "Tax Effect Of Unusual Items": -36961.14247,
        "Tax Rate For Calcs": 0.016732,
        "Normalized EBITDA": 283003000.0,
        "Total Unusual Items": -2209000.0,
        "Total Unusual Items Excluding Goodwill": -2209000.0,
        "Net Income From Continuing Operation Net Minority Interest": 258502000.0,
        "Reconciled Depreciation": 11784000.0,
        "Reconciled Cost Of Revenue": 27835000.0,
        "EBITDA": 280794000.0,
        "EBIT": 269010000.0,
        "Net Interest Income": -6281000.0,
        "Interest Expense": 6281000.0,
        "Normalized Income": 260674038.85753,
        "Net Income From Continuing And Discontinued Operation": 250876000.0,
        "Total Expenses": 59618000.0,
        "Total Operating Income As Reported": 266887000.0,
        "Diluted Average Shares": 93696683.0,
        "Basic Average Shares": 89149845.0,
        "Diluted EPS": 2.76,
        "Basic EPS": 2.9,
        "Diluted NI Availto Com Stockholders": 250876000.0,
        "Net Income Common Stockholders": 250876000.0,
        "Net Income": 250876000.0,
        "Minority Interests": 169000.0,
        "Net Income Including Noncontrolling Interests": 250707000.0,
        "Net Income Discontinuous Operations": -7626000.0,
        "Net Income Continuous Operations": 258333000.0,
        "Tax Provision": 4396000.0,
        "Pretax Income": 262729000.0,
        "Other Income Expense": 2313000.0,
        "Special Income Charges": 190000.0,
        "Gain On Sale Of Ppe": 190000.0,
        "Other Special Charges": NaN,
        "Write Off": NaN,
        "Impairment Of Capital Assets": 0.0,
        "Earnings From Equity Interest": 4522000.0,
        "Gain On Sale Of Security": -2399000.0,
        "Net Non Operating Interest Income Expense": -6281000.0,
        "Interest Expense Non Operating": 6281000.0,
        "Operating Income": 266697000.0,
        "Operating Expense": 31471000.0,
        "Depreciation Amortization Depletion Income Statement": 11472000.0,
        "Depreciation And Amortization In Income Statement": 11472000.0,
        "Selling General And Administration": 19999000.0,
        "General And Administrative Expense": 19999000.0,
        "Other Gand A": 19999000.0,
        "Gross Profit": 298168000.0,
        "Cost Of Revenue": 28147000.0,
        "Total Revenue": 326315000.0,
        "Operating Revenue": 317492000.0
    },
    "2024-06-30": {
        "Tax Effect Of Unusual Items": 464807.759312,
        "Tax Rate For Calcs": 0.02591,
        "Normalized EBITDA": -72457000.0,
        "Total Unusual Items": 17939000.0,
        "Total Unusual Items Excluding Goodwill": 17939000.0,
        "Net Income From Continuing Operation Net Minority Interest": -70128000.0,
        "Reconciled Depreciation": 11796000.0,
        "Reconciled Cost Of Revenue": 20371000.0,
        "EBITDA": -54518000.0,
        "EBIT": -66314000.0,
        "Net Interest Income": -6012000.0,
        "Interest Expense": 6012000.0,
        "Normalized Income": -87602192.240688,
        "Net Income From Continuing And Discontinued Operation": -71866000.0,
        "Total Expenses": 50066000.0,
        "Total Operating Income As Reported": -86693000.0,
        "Diluted Average Shares": 90192842.0,
        "Basic Average Shares": 90192842.0,
        "Diluted EPS": -0.78,
        "Basic EPS": -0.78,
        "Diluted NI Availto Com Stockholders": -71866000.0,
        "Net Income Common Stockholders": -71866000.0,
        "Net Income": -71866000.0,
        "Minority Interests": 324000.0,
        "Net Income Including Noncontrolling Interests": -72190000.0,
        "Net Income Discontinuous Operations": -1738000.0,
        "Net Income Continuous Operations": -70452000.0,
        "Tax Provision": -1874000.0,
        "Pretax Income": -72326000.0,
        "Other Income Expense": 20379000.0,
        "Special Income Charges": 0.0,
        "Gain On Sale Of Ppe": 0.0,
        "Other Special Charges": NaN,
        "Write Off": 0.0,
        "Impairment Of Capital Assets": NaN,
        "Earnings From Equity Interest": 2440000.0,
        "Gain On Sale Of Security": 17939000.0,
        "Net Non Operating Interest Income Expense": -6012000.0,
        "Interest Expense Non Operating": 6012000.0,
        "Operating Income": -86693000.0,
        "Operating Expense": 29430000.0,
        "Depreciation Amortization Depletion Income Statement": 11531000.0,
        "Depreciation And Amortization In Income Statement": 11531000.0,
        "Selling General And Administration": 17899000.0,
        "General And Administrative Expense": 17899000.0,
        "Other Gand A": 17899000.0,
        "Gross Profit": -57263000.0,
        "Cost Of Revenue": 20636000.0,
        "Total Revenue": -36627000.0,
        "Operating Revenue": -45548000.0
    }
}