{
    "2023-06-30": {
        "Tax Effect Of Unusual Items": -309117.857143,
        "Tax Rate For Calcs": 0.172403,
        "Total Unusual Items": -1793000.0,
        "Total Unusual Items Excluding Goodwill": -1793000.0,
        "Net Income From Continuing Operation Net Minority Interest": 2549000.0,
        "Reconciled Depreciation": 535000.0,
        "Net Interest Income": 14094000.0,
        "Interest Expense": 7725000.0,
        "Interest Income": 21819000.0,
        "Normalized Income": 4032882.142857,
        "Net Income From Continuing And Discontinued Operation": 2549000.0,
        "Diluted Average Shares": 7039323.0,
        "Basic Average Shares": 7039323.0,
        "Diluted EPS": 0.36,
        "Basic EPS": 0.36,
        "Diluted NI Availto Com Stockholders": 2549000.0,
        "Net Income Common Stockholders": 2549000.0,
        "Net Income": 2549000.0,
        "Net Income Including Noncontrolling Interests": 2549000.0,
        "Net Income Continuous Operations": 2549000.0,
        "Tax Provision": 531000.0,
        "Pretax Income": 3080000.0,
        "Gain On Sale Of Security": 7000.0,
        "Selling General And Administration": 7203000.0,
        "Selling And Marketing Expense": 353000.0,
        "General And Administrative Expense": 6850000.0,
        "Salaries And Wages": 6850000.0,
        "Total Revenue": 15805000.0,
        "Operating Revenue": 15805000.0,
        "Occupancy And Equipment": 1517000.0,
        "Professional Expense And Contract Services Expense": 443000.0,
        "Other Non Interest Expense": 3562000.0
    },
    "2023-03-31": {
        "Tax Effect Of Unusual Items": 1602.0,
        "Tax Rate For Calcs": 0.178,
        "Total Unusual Items": 9000.0,
        "Total Unusual Items Excluding Goodwill": 9000.0,
        "Net Income From Continuing Operation Net Minority Interest": 3271000.0,
        "Reconciled Depreciation": 540000.0,
        "Net Interest Income": 13855000.0,
        "Interest Expense": 6985000.0,
        "Interest Income": 20840000.0,
        "Normalized Income": 3263602.0,
        "Net Income From Continuing And Discontinued Operation": 3271000.0,
        "Diluted Average Shares": 7039323.0,
        "Basic Average Shares": 7039323.0,
        "Diluted EPS": 0.47,
        "Basic EPS": 0.47,
        "Diluted NI Availto Com Stockholders": 3271000.0,
        "Net Income Common Stockholders": 3271000.0,
        "Net Income": 3271000.0,
        "Net Income Including Noncontrolling Interests": 3271000.0,
        "Net Income Continuous Operations": 3271000.0,
        "Tax Provision": 709000.0,
        "Pretax Income": 3980000.0,
        "Gain On Sale Of Security": 8000.0,
        "Selling General And Administration": 7360000.0,
        "Selling And Marketing Expense": 357000.0,
        "General And Administrative Expense": 7003000.0,
        "Other Gand A": NaN,
        "Salaries And Wages": 7003000.0,
        "Total Revenue": 17138000.0,
        "Operating Revenue": 17138000.0,
        "Occupancy And Equipment": 1547000.0,
        "Professional Expense And Contract Services Expense": 505000.0,
        "Other Non Interest Expense": 3066000.0
    },
    "2022-12-31": {
        "Tax Effect Of Unusual Items": NaN,
        "Tax Rate For Calcs": NaN,
        "Total Unusual Items": NaN,
        "Total Unusual Items Excluding Goodwill": NaN,
        "Net Income From Continuing Operation Net Minority Interest": NaN,
        "Reconciled Depreciation": NaN,
        "Net Interest Income": NaN,
        "Interest Expense": NaN,
        "Interest Income": NaN,
        "Normalized Income": NaN,
        "Net Income From Continuing And Discontinued Operation": NaN,
        "Diluted Average Shares": NaN,
        "Basic Average Shares": NaN,
        "Diluted EPS": NaN,
        "Basic EPS": NaN,
        "Diluted NI Availto Com Stockholders": NaN,
        "Net Income Common Stockholders": NaN,
        "Net Income": NaN,
        "Net Income Including Noncontrolling Interests": NaN,
        "Net Income Continuous Operations": NaN,
        "Tax Provision": NaN,
        "Pretax Income": NaN,
        "Gain On Sale Of Security": NaN,
        "Selling General And Administration": NaN,
        "Selling And Marketing Expense": NaN,
        "General And Administrative Expense": NaN,
        "Other Gand A": 225000.0,
        "Salaries And Wages": NaN,
        "Total Revenue": NaN,
        "Operating Revenue": NaN,
        "Occupancy And Equipment": NaN,
        "Professional Expense And Contract Services Expense": NaN,
        "Other Non Interest Expense": NaN
    },
    "2022-09-30": {
        "Tax Effect Of Unusual Items": NaN,
        "Tax Rate For Calcs": NaN,
        "Total Unusual Items": 0.0,
        "Total Unusual Items Excluding Goodwill": 0.0,
        "Net Income From Continuing Operation Net Minority Interest": NaN,
        "Reconciled Depreciation": NaN,
        "Net Interest Income": NaN,
        "Interest Expense": NaN,
        "Interest Income": NaN,
        "Normalized Income": NaN,
        "Net Income From Continuing And Discontinued Operation": NaN,
        "Diluted Average Shares": NaN,
        "Basic Average Shares": NaN,
        "Diluted EPS": NaN,
        "Basic EPS": NaN,
        "Diluted NI Availto Com Stockholders": NaN,
        "Net Income Common Stockholders": NaN,
        "Net Income": NaN,
        "Net Income Including Noncontrolling Interests": NaN,
        "Net Income Continuous Operations": NaN,
        "Tax Provision": NaN,
        "Pretax Income": NaN,
        "Gain On Sale Of Security": NaN,
        "Selling General And Administration": NaN,
        "Selling And Marketing Expense": NaN,
        "General And Administrative Expense": NaN,
        "Other Gand A": 237000.0,
        "Salaries And Wages": NaN,
        "Total Revenue": NaN,
        "Operating Revenue": NaN
    },
    "2022-06-30": {
        "Tax Effect Of Unusual Items": 0.0,
        "Tax Rate For Calcs": 0.177839,
        "Net Income From Continuing Operation Net Minority Interest": 4489000.0,
        "Reconciled Depreciation": 538000.0,
        "Net Interest Income": 14561000.0,
        "Interest Expense": 1581000.0,
        "Interest Income": 16142000.0,
        "Normalized Income": 4489000.0,
        "Net Income From Continuing And Discontinued Operation": 4489000.0,
        "Diluted Average Shares": 7039323.0,
        "Basic Average Shares": 7039323.0,
        "Diluted EPS": 0.64,
        "Basic EPS": 0.64,
        "Diluted NI Availto Com Stockholders": 4489000.0,
        "Net Income Common Stockholders": 4489000.0,
        "Net Income": 4489000.0,
        "Net Income Including Noncontrolling Interests": 4489000.0,
        "Net Income Continuous Operations": 4489000.0,
        "Tax Provision": 971000.0,
        "Pretax Income": 5460000.0,
        "Gain On Sale Of Security": -9000.0,
        "Selling General And Administration": 7146000.0,
        "Selling And Marketing Expense": 304000.0,
        "General And Administrative Expense": 6842000.0,
        "Other Gand A": 226000.0,
        "Salaries And Wages": 6616000.0,
        "Total Revenue": 18200000.0,
        "Operating Revenue": 18200000.0
    },
    "2022-03-31": {
        "Diluted EPS": 0.93,
        "Total Revenue": 19,
        "Gross Profit": 18,
        "Operating Income": 8,
        "EBIT": NaN,
        "Net Income": 7
    },
    "2021-12-31": {
        "Diluted EPS": 0.84,
        "Total Revenue": 20,
        "Gross Profit": 19,
        "Operating Income": 8,
        "EBIT": NaN,
        "Net Income": 6
    },
    "2021-09-30": {
        "Diluted EPS": 0.81,
        "Total Revenue": 21,
        "Gross Profit": 19,
        "Operating Income": 7,
        "EBIT": NaN,
        "Net Income": 6
    },
    "2021-06-30": {
        "Diluted EPS": 0.68,
        "Total Revenue": 20,
        "Gross Profit": 18,
        "Operating Income": 6,
        "EBIT": NaN,
        "Net Income": 5
    },
    "2021-03-31": {
        "Diluted EPS": 0.81,
        "Total Revenue": 21,
        "Gross Profit": 19,
        "Operating Income": 7,
        "EBIT": NaN,
        "Net Income": 6
    },
    "2020-12-31": {
        "Diluted EPS": 0.71,
        "Total Revenue": 20,
        "Gross Profit": 18,
        "Operating Income": 6,
        "EBIT": NaN,
        "Net Income": 5
    },
    "2020-09-30": {
        "Diluted EPS": 0.68,
        "Total Revenue": 21,
        "Gross Profit": 19,
        "Operating Income": 6,
        "EBIT": NaN,
        "Net Income": 5
    },
    "2020-06-30": {
        "Diluted EPS": 0.45,
        "Total Revenue": 19,
        "Gross Profit": 16,
        "Operating Income": 4,
        "EBIT": NaN,
        "Net Income": 3
    },
    "2020-03-31": {
        "Diluted EPS": 0.12,
        "Total Revenue": 18,
        "Gross Profit": 15,
        "Operating Income": 1,
        "EBIT": NaN,
        "Net Income": 1
    },
    "2019-12-31": {
        "Diluted EPS": 0.56,
        "Total Revenue": 18,
        "Gross Profit": 15,
        "Operating Income": 5,
        "EBIT": NaN,
        "Net Income": 4
    },
    "2019-09-30": {
        "Diluted EPS": 0.53,
        "Total Revenue": 18,
        "Gross Profit": 15,
        "Operating Income": 5,
        "EBIT": NaN,
        "Net Income": 4
    },
    "2019-06-30": {
        "Diluted EPS": 0.48,
        "Total Revenue": 18,
        "Gross Profit": 14,
        "Operating Income": 4,
        "EBIT": NaN,
        "Net Income": 4
    },
    "2019-03-31": {
        "Diluted EPS": 0.63,
        "Total Revenue": 20,
        "Gross Profit": 16,
        "Operating Income": 6,
        "EBIT": NaN,
        "Net Income": 5
    },
    "2018-12-31": {
        "Diluted EPS": 0.36,
        "Total Revenue": 18,
        "Gross Profit": 14,
        "Operating Income": 3,
        "EBIT": NaN,
        "Net Income": 3
    },
    "2018-09-30": {
        "Diluted EPS": 0.42,
        "Total Revenue": 17,
        "Gross Profit": 14,
        "Operating Income": 4,
        "EBIT": NaN,
        "Net Income": 3
    },
    "2018-06-30": {
        "Diluted EPS": 0.39,
        "Total Revenue": 17,
        "Gross Profit": 14,
        "Operating Income": 3,
        "EBIT": NaN,
        "Net Income": 3
    },
    "2018-03-31": {
        "Diluted EPS": 0.29,
        "Total Revenue": 16,
        "Gross Profit": 13,
        "Operating Income": 3,
        "EBIT": NaN,
        "Net Income": 2
    },
    "2017-12-31": {
        "Diluted EPS": -0.32,
        "Total Revenue": 15,
        "Gross Profit": 13,
        "Operating Income": 2,
        "EBIT": NaN,
        "Net Income": -2
    },
    "2017-09-30": {
        "Diluted EPS": 0.24,
        "Total Revenue": 15,
        "Gross Profit": 13,
        "Operating Income": 3,
        "EBIT": NaN,
        "Net Income": 2
    },
    "2017-06-30": {
        "Diluted EPS": 0.26,
        "Total Revenue": 15,
        "Gross Profit": 13,
        "Operating Income": 3,
        "EBIT": NaN,
        "Net Income": 2
    },
    "2017-03-31": {
        "Diluted EPS": 0.29,
        "Total Revenue": 15,
        "Gross Profit": 13,
        "Operating Income": 3,
        "EBIT": NaN,
        "Net Income": 2
    },
    "2016-12-31": {
        "Diluted EPS": 0.27,
        "Total Revenue": 14,
        "Gross Profit": 13,
        "Operating Income": 3,
        "EBIT": NaN,
        "Net Income": 2
    },
    "2016-09-30": {
        "Diluted EPS": 0.25,
        "Total Revenue": 14,
        "Gross Profit": 12,
        "Operating Income": 3,
        "EBIT": NaN,
        "Net Income": 2
    },
    "2016-06-30": {
        "Diluted EPS": 0.19,
        "Total Revenue": 13,
        "Gross Profit": 12,
        "Operating Income": 2,
        "EBIT": NaN,
        "Net Income": 1
    },
    "2016-03-31": {
        "Diluted EPS": 0.27,
        "Total Revenue": 14,
        "Gross Profit": 12,
        "Operating Income": 3,
        "EBIT": NaN,
        "Net Income": 2
    },
    "2015-12-31": {
        "Diluted EPS": 0.27,
        "Total Revenue": 14,
        "Gross Profit": 13,
        "Operating Income": 3,
        "EBIT": NaN,
        "Net Income": 2
    },
    "2015-09-30": {
        "Diluted EPS": 0.34,
        "Total Revenue": 14,
        "Gross Profit": 13,
        "Operating Income": 4,
        "EBIT": NaN,
        "Net Income": 3
    },
    "2015-06-30": {
        "Diluted EPS": 0.26,
        "Total Revenue": 14,
        "Gross Profit": 12,
        "Operating Income": 3,
        "EBIT": NaN,
        "Net Income": 2
    },
    "2015-03-31": {
        "Diluted EPS": 0.29,
        "Total Revenue": 13,
        "Gross Profit": 12,
        "Operating Income": 3,
        "EBIT": NaN,
        "Net Income": 2
    },
    "2014-12-31": {
        "Diluted EPS": 0.26,
        "Total Revenue": 13,
        "Gross Profit": 12,
        "Operating Income": 3,
        "EBIT": NaN,
        "Net Income": 2
    },
    "2014-09-30": {
        "Diluted EPS": 0.21,
        "Total Revenue": 14,
        "Gross Profit": 12,
        "Operating Income": 2,
        "EBIT": NaN,
        "Net Income": 2
    },
    "2014-06-30": {
        "Diluted EPS": 0.29,
        "Total Revenue": 13,
        "Gross Profit": 12,
        "Operating Income": 3,
        "EBIT": NaN,
        "Net Income": 2
    },
    "2014-03-31": {
        "Diluted EPS": 0.27,
        "Total Revenue": 13,
        "Gross Profit": 12,
        "Operating Income": 3,
        "EBIT": NaN,
        "Net Income": 2
    },
    "2013-12-31": {
        "Diluted EPS": 0.23,
        "Total Revenue": 14,
        "Gross Profit": 12,
        "Operating Income": 3,
        "EBIT": NaN,
        "Net Income": 2
    },
    "2013-09-30": {
        "Diluted EPS": 0.21,
        "Total Revenue": 14,
        "Gross Profit": 12,
        "Operating Income": 2,
        "EBIT": NaN,
        "Net Income": 2
    },
    "2013-06-30": {
        "Diluted EPS": 0.2,
        "Total Revenue": 15,
        "Gross Profit": 13,
        "Operating Income": 3,
        "EBIT": NaN,
        "Net Income": 1
    },
    "2013-03-31": {
        "Diluted EPS": -0.06,
        "Total Revenue": 15,
        "Gross Profit": 13,
        "Operating Income": 0,
        "EBIT": NaN,
        "Net Income": 0
    },
    "2012-12-31": {
        "Diluted EPS": 0.25,
        "Total Revenue": 15,
        "Gross Profit": 13,
        "Operating Income": 3,
        "EBIT": NaN,
        "Net Income": 2
    },
    "2012-09-30": {
        "Diluted EPS": -0.25,
        "Total Revenue": 15,
        "Gross Profit": 13,
        "Operating Income": -2,
        "EBIT": NaN,
        "Net Income": -2
    },
    "2012-06-30": {
        "Diluted EPS": 0.01,
        "Total Revenue": 15,
        "Gross Profit": 13,
        "Operating Income": 1,
        "EBIT": NaN,
        "Net Income": 0
    },
    "2012-03-31": {
        "Diluted EPS": 0.13,
        "Total Revenue": 15,
        "Gross Profit": 13,
        "Operating Income": 2,
        "EBIT": NaN,
        "Net Income": 1
    },
    "2011-12-31": {
        "Diluted EPS": -0.21,
        "Total Revenue": 15,
        "Gross Profit": 13,
        "Operating Income": -2,
        "EBIT": NaN,
        "Net Income": -2
    },
    "2011-09-30": {
        "Diluted EPS": 0.14,
        "Total Revenue": 16,
        "Gross Profit": 13,
        "Operating Income": 2,
        "EBIT": NaN,
        "Net Income": 1
    },
    "2011-06-30": {
        "Diluted EPS": 0.12,
        "Total Revenue": 16,
        "Gross Profit": 13,
        "Operating Income": 2,
        "EBIT": NaN,
        "Net Income": 1
    },
    "2011-03-31": {
        "Diluted EPS": 0.06,
        "Total Revenue": 16,
        "Gross Profit": 13,
        "Operating Income": 1,
        "EBIT": NaN,
        "Net Income": 0
    },
    "2010-12-31": {
        "Diluted EPS": -0.91,
        "Total Revenue": 17,
        "Gross Profit": 14,
        "Operating Income": -11,
        "EBIT": NaN,
        "Net Income": -7
    },
    "2010-09-30": {
        "Diluted EPS": 0.13,
        "Total Revenue": 18,
        "Gross Profit": 14,
        "Operating Income": 2,
        "EBIT": NaN,
        "Net Income": 1
    },
    "2010-06-30": {
        "Diluted EPS": 0.04,
        "Total Revenue": 18,
        "Gross Profit": 14,
        "Operating Income": 1,
        "EBIT": NaN,
        "Net Income": 0
    },
    "2010-03-31": {
        "Diluted EPS": 0.0,
        "Total Revenue": 17,
        "Gross Profit": 12,
        "Operating Income": 1,
        "EBIT": NaN,
        "Net Income": 0
    },
    "2009-12-31": {
        "Diluted EPS": 0.04,
        "Total Revenue": 19,
        "Gross Profit": 14,
        "Operating Income": 2,
        "EBIT": NaN,
        "Net Income": 0
    },
    "2009-09-30": {
        "Diluted EPS": 0.19,
        "Total Revenue": 19,
        "Gross Profit": 13,
        "Operating Income": 3,
        "EBIT": NaN,
        "Net Income": 1
    },
    "2009-06-30": {
        "Diluted EPS": 0.1,
        "Total Revenue": 19,
        "Gross Profit": 13,
        "Operating Income": 2,
        "EBIT": NaN,
        "Net Income": 1
    },
    "2009-03-31": {
        "Diluted EPS": 0.08,
        "Total Revenue": 19,
        "Gross Profit": 12,
        "Operating Income": 2,
        "EBIT": NaN,
        "Net Income": 1
    },
    "2023-09-30": {
        "Tax Effect Of Unusual Items": -455058.0,
        "Tax Rate For Calcs": 0.162,
        "Total Unusual Items": -2809000.0,
        "Total Unusual Items Excluding Goodwill": -2809000.0,
        "Net Income From Continuing Operation Net Minority Interest": 2579000.0,
        "Reconciled Depreciation": 533000.0,
        "Net Interest Income": 15026000.0,
        "Interest Expense": 8741000.0,
        "Interest Income": 23767000.0,
        "Normalized Income": 4932942.0,
        "Net Income From Continuing And Discontinued Operation": 2579000.0,
        "Diluted Average Shares": 7163889.0,
        "Basic Average Shares": 7163889.0,
        "Diluted EPS": 0.36,
        "Basic EPS": 0.36,
        "Diluted NI Availto Com Stockholders": 2579000.0,
        "Net Income Common Stockholders": 2579000.0,
        "Net Income": 2579000.0,
        "Net Income Including Noncontrolling Interests": 2579000.0,
        "Net Income Continuous Operations": 2579000.0,
        "Tax Provision": 498000.0,
        "Pretax Income": 3077000.0,
        "Gain On Sale Of Security": 3000.0,
        "Selling General And Administration": 7499000.0,
        "Selling And Marketing Expense": 375000.0,
        "General And Administrative Expense": 7124000.0,
        "Salaries And Wages": 7124000.0,
        "Total Revenue": 15756000.0,
        "Operating Revenue": 15756000.0,
        "Occupancy And Equipment": 1610000.0,
        "Professional Expense And Contract Services Expense": 499000.0,
        "Other Non Interest Expense": 2961000.0
    },
    "2023-12-31": {
        "Tax Effect Of Unusual Items": 37991.344668,
        "Tax Rate For Calcs": 0.233076,
        "Total Unusual Items": 163000.0,
        "Total Unusual Items Excluding Goodwill": 163000.0,
        "Net Income From Continuing Operation Net Minority Interest": -7443000.0,
        "Reconciled Depreciation": 498000.0,
        "Net Interest Income": 15725000.0,
        "Interest Expense": 9375000.0,
        "Interest Income": 25100000.0,
        "Normalized Income": -7568008.655332,
        "Net Income From Continuing And Discontinued Operation": -7443000.0,
        "Diluted Average Shares": 7088571.0,
        "Basic Average Shares": 7088571.0,
        "Diluted EPS": -1.05,
        "Basic EPS": -1.05,
        "Diluted NI Availto Com Stockholders": -7443000.0,
        "Net Income Common Stockholders": -7443000.0,
        "Net Income": -7443000.0,
        "Net Income Including Noncontrolling Interests": -7443000.0,
        "Net Income Continuous Operations": -7443000.0,
        "Tax Provision": -2262000.0,
        "Pretax Income": -9705000.0,
        "Gain On Sale Of Security": -11565000.0,
        "Selling General And Administration": 8396000.0,
        "Selling And Marketing Expense": 403000.0,
        "General And Administrative Expense": 7993000.0,
        "Salaries And Wages": 7993000.0,
        "Total Revenue": 6432000.0,
        "Operating Revenue": 6432000.0,
        "Occupancy And Equipment": 1583000.0,
        "Professional Expense And Contract Services Expense": 1061000.0,
        "Other Non Interest Expense": 3547000.0
    },
    "2024-03-31": {
        "Tax Effect Of Unusual Items": 6052.0,
        "Tax Rate For Calcs": 0.178,
        "Total Unusual Items": 34000.0,
        "Total Unusual Items Excluding Goodwill": 34000.0,
        "Net Income From Continuing Operation Net Minority Interest": 4456000.0,
        "Reconciled Depreciation": 463000.0,
        "Net Interest Income": 14611000.0,
        "Interest Expense": 9304000.0,
        "Interest Income": 23915000.0,
        "Normalized Income": 4428052.0,
        "Net Income From Continuing And Discontinued Operation": 4456000.0,
        "Diluted Average Shares": 7032171.0,
        "Basic Average Shares": 7032171.0,
        "Diluted EPS": 0.63,
        "Basic EPS": 0.63,
        "Diluted NI Availto Com Stockholders": 4456000.0,
        "Net Income Common Stockholders": 4456000.0,
        "Net Income": 4456000.0,
        "Net Income Including Noncontrolling Interests": 4456000.0,
        "Net Income Continuous Operations": 4456000.0,
        "Tax Provision": 966000.0,
        "Pretax Income": 5422000.0,
        "Gain On Sale Of Security": 0.0,
        "Selling General And Administration": 6987000.0,
        "Selling And Marketing Expense": 257000.0,
        "General And Administrative Expense": 6730000.0,
        "Salaries And Wages": 6730000.0,
        "Total Revenue": 17767000.0,
        "Operating Revenue": 17767000.0,
        "Occupancy And Equipment": 1569000.0,
        "Professional Expense And Contract Services Expense": 823000.0,
        "Other Non Interest Expense": 3196000.0
    },
    "2024-06-30": {
        "Tax Effect Of Unusual Items": 82628.0,
        "Tax Rate For Calcs": 0.182,
        "Total Unusual Items": 454000.0,
        "Total Unusual Items Excluding Goodwill": 454000.0,
        "Net Income From Continuing Operation Net Minority Interest": 4629000.0,
        "Reconciled Depreciation": 462000.0,
        "Net Interest Income": 14022000.0,
        "Interest Expense": 9384000.0,
        "Interest Income": 23406000.0,
        "Normalized Income": 4257628.0,
        "Net Income From Continuing And Discontinued Operation": 4629000.0,
        "Diluted Average Shares": 6995956.0,
        "Basic Average Shares": 6995956.0,
        "Diluted EPS": 0.66,
        "Basic EPS": 0.66,
        "Diluted NI Availto Com Stockholders": 4629000.0,
        "Net Income Common Stockholders": 4629000.0,
        "Net Income": 4629000.0,
        "Net Income Including Noncontrolling Interests": 4629000.0,
        "Net Income Continuous Operations": 4629000.0,
        "Tax Provision": 1033000.0,
        "Pretax Income": 5662000.0,
        "Gain On Sale Of Security": -15000.0,
        "Selling General And Administration": 6980000.0,
        "Selling And Marketing Expense": 256000.0,
        "General And Administrative Expense": 6724000.0,
        "Salaries And Wages": 6724000.0,
        "Total Revenue": 18153000.0,
        "Operating Revenue": 18153000.0,
        "Occupancy And Equipment": 1430000.0,
        "Professional Expense And Contract Services Expense": 512000.0,
        "Other Non Interest Expense": 3112000.0
    },
    "2024-09-30": {
        "Tax Effect Of Unusual Items": 48994.0,
        "Tax Rate For Calcs": 0.187,
        "Total Unusual Items": 262000.0,
        "Total Unusual Items Excluding Goodwill": 262000.0,
        "Net Income From Continuing Operation Net Minority Interest": 4574000.0,
        "Reconciled Depreciation": 488000.0,
        "Net Interest Income": 14186000.0,
        "Interest Expense": 9492000.0,
        "Interest Income": 23678000.0,
        "Normalized Income": 4360994.0,
        "Net Income From Continuing And Discontinued Operation": 4574000.0,
        "Diluted Average Shares": 6986723.0,
        "Basic Average Shares": 6986723.0,
        "Diluted EPS": 0.66,
        "Basic EPS": 0.66,
        "Diluted NI Availto Com Stockholders": 4574000.0,
        "Net Income Common Stockholders": 4574000.0,
        "Net Income": 4574000.0,
        "Net Income Including Noncontrolling Interests": 4574000.0,
        "Net Income Continuous Operations": 4574000.0,
        "Tax Provision": 1050000.0,
        "Pretax Income": 5624000.0,
        "Gain On Sale Of Security": 8000.0,
        "Selling General And Administration": 6737000.0,
        "Selling And Marketing Expense": 198000.0,
        "General And Administrative Expense": 6539000.0,
        "Salaries And Wages": 6539000.0,
        "Total Revenue": 18118000.0,
        "Operating Revenue": 18118000.0,
        "Occupancy And Equipment": 1630000.0,
        "Professional Expense And Contract Services Expense": 378000.0,
        "Other Non Interest Expense": 3249000.0
    }
}