{
    "2023-03-31": {
        "Tax Effect Of Unusual Items": 0.0,
        "Tax Rate For Calcs": 0.337044,
        "Normalized EBITDA": 25960000.0,
        "Net Income From Continuing Operation Net Minority Interest": 11613000.0,
        "Reconciled Depreciation": 7067000.0,
        "Reconciled Cost Of Revenue": 192420000.0,
        "EBITDA": 25960000.0,
        "EBIT": 18893000.0,
        "Net Interest Income": -1376000.0,
        "Interest Expense": 1376000.0,
        "Normalized Income": 11613000.0,
        "Net Income From Continuing And Discontinued Operation": 11613000.0,
        "Total Expenses": 209662000.0,
        "Total Operating Income As Reported": 18483000.0,
        "Diluted Average Shares": NaN,
        "Basic Average Shares": NaN,
        "Diluted EPS": NaN,
        "Basic EPS": NaN,
        "Diluted NI Availto Com Stockholders": 11613000.0,
        "Net Income Common Stockholders": 11613000.0,
        "Net Income": 11613000.0,
        "Net Income Including Noncontrolling Interests": 11613000.0,
        "Net Income Continuous Operations": 11613000.0,
        "Tax Provision": 5904000.0,
        "Pretax Income": 17517000.0,
        "Other Income Expense": 410000.0,
        "Other Non Operating Income Expenses": 410000.0,
        "Net Non Operating Interest Income Expense": -1376000.0,
        "Interest Expense Non Operating": 1376000.0,
        "Operating Income": 18483000.0,
        "Operating Expense": 17242000.0,
        "Selling General And Administration": 17242000.0,
        "Gross Profit": 35725000.0,
        "Cost Of Revenue": 192420000.0,
        "Total Revenue": 228145000.0,
        "Operating Revenue": 224307000.0
    },
    "2022-12-31": {
        "Tax Effect Of Unusual Items": NaN,
        "Tax Rate For Calcs": NaN,
        "Normalized EBITDA": NaN,
        "Net Income From Continuing Operation Net Minority Interest": NaN,
        "Reconciled Depreciation": NaN,
        "Reconciled Cost Of Revenue": NaN,
        "EBITDA": NaN,
        "EBIT": NaN,
        "Net Interest Income": NaN,
        "Interest Expense": NaN,
        "Normalized Income": NaN,
        "Net Income From Continuing And Discontinued Operation": NaN,
        "Total Expenses": NaN,
        "Total Operating Income As Reported": NaN,
        "Diluted Average Shares": 20974264.0,
        "Basic Average Shares": 20818347.0,
        "Diluted EPS": 0.51,
        "Basic EPS": 0.52,
        "Diluted NI Availto Com Stockholders": NaN,
        "Net Income Common Stockholders": NaN,
        "Net Income": NaN,
        "Net Income Including Noncontrolling Interests": NaN,
        "Net Income Continuous Operations": NaN,
        "Tax Provision": NaN,
        "Pretax Income": NaN,
        "Other Income Expense": NaN,
        "Other Non Operating Income Expenses": NaN,
        "Net Non Operating Interest Income Expense": NaN,
        "Interest Expense Non Operating": NaN,
        "Operating Income": NaN,
        "Operating Expense": NaN,
        "Selling General And Administration": NaN,
        "Gross Profit": NaN,
        "Cost Of Revenue": NaN,
        "Total Revenue": NaN,
        "Operating Revenue": NaN
    },
    "2022-09-30": {
        "Tax Effect Of Unusual Items": NaN,
        "Tax Rate For Calcs": NaN,
        "Normalized EBITDA": NaN,
        "Net Income From Continuing Operation Net Minority Interest": NaN,
        "Reconciled Depreciation": NaN,
        "Reconciled Cost Of Revenue": NaN,
        "EBITDA": NaN,
        "EBIT": NaN,
        "Net Interest Income": NaN,
        "Interest Expense": NaN,
        "Normalized Income": NaN,
        "Net Income From Continuing And Discontinued Operation": NaN,
        "Total Expenses": NaN,
        "Total Operating Income As Reported": NaN,
        "Diluted Average Shares": 20956897.0,
        "Basic Average Shares": 20814686.0,
        "Diluted EPS": 0.86,
        "Basic EPS": 0.86,
        "Diluted NI Availto Com Stockholders": NaN,
        "Net Income Common Stockholders": NaN,
        "Net Income": NaN,
        "Net Income Including Noncontrolling Interests": NaN,
        "Net Income Continuous Operations": NaN,
        "Tax Provision": NaN,
        "Pretax Income": NaN,
        "Other Income Expense": NaN,
        "Other Non Operating Income Expenses": NaN,
        "Net Non Operating Interest Income Expense": NaN,
        "Interest Expense Non Operating": NaN,
        "Operating Income": NaN,
        "Operating Expense": NaN,
        "Selling General And Administration": NaN,
        "Gross Profit": NaN,
        "Cost Of Revenue": NaN,
        "Total Revenue": NaN,
        "Operating Revenue": NaN
    },
    "2022-06-30": {
        "Tax Effect Of Unusual Items": 0.0,
        "Tax Rate For Calcs": 0.25,
        "Normalized EBITDA": 33659000.0,
        "Net Income From Continuing Operation Net Minority Interest": 19695000.0,
        "Reconciled Depreciation": 6558000.0,
        "Reconciled Cost Of Revenue": 199794000.0,
        "EBITDA": 33659000.0,
        "EBIT": 27101000.0,
        "Net Interest Income": -929000.0,
        "Interest Expense": 929000.0,
        "Normalized Income": 19695000.0,
        "Net Income From Continuing And Discontinued Operation": 19695000.0,
        "Total Expenses": 218679000.0,
        "Total Operating Income As Reported": 27864000.0,
        "Diluted Average Shares": 21033549.0,
        "Basic Average Shares": 20908823.0,
        "Diluted EPS": 0.94,
        "Basic EPS": 0.94,
        "Diluted NI Availto Com Stockholders": 19695000.0,
        "Net Income Common Stockholders": 19695000.0,
        "Net Income": 19695000.0,
        "Net Income Including Noncontrolling Interests": 19695000.0,
        "Net Income Continuous Operations": 19695000.0,
        "Tax Provision": 6477000.0,
        "Pretax Income": 26172000.0,
        "Other Income Expense": -763000.0,
        "Other Non Operating Income Expenses": -763000.0,
        "Net Non Operating Interest Income Expense": -929000.0,
        "Interest Expense Non Operating": 929000.0,
        "Operating Income": 27864000.0,
        "Operating Expense": 18885000.0,
        "Selling General And Administration": 18885000.0,
        "Gross Profit": 46749000.0,
        "Cost Of Revenue": 199794000.0,
        "Total Revenue": 246543000.0,
        "Operating Revenue": 242264000.0
    },
    "2023-06-30": {
        "Tax Effect Of Unusual Items": NaN,
        "Tax Rate For Calcs": NaN,
        "Normalized EBITDA": NaN,
        "Net Income From Continuing Operation Net Minority Interest": NaN,
        "Reconciled Depreciation": NaN,
        "Reconciled Cost Of Revenue": NaN,
        "EBITDA": NaN,
        "EBIT": NaN,
        "Net Interest Income": NaN,
        "Interest Expense": NaN,
        "Normalized Income": NaN,
        "Net Income From Continuing And Discontinued Operation": NaN,
        "Total Expenses": NaN,
        "Total Operating Income As Reported": NaN,
        "Diluted Average Shares": 21012788.0,
        "Basic Average Shares": 20907724.0,
        "Diluted EPS": 1.12,
        "Basic EPS": 1.12,
        "Diluted NI Availto Com Stockholders": NaN,
        "Net Income Common Stockholders": NaN,
        "Net Income": NaN,
        "Net Income Including Noncontrolling Interests": NaN,
        "Net Income Continuous Operations": NaN,
        "Tax Provision": NaN,
        "Pretax Income": NaN,
        "Other Income Expense": NaN,
        "Other Non Operating Income Expenses": NaN,
        "Net Non Operating Interest Income Expense": NaN,
        "Interest Expense Non Operating": NaN,
        "Operating Income": NaN,
        "Operating Expense": NaN,
        "Selling General And Administration": NaN,
        "Gross Profit": NaN,
        "Cost Of Revenue": NaN,
        "Total Revenue": NaN,
        "Operating Revenue": NaN
    },
    "2022-03-31": {
        "Diluted EPS": 0.5,
        "Total Revenue": 223,
        "Gross Profit": 36,
        "Operating Income": 15,
        "EBIT": 21,
        "Net Income": 11
    },
    "2021-12-31": {
        "Diluted EPS": 0.48,
        "Total Revenue": 187,
        "Gross Profit": 34,
        "Operating Income": 14,
        "EBIT": 20,
        "Net Income": 10
    },
    "2021-09-30": {
        "Diluted EPS": 0.67,
        "Total Revenue": 183,
        "Gross Profit": 37,
        "Operating Income": 20,
        "EBIT": 26,
        "Net Income": 14
    },
    "2021-06-30": {
        "Diluted EPS": 0.79,
        "Total Revenue": 181,
        "Gross Profit": 39,
        "Operating Income": 22,
        "EBIT": 28,
        "Net Income": 17
    },
    "2021-03-31": {
        "Diluted EPS": 0.44,
        "Total Revenue": 163,
        "Gross Profit": 32,
        "Operating Income": 13,
        "EBIT": 19,
        "Net Income": 9
    },
    "2020-12-31": {
        "Diluted EPS": 0.37,
        "Total Revenue": 143,
        "Gross Profit": 28,
        "Operating Income": 10,
        "EBIT": 16,
        "Net Income": 8
    },
    "2020-09-30": {
        "Diluted EPS": 0.57,
        "Total Revenue": 148,
        "Gross Profit": 33,
        "Operating Income": 17,
        "EBIT": 22,
        "Net Income": 12
    },
    "2020-06-30": {
        "Diluted EPS": 0.55,
        "Total Revenue": 143,
        "Gross Profit": 31,
        "Operating Income": 16,
        "EBIT": 21,
        "Net Income": 12
    },
    "2020-03-31": {
        "Diluted EPS": 0.22,
        "Total Revenue": 132,
        "Gross Profit": 23,
        "Operating Income": 8,
        "EBIT": 13,
        "Net Income": 5
    },
    "2019-12-31": {
        "Diluted EPS": 0.22,
        "Total Revenue": 120,
        "Gross Profit": 21,
        "Operating Income": 7,
        "EBIT": 12,
        "Net Income": 5
    },
    "2019-09-30": {
        "Diluted EPS": 0.44,
        "Total Revenue": 140,
        "Gross Profit": 28,
        "Operating Income": 13,
        "EBIT": 19,
        "Net Income": 9
    },
    "2019-06-30": {
        "Diluted EPS": 0.46,
        "Total Revenue": 147,
        "Gross Profit": 29,
        "Operating Income": 14,
        "EBIT": 19,
        "Net Income": 10
    },
    "2019-03-31": {
        "Diluted EPS": 0.18,
        "Total Revenue": 133,
        "Gross Profit": 21,
        "Operating Income": 6,
        "EBIT": 11,
        "Net Income": 4
    },
    "2018-12-31": {
        "Diluted EPS": 0.2,
        "Total Revenue": 128,
        "Gross Profit": 21,
        "Operating Income": 7,
        "EBIT": 12,
        "Net Income": 4
    },
    "2018-09-30": {
        "Diluted EPS": 0.35,
        "Total Revenue": 145,
        "Gross Profit": 26,
        "Operating Income": 11,
        "EBIT": 16,
        "Net Income": 7
    },
    "2018-06-30": {
        "Diluted EPS": 0.43,
        "Total Revenue": 150,
        "Gross Profit": 28,
        "Operating Income": 13,
        "EBIT": 19,
        "Net Income": 9
    },
    "2018-03-31": {
        "Diluted EPS": -1.76,
        "Total Revenue": 127,
        "Gross Profit": 18,
        "Operating Income": -36,
        "EBIT": 9,
        "Net Income": -37
    },
    "2017-12-31": {
        "Diluted EPS": 0.81,
        "Total Revenue": 118,
        "Gross Profit": 19,
        "Operating Income": 5,
        "EBIT": 10,
        "Net Income": 17
    },
    "2017-09-30": {
        "Diluted EPS": 0.25,
        "Total Revenue": 125,
        "Gross Profit": 24,
        "Operating Income": 9,
        "EBIT": 15,
        "Net Income": 5
    },
    "2017-06-30": {
        "Diluted EPS": 0.28,
        "Total Revenue": 134,
        "Gross Profit": 26,
        "Operating Income": 10,
        "EBIT": 16,
        "Net Income": 6
    },
    "2017-03-31": {
        "Diluted EPS": 0.2,
        "Total Revenue": 119,
        "Gross Profit": 22,
        "Operating Income": 7,
        "EBIT": 13,
        "Net Income": 4
    },
    "2016-12-31": {
        "Diluted EPS": 0.17,
        "Total Revenue": 112,
        "Gross Profit": 21,
        "Operating Income": 6,
        "EBIT": 11,
        "Net Income": 4
    },
    "2016-09-30": {
        "Diluted EPS": 0.34,
        "Total Revenue": 121,
        "Gross Profit": 27,
        "Operating Income": 12,
        "EBIT": 17,
        "Net Income": 7
    },
    "2016-06-30": {
        "Diluted EPS": 0.36,
        "Total Revenue": 131,
        "Gross Profit": 28,
        "Operating Income": 13,
        "EBIT": 18,
        "Net Income": 8
    },
    "2016-03-31": {
        "Diluted EPS": 0.23,
        "Total Revenue": 130,
        "Gross Profit": 25,
        "Operating Income": 9,
        "EBIT": 14,
        "Net Income": 5
    },
    "2015-12-31": {
        "Diluted EPS": 0.04,
        "Total Revenue": 88,
        "Gross Profit": 15,
        "Operating Income": 2,
        "EBIT": 5,
        "Net Income": 1
    },
    "2015-09-30": {
        "Diluted EPS": 0.27,
        "Total Revenue": 95,
        "Gross Profit": 20,
        "Operating Income": 10,
        "EBIT": 13,
        "Net Income": 6
    },
    "2015-06-30": {
        "Diluted EPS": 0.32,
        "Total Revenue": 101,
        "Gross Profit": 21,
        "Operating Income": 11,
        "EBIT": 14,
        "Net Income": 7
    },
    "2015-03-31": {
        "Diluted EPS": 0.18,
        "Total Revenue": 93,
        "Gross Profit": 16,
        "Operating Income": 6,
        "EBIT": 10,
        "Net Income": 4
    },
    "2014-12-31": {
        "Diluted EPS": 0.15,
        "Total Revenue": 84,
        "Gross Profit": 14,
        "Operating Income": 5,
        "EBIT": 8,
        "Net Income": 3
    },
    "2014-09-30": {
        "Diluted EPS": 0.29,
        "Total Revenue": 89,
        "Gross Profit": 18,
        "Operating Income": 10,
        "EBIT": 13,
        "Net Income": 6
    },
    "2014-06-30": {
        "Diluted EPS": 0.29,
        "Total Revenue": 98,
        "Gross Profit": 18,
        "Operating Income": 10,
        "EBIT": 13,
        "Net Income": 6
    },
    "2014-03-31": {
        "Diluted EPS": 0.21,
        "Total Revenue": 85,
        "Gross Profit": 14,
        "Operating Income": 6,
        "EBIT": 9,
        "Net Income": 4
    },
    "2013-12-31": {
        "Diluted EPS": 0.17,
        "Total Revenue": 82,
        "Gross Profit": 14,
        "Operating Income": 5,
        "EBIT": 8,
        "Net Income": 3
    },
    "2013-09-30": {
        "Diluted EPS": 0.25,
        "Total Revenue": 87,
        "Gross Profit": 17,
        "Operating Income": 8,
        "EBIT": 12,
        "Net Income": 5
    },
    "2013-06-30": {
        "Diluted EPS": 0.24,
        "Total Revenue": 95,
        "Gross Profit": 17,
        "Operating Income": 8,
        "EBIT": 12,
        "Net Income": 5
    },
    "2013-03-31": {
        "Diluted EPS": 0.19,
        "Total Revenue": 88,
        "Gross Profit": 14,
        "Operating Income": 6,
        "EBIT": 9,
        "Net Income": 4
    },
    "2012-12-31": {
        "Diluted EPS": 0.07,
        "Total Revenue": 86,
        "Gross Profit": 8,
        "Operating Income": 1,
        "EBIT": 3,
        "Net Income": 1
    },
    "2012-09-30": {
        "Diluted EPS": 0.35,
        "Total Revenue": 87,
        "Gross Profit": 19,
        "Operating Income": 12,
        "EBIT": 14,
        "Net Income": 7
    },
    "2012-06-30": {
        "Diluted EPS": 0.21,
        "Total Revenue": 90,
        "Gross Profit": 15,
        "Operating Income": 7,
        "EBIT": 9,
        "Net Income": 4
    },
    "2012-03-31": {
        "Diluted EPS": 0.17,
        "Total Revenue": 83,
        "Gross Profit": 14,
        "Operating Income": 6,
        "EBIT": 8,
        "Net Income": 4
    },
    "2011-12-31": {
        "Diluted EPS": 0.27,
        "Total Revenue": 84,
        "Gross Profit": 16,
        "Operating Income": 9,
        "EBIT": 11,
        "Net Income": 6
    },
    "2011-09-30": {
        "Diluted EPS": 0.34,
        "Total Revenue": 88,
        "Gross Profit": 19,
        "Operating Income": 11,
        "EBIT": 13,
        "Net Income": 7
    },
    "2011-06-30": {
        "Diluted EPS": 0.33,
        "Total Revenue": 89,
        "Gross Profit": 18,
        "Operating Income": 10,
        "EBIT": 12,
        "Net Income": 7
    },
    "2011-03-31": {
        "Diluted EPS": 0.09,
        "Total Revenue": 82,
        "Gross Profit": 12,
        "Operating Income": 2,
        "EBIT": 4,
        "Net Income": 2
    },
    "2010-12-31": {
        "Diluted EPS": 0.21,
        "Total Revenue": 71,
        "Gross Profit": 14,
        "Operating Income": 7,
        "EBIT": 9,
        "Net Income": 4
    },
    "2010-09-30": {
        "Diluted EPS": 0.33,
        "Total Revenue": 70,
        "Gross Profit": 18,
        "Operating Income": 11,
        "EBIT": 13,
        "Net Income": 7
    },
    "2010-06-30": {
        "Diluted EPS": 0.36,
        "Total Revenue": 75,
        "Gross Profit": 18,
        "Operating Income": 12,
        "EBIT": 14,
        "Net Income": 7
    },
    "2010-03-31": {
        "Diluted EPS": 0.27,
        "Total Revenue": 58,
        "Gross Profit": 15,
        "Operating Income": 9,
        "EBIT": 11,
        "Net Income": 6
    },
    "2009-12-31": {
        "Diluted EPS": 0.27,
        "Total Revenue": 61,
        "Gross Profit": 16,
        "Operating Income": 9,
        "EBIT": 11,
        "Net Income": 6
    },
    "2009-09-30": {
        "Diluted EPS": 0.33,
        "Total Revenue": 65,
        "Gross Profit": 17,
        "Operating Income": 11,
        "EBIT": 12,
        "Net Income": 7
    },
    "2009-06-30": {
        "Diluted EPS": 0.3,
        "Total Revenue": 74,
        "Gross Profit": 16,
        "Operating Income": 10,
        "EBIT": 11,
        "Net Income": 6
    },
    "2009-03-31": {
        "Diluted EPS": 0.25,
        "Total Revenue": 68,
        "Gross Profit": 14,
        "Operating Income": 7,
        "EBIT": 9,
        "Net Income": 5
    },
    "2023-09-30": {
        "Tax Effect Of Unusual Items": NaN,
        "Tax Rate For Calcs": NaN,
        "Normalized EBITDA": NaN,
        "Net Income From Continuing Operation Net Minority Interest": NaN,
        "Reconciled Depreciation": NaN,
        "Reconciled Cost Of Revenue": NaN,
        "EBITDA": NaN,
        "EBIT": NaN,
        "Net Interest Income": NaN,
        "Interest Expense": NaN,
        "Normalized Income": NaN,
        "Net Income From Continuing And Discontinued Operation": NaN,
        "Total Expenses": NaN,
        "Total Operating Income As Reported": NaN,
        "Diluted Average Shares": 21026428.0,
        "Basic Average Shares": 20903690.0,
        "Diluted EPS": 1.1,
        "Basic EPS": 1.11,
        "Diluted NI Availto Com Stockholders": NaN,
        "Net Income Common Stockholders": NaN,
        "Net Income": NaN,
        "Net Income Including Noncontrolling Interests": NaN,
        "Net Income Continuous Operations": NaN,
        "Tax Provision": NaN,
        "Pretax Income": NaN,
        "Other Income Expense": NaN,
        "Other Non Operating Income Expenses": NaN,
        "Net Non Operating Interest Income Expense": NaN,
        "Interest Expense Non Operating": NaN,
        "Operating Income": NaN,
        "Operating Expense": NaN,
        "Selling General And Administration": NaN,
        "Gross Profit": NaN,
        "Cost Of Revenue": NaN,
        "Total Revenue": NaN,
        "Operating Revenue": NaN
    },
    "2023-12-31": {
        "Tax Effect Of Unusual Items": 0.0,
        "Tax Rate For Calcs": 0.180296,
        "Normalized EBITDA": 27670000.0,
        "Net Income From Continuing Operation Net Minority Interest": 14885000.0,
        "Reconciled Depreciation": 8343000.0,
        "Reconciled Cost Of Revenue": 166248000.0,
        "EBITDA": 27670000.0,
        "EBIT": 19327000.0,
        "Net Interest Income": -1168000.0,
        "Interest Expense": 1168000.0,
        "Normalized Income": 14885000.0,
        "Net Income From Continuing And Discontinued Operation": 14885000.0,
        "Total Expenses": 190022000.0,
        "Total Operating Income As Reported": 18474000.0,
        "Diluted Average Shares": 20907321.0,
        "Basic Average Shares": 20781632.0,
        "Diluted EPS": 0.71,
        "Basic EPS": 0.72,
        "Diluted NI Availto Com Stockholders": 14885000.0,
        "Net Income Common Stockholders": 14885000.0,
        "Net Income": 14885000.0,
        "Net Income Including Noncontrolling Interests": 14885000.0,
        "Net Income Continuous Operations": 14885000.0,
        "Tax Provision": 3274000.0,
        "Pretax Income": 18159000.0,
        "Other Income Expense": 853000.0,
        "Other Non Operating Income Expenses": 853000.0,
        "Net Non Operating Interest Income Expense": -1168000.0,
        "Interest Expense Non Operating": 1168000.0,
        "Operating Income": 18474000.0,
        "Operating Expense": 23774000.0,
        "Selling General And Administration": 23774000.0,
        "Gross Profit": 42248000.0,
        "Cost Of Revenue": 166248000.0,
        "Total Revenue": 208496000.0,
        "Operating Revenue": 205804000.0
    },
    "2024-03-31": {
        "Tax Effect Of Unusual Items": 0.0,
        "Tax Rate For Calcs": 0.284243,
        "Normalized EBITDA": 29528000.0,
        "Net Income From Continuing Operation Net Minority Interest": 13832000.0,
        "Reconciled Depreciation": 8954000.0,
        "Reconciled Cost Of Revenue": 177509000.0,
        "EBITDA": 29528000.0,
        "EBIT": 20574000.0,
        "Net Interest Income": -1249000.0,
        "Interest Expense": 1249000.0,
        "Normalized Income": 13832000.0,
        "Net Income From Continuing And Discontinued Operation": 13832000.0,
        "Total Expenses": 202936000.0,
        "Total Operating Income As Reported": 20084000.0,
        "Diluted Average Shares": NaN,
        "Basic Average Shares": NaN,
        "Diluted EPS": NaN,
        "Basic EPS": NaN,
        "Diluted NI Availto Com Stockholders": 13832000.0,
        "Net Income Common Stockholders": 13832000.0,
        "Net Income": 13832000.0,
        "Net Income Including Noncontrolling Interests": 13832000.0,
        "Net Income Continuous Operations": 13832000.0,
        "Tax Provision": 5493000.0,
        "Pretax Income": 19325000.0,
        "Other Income Expense": 490000.0,
        "Other Non Operating Income Expenses": 490000.0,
        "Net Non Operating Interest Income Expense": -1249000.0,
        "Interest Expense Non Operating": 1249000.0,
        "Operating Income": 20084000.0,
        "Operating Expense": 25427000.0,
        "Selling General And Administration": 25427000.0,
        "Gross Profit": 45511000.0,
        "Cost Of Revenue": 177509000.0,
        "Total Revenue": 223020000.0,
        "Operating Revenue": 220334000.0
    },
    "2024-06-30": {
        "Tax Effect Of Unusual Items": 0.0,
        "Tax Rate For Calcs": 0.25,
        "Normalized EBITDA": 49279000.0,
        "Net Income From Continuing Operation Net Minority Interest": 28879000.0,
        "Reconciled Depreciation": 9329000.0,
        "Reconciled Cost Of Revenue": 191224000.0,
        "EBITDA": 49279000.0,
        "EBIT": 39950000.0,
        "Net Interest Income": -1263000.0,
        "Interest Expense": 1263000.0,
        "Normalized Income": 28879000.0,
        "Net Income From Continuing And Discontinued Operation": 28879000.0,
        "Total Expenses": 216088000.0,
        "Total Operating Income As Reported": 39791000.0,
        "Diluted Average Shares": 20914085.0,
        "Basic Average Shares": 20816479.0,
        "Diluted EPS": 1.38,
        "Basic EPS": 1.39,
        "Diluted NI Availto Com Stockholders": 28879000.0,
        "Net Income Common Stockholders": 28879000.0,
        "Net Income": 28879000.0,
        "Net Income Including Noncontrolling Interests": 28879000.0,
        "Net Income Continuous Operations": 28879000.0,
        "Tax Provision": 9808000.0,
        "Pretax Income": 38687000.0,
        "Other Income Expense": 159000.0,
        "Other Non Operating Income Expenses": 159000.0,
        "Net Non Operating Interest Income Expense": -1263000.0,
        "Interest Expense Non Operating": 1263000.0,
        "Operating Income": 39791000.0,
        "Operating Expense": 24864000.0,
        "Selling General And Administration": 24864000.0,
        "Gross Profit": 64655000.0,
        "Cost Of Revenue": 191224000.0,
        "Total Revenue": 255879000.0,
        "Operating Revenue": 252467000.0
    },
    "2024-09-30": {
        "Tax Effect Of Unusual Items": 0.0,
        "Tax Rate For Calcs": 0.27,
        "Normalized EBITDA": 44345000.0,
        "Net Income From Continuing Operation Net Minority Interest": 24118000.0,
        "Reconciled Depreciation": 9927000.0,
        "Reconciled Cost Of Revenue": 186807000.0,
        "EBITDA": 44345000.0,
        "EBIT": 34418000.0,
        "Net Interest Income": -1427000.0,
        "Interest Expense": 1427000.0,
        "Normalized Income": 24118000.0,
        "Net Income From Continuing And Discontinued Operation": 24118000.0,
        "Total Expenses": 213284000.0,
        "Total Operating Income As Reported": 33745000.0,
        "Diluted Average Shares": 20860418.0,
        "Basic Average Shares": 20757397.0,
        "Diluted EPS": 1.16,
        "Basic EPS": 1.16,
        "Diluted NI Availto Com Stockholders": 24118000.0,
        "Net Income Common Stockholders": 24118000.0,
        "Net Income": 24118000.0,
        "Net Income Including Noncontrolling Interests": 24118000.0,
        "Net Income Continuous Operations": 24118000.0,
        "Tax Provision": 8873000.0,
        "Pretax Income": 32991000.0,
        "Other Income Expense": 673000.0,
        "Other Non Operating Income Expenses": 673000.0,
        "Net Non Operating Interest Income Expense": -1427000.0,
        "Interest Expense Non Operating": 1427000.0,
        "Operating Income": 33745000.0,
        "Operating Expense": 26477000.0,
        "Selling General And Administration": 26477000.0,
        "Gross Profit": 60222000.0,
        "Cost Of Revenue": 186807000.0,
        "Total Revenue": 247029000.0,
        "Operating Revenue": 243857000.0
    },
    "2024-12-31": {
        "Tax Effect Of Unusual Items": 0.0,
        "Tax Rate For Calcs": 0.259429,
        "Normalized EBITDA": 31611000.0,
        "Net Income From Continuing Operation Net Minority Interest": 15021000.0,
        "Reconciled Depreciation": 10112000.0,
        "Reconciled Cost Of Revenue": 177781000.0,
        "EBITDA": 31611000.0,
        "EBIT": 21499000.0,
        "Net Interest Income": -1216000.0,
        "Interest Expense": 1216000.0,
        "Normalized Income": 15021000.0,
        "Net Income From Continuing And Discontinued Operation": 15021000.0,
        "Total Expenses": 205142000.0,
        "Total Operating Income As Reported": 21063000.0,
        "Diluted Average Shares": 20875387.0,
        "Basic Average Shares": 20766764.0,
        "Diluted EPS": 0.72,
        "Basic EPS": 0.72,
        "Diluted NI Availto Com Stockholders": 15021000.0,
        "Net Income Common Stockholders": 15021000.0,
        "Net Income": 15021000.0,
        "Net Income Including Noncontrolling Interests": 15021000.0,
        "Net Income Continuous Operations": 15021000.0,
        "Tax Provision": 5262000.0,
        "Pretax Income": 20283000.0,
        "Other Income Expense": 436000.0,
        "Other Non Operating Income Expenses": 436000.0,
        "Net Non Operating Interest Income Expense": -1216000.0,
        "Interest Expense Non Operating": 1216000.0,
        "Operating Income": 21063000.0,
        "Operating Expense": 27361000.0,
        "Selling General And Administration": 27361000.0,
        "Gross Profit": 48424000.0,
        "Cost Of Revenue": 177781000.0,
        "Total Revenue": 226205000.0,
        "Operating Revenue": 223142000.0
    }
}