{
    "2023-03-31": {
        "Tax Effect Of Unusual Items": NaN,
        "Tax Rate For Calcs": NaN,
        "Normalized EBITDA": NaN,
        "Net Income From Continuing Operation Net Minority Interest": NaN,
        "Reconciled Depreciation": NaN,
        "Reconciled Cost Of Revenue": NaN,
        "EBITDA": NaN,
        "EBIT": NaN,
        "Net Interest Income": NaN,
        "Interest Expense": NaN,
        "Normalized Income": NaN,
        "Net Income From Continuing And Discontinued Operation": NaN,
        "Total Expenses": NaN,
        "Total Operating Income As Reported": NaN,
        "Diluted Average Shares": 17214000.0,
        "Basic Average Shares": 17049000.0,
        "Diluted EPS": 1.55,
        "Basic EPS": 1.56,
        "Diluted NI Availto Com Stockholders": NaN,
        "Net Income Common Stockholders": NaN,
        "Net Income": NaN,
        "Minority Interests": NaN,
        "Net Income Including Noncontrolling Interests": NaN,
        "Net Income Continuous Operations": NaN,
        "Tax Provision": NaN,
        "Pretax Income": NaN,
        "Other Income Expense": NaN,
        "Other Non Operating Income Expenses": NaN,
        "Earnings From Equity Interest": NaN,
        "Net Non Operating Interest Income Expense": NaN,
        "Interest Expense Non Operating": NaN,
        "Operating Income": NaN,
        "Operating Expense": NaN,
        "Selling General And Administration": NaN,
        "Gross Profit": NaN,
        "Cost Of Revenue": NaN,
        "Total Revenue": NaN,
        "Operating Revenue": NaN
    },
    "2022-12-31": {
        "Tax Effect Of Unusual Items": NaN,
        "Tax Rate For Calcs": NaN,
        "Normalized EBITDA": NaN,
        "Net Income From Continuing Operation Net Minority Interest": NaN,
        "Reconciled Depreciation": NaN,
        "Reconciled Cost Of Revenue": NaN,
        "EBITDA": NaN,
        "EBIT": NaN,
        "Net Interest Income": NaN,
        "Interest Expense": NaN,
        "Normalized Income": NaN,
        "Net Income From Continuing And Discontinued Operation": NaN,
        "Total Expenses": NaN,
        "Total Operating Income As Reported": NaN,
        "Diluted Average Shares": 17137000.0,
        "Basic Average Shares": 16936000.0,
        "Diluted EPS": 0.44,
        "Basic EPS": 0.45,
        "Diluted NI Availto Com Stockholders": NaN,
        "Net Income Common Stockholders": NaN,
        "Net Income": NaN,
        "Minority Interests": NaN,
        "Net Income Including Noncontrolling Interests": NaN,
        "Net Income Continuous Operations": NaN,
        "Tax Provision": NaN,
        "Pretax Income": NaN,
        "Other Income Expense": NaN,
        "Other Non Operating Income Expenses": NaN,
        "Earnings From Equity Interest": NaN,
        "Net Non Operating Interest Income Expense": NaN,
        "Interest Expense Non Operating": NaN,
        "Operating Income": NaN,
        "Operating Expense": NaN,
        "Selling General And Administration": NaN,
        "Gross Profit": NaN,
        "Cost Of Revenue": NaN,
        "Total Revenue": NaN,
        "Operating Revenue": NaN
    },
    "2022-09-30": {
        "Tax Effect Of Unusual Items": 0.0,
        "Tax Rate For Calcs": 0.4,
        "Normalized EBITDA": -13800000.0,
        "Total Unusual Items": NaN,
        "Total Unusual Items Excluding Goodwill": NaN,
        "Net Income From Continuing Operation Net Minority Interest": -37300000.0,
        "Reconciled Depreciation": 10900000.0,
        "Reconciled Cost Of Revenue": 753200000.0,
        "EBITDA": -13800000.0,
        "EBIT": -24700000.0,
        "Net Interest Income": -7700000.0,
        "Interest Expense": 7700000.0,
        "Normalized Income": -37300000.0,
        "Net Income From Continuing And Discontinued Operation": -37300000.0,
        "Total Expenses": 865000000.0,
        "Total Operating Income As Reported": -24900000.0,
        "Diluted Average Shares": 16920000.0,
        "Basic Average Shares": 16920000.0,
        "Diluted EPS": -2.2,
        "Basic EPS": -2.2,
        "Diluted NI Availto Com Stockholders": -37300000.0,
        "Net Income Common Stockholders": -37300000.0,
        "Net Income": -37300000.0,
        "Minority Interests": -700000.0,
        "Net Income Including Noncontrolling Interests": -36600000.0,
        "Net Income Continuous Operations": -36600000.0,
        "Tax Provision": 4200000.0,
        "Pretax Income": -32400000.0,
        "Other Income Expense": 200000.0,
        "Other Non Operating Income Expenses": -2400000.0,
        "Special Income Charges": NaN,
        "Write Off": NaN,
        "Earnings From Equity Interest": 2600000.0,
        "Net Non Operating Interest Income Expense": -7700000.0,
        "Interest Expense Non Operating": 7700000.0,
        "Operating Income": -24900000.0,
        "Operating Expense": 111800000.0,
        "Selling General And Administration": 111800000.0,
        "Gross Profit": 86900000.0,
        "Cost Of Revenue": 753200000.0,
        "Total Revenue": 840100000.0,
        "Operating Revenue": 767900000.0
    },
    "2022-06-30": {
        "Tax Effect Of Unusual Items": 0.0,
        "Tax Rate For Calcs": 0.142,
        "Normalized EBITDA": -4700000.0,
        "Total Unusual Items": NaN,
        "Total Unusual Items Excluding Goodwill": NaN,
        "Net Income From Continuing Operation Net Minority Interest": -19400000.0,
        "Reconciled Depreciation": 11000000.0,
        "Reconciled Cost Of Revenue": 796300000.0,
        "EBITDA": -4700000.0,
        "EBIT": -15700000.0,
        "Net Interest Income": -6100000.0,
        "Interest Expense": 6100000.0,
        "Normalized Income": -19400000.0,
        "Net Income From Continuing And Discontinued Operation": -19400000.0,
        "Total Expenses": 911100000.0,
        "Total Operating Income As Reported": -15700000.0,
        "Diluted Average Shares": 16907000.0,
        "Basic Average Shares": 16907000.0,
        "Diluted EPS": -1.15,
        "Basic EPS": -1.15,
        "Diluted NI Availto Com Stockholders": -19400000.0,
        "Net Income Common Stockholders": -19400000.0,
        "Net Income": -19400000.0,
        "Minority Interests": -700000.0,
        "Net Income Including Noncontrolling Interests": -18700000.0,
        "Net Income Continuous Operations": -18700000.0,
        "Tax Provision": -3100000.0,
        "Pretax Income": -21800000.0,
        "Other Income Expense": NaN,
        "Other Non Operating Income Expenses": -4100000.0,
        "Special Income Charges": NaN,
        "Write Off": NaN,
        "Earnings From Equity Interest": 4100000.0,
        "Net Non Operating Interest Income Expense": -6100000.0,
        "Interest Expense Non Operating": 6100000.0,
        "Operating Income": -15700000.0,
        "Operating Expense": 114800000.0,
        "Selling General And Administration": 114800000.0,
        "Gross Profit": 99100000.0,
        "Cost Of Revenue": 796300000.0,
        "Total Revenue": 895400000.0,
        "Operating Revenue": 812600000.0
    },
    "2023-06-30": {
        "Tax Effect Of Unusual Items": NaN,
        "Tax Rate For Calcs": NaN,
        "Normalized EBITDA": NaN,
        "Net Income From Continuing Operation Net Minority Interest": NaN,
        "Reconciled Depreciation": NaN,
        "Reconciled Cost Of Revenue": NaN,
        "EBITDA": NaN,
        "EBIT": NaN,
        "Net Interest Income": NaN,
        "Interest Expense": NaN,
        "Normalized Income": NaN,
        "Net Income From Continuing And Discontinued Operation": NaN,
        "Total Expenses": NaN,
        "Total Operating Income As Reported": NaN,
        "Diluted Average Shares": 17307000.0,
        "Basic Average Shares": 17164000.0,
        "Diluted EPS": 2.21,
        "Basic EPS": 2.23,
        "Diluted NI Availto Com Stockholders": NaN,
        "Net Income Common Stockholders": NaN,
        "Net Income": NaN,
        "Minority Interests": NaN,
        "Net Income Including Noncontrolling Interests": NaN,
        "Net Income Continuous Operations": NaN,
        "Tax Provision": NaN,
        "Pretax Income": NaN,
        "Other Income Expense": NaN,
        "Other Non Operating Income Expenses": NaN,
        "Earnings From Equity Interest": NaN,
        "Net Non Operating Interest Income Expense": NaN,
        "Interest Expense Non Operating": NaN,
        "Operating Income": NaN,
        "Operating Expense": NaN,
        "Selling General And Administration": NaN,
        "Gross Profit": NaN,
        "Cost Of Revenue": NaN,
        "Total Revenue": NaN,
        "Operating Revenue": NaN
    },
    "2023-09-30": {
        "Tax Effect Of Unusual Items": 0.0,
        "Tax Rate For Calcs": 0.308,
        "Normalized EBITDA": 73500000.0,
        "Net Income From Continuing Operation Net Minority Interest": 35800000.0,
        "Reconciled Depreciation": 11300000.0,
        "Reconciled Cost Of Revenue": 797600000.0,
        "EBITDA": 73500000.0,
        "EBIT": 62200000.0,
        "Net Interest Income": -9600000.0,
        "Interest Expense": 9600000.0,
        "Normalized Income": 35800000.0,
        "Net Income From Continuing And Discontinued Operation": 35800000.0,
        "Total Expenses": 942600000.0,
        "Total Operating Income As Reported": 58600000.0,
        "Diluted Average Shares": 17413000.0,
        "Basic Average Shares": 17175000.0,
        "Diluted EPS": 2.06,
        "Basic EPS": 2.08,
        "Diluted NI Availto Com Stockholders": 35800000.0,
        "Net Income Common Stockholders": 35800000.0,
        "Net Income": 35800000.0,
        "Minority Interests": -600000.0,
        "Net Income Including Noncontrolling Interests": 36400000.0,
        "Net Income Continuous Operations": 36400000.0,
        "Tax Provision": 16200000.0,
        "Pretax Income": 52600000.0,
        "Other Income Expense": 3600000.0,
        "Other Non Operating Income Expenses": 700000.0,
        "Earnings From Equity Interest": 2900000.0,
        "Net Non Operating Interest Income Expense": -9600000.0,
        "Interest Expense Non Operating": 9600000.0,
        "Operating Income": 58600000.0,
        "Operating Expense": 145000000.0,
        "Selling General And Administration": 145000000.0,
        "Gross Profit": 203600000.0,
        "Cost Of Revenue": 797600000.0,
        "Total Revenue": 1001200000.0,
        "Operating Revenue": 919300000.0
    },
    "2023-12-31": {
        "Tax Effect Of Unusual Items": 0.0,
        "Tax Rate For Calcs": 0.383693,
        "Normalized EBITDA": 62100000.0,
        "Net Income From Continuing Operation Net Minority Interest": 25200000.0,
        "Reconciled Depreciation": 11300000.0,
        "Reconciled Cost Of Revenue": 817500000.0,
        "EBITDA": 62100000.0,
        "EBIT": 50800000.0,
        "Net Interest Income": -9100000.0,
        "Interest Expense": 9100000.0,
        "Normalized Income": 25200000.0,
        "Net Income From Continuing And Discontinued Operation": 25200000.0,
        "Total Expenses": 978500000.0,
        "Total Operating Income As Reported": 48700000.0,
        "Diluted Average Shares": NaN,
        "Basic Average Shares": NaN,
        "Diluted EPS": NaN,
        "Basic EPS": NaN,
        "Diluted NI Availto Com Stockholders": 25200000.0,
        "Net Income Common Stockholders": 25200000.0,
        "Net Income": 25200000.0,
        "Minority Interests": -500000.0,
        "Net Income Including Noncontrolling Interests": 25700000.0,
        "Net Income Continuous Operations": 25700000.0,
        "Tax Provision": 16000000.0,
        "Pretax Income": 41700000.0,
        "Other Income Expense": 2100000.0,
        "Other Non Operating Income Expenses": 100000.0,
        "Earnings From Equity Interest": 2000000.0,
        "Net Non Operating Interest Income Expense": -9100000.0,
        "Interest Expense Non Operating": 9100000.0,
        "Operating Income": 48700000.0,
        "Operating Expense": 161000000.0,
        "Selling General And Administration": 161000000.0,
        "Gross Profit": 209700000.0,
        "Cost Of Revenue": 817500000.0,
        "Total Revenue": 1027200000.0,
        "Operating Revenue": 1256400000.0
    },
    "2024-03-31": {
        "Tax Effect Of Unusual Items": 0.0,
        "Tax Rate For Calcs": 0.326,
        "Normalized EBITDA": 97500000.0,
        "Net Income From Continuing Operation Net Minority Interest": 51500000.0,
        "Reconciled Depreciation": 11700000.0,
        "Reconciled Cost Of Revenue": 820800000.0,
        "EBITDA": 97500000.0,
        "EBIT": 85800000.0,
        "Net Interest Income": -8900000.0,
        "Interest Expense": 8900000.0,
        "Normalized Income": 51500000.0,
        "Net Income From Continuing And Discontinued Operation": 51500000.0,
        "Total Expenses": 972700000.0,
        "Total Operating Income As Reported": 83800000.0,
        "Diluted Average Shares": 17592000.0,
        "Basic Average Shares": 17339000.0,
        "Diluted EPS": 2.93,
        "Basic EPS": 2.97,
        "Diluted NI Availto Com Stockholders": 51500000.0,
        "Net Income Common Stockholders": 51500000.0,
        "Net Income": 51500000.0,
        "Minority Interests": -300000.0,
        "Net Income Including Noncontrolling Interests": 51800000.0,
        "Net Income Continuous Operations": 51800000.0,
        "Tax Provision": 25100000.0,
        "Pretax Income": 76900000.0,
        "Other Income Expense": 2000000.0,
        "Other Non Operating Income Expenses": 1000000.0,
        "Earnings From Equity Interest": 1000000.0,
        "Net Non Operating Interest Income Expense": -8900000.0,
        "Interest Expense Non Operating": 8900000.0,
        "Operating Income": 83800000.0,
        "Operating Expense": 151900000.0,
        "Selling General And Administration": 151900000.0,
        "Gross Profit": 235700000.0,
        "Cost Of Revenue": 820800000.0,
        "Total Revenue": 1056500000.0,
        "Operating Revenue": 968600000.0
    },
    "2024-06-30": {
        "Tax Effect Of Unusual Items": 0.0,
        "Tax Rate For Calcs": 0.29,
        "Normalized EBITDA": 111200000.0,
        "Net Income From Continuing Operation Net Minority Interest": 63300000.0,
        "Reconciled Depreciation": 12400000.0,
        "Reconciled Cost Of Revenue": 908800000.0,
        "EBITDA": 111200000.0,
        "EBIT": 98800000.0,
        "Net Interest Income": -8800000.0,
        "Interest Expense": 8800000.0,
        "Normalized Income": 63300000.0,
        "Net Income From Continuing And Discontinued Operation": 63300000.0,
        "Total Expenses": 1072500000.0,
        "Total Operating Income As Reported": 95600000.0,
        "Diluted Average Shares": 17659000.0,
        "Basic Average Shares": 17493000.0,
        "Diluted EPS": 3.58,
        "Basic EPS": 3.62,
        "Diluted NI Availto Com Stockholders": 63300000.0,
        "Net Income Common Stockholders": 63300000.0,
        "Net Income": 63300000.0,
        "Minority Interests": -600000.0,
        "Net Income Including Noncontrolling Interests": 63900000.0,
        "Net Income Continuous Operations": 63900000.0,
        "Tax Provision": 26100000.0,
        "Pretax Income": 90000000.0,
        "Other Income Expense": 3200000.0,
        "Other Non Operating Income Expenses": 1100000.0,
        "Earnings From Equity Interest": 2100000.0,
        "Net Non Operating Interest Income Expense": -8800000.0,
        "Interest Expense Non Operating": 8800000.0,
        "Operating Income": 95600000.0,
        "Operating Expense": 163700000.0,
        "Selling General And Administration": 163700000.0,
        "Gross Profit": 259300000.0,
        "Cost Of Revenue": 908800000.0,
        "Total Revenue": 1168100000.0,
        "Operating Revenue": 1076000000.0
    },
    "2024-09-30": {
        "Tax Effect Of Unusual Items": 0.0,
        "Tax Rate For Calcs": 0.367,
        "Normalized EBITDA": 48200000.0,
        "Net Income From Continuing Operation Net Minority Interest": 17200000.0,
        "Reconciled Depreciation": 11700000.0,
        "Reconciled Cost Of Revenue": 823200000.0,
        "EBITDA": 48200000.0,
        "EBIT": 36500000.0,
        "Net Interest Income": -8400000.0,
        "Interest Expense": 8400000.0,
        "Normalized Income": 17200000.0,
        "Net Income From Continuing And Discontinued Operation": 17200000.0,
        "Total Expenses": 983000000.0,
        "Total Operating Income As Reported": 33100000.0,
        "Diluted Average Shares": 17752000.0,
        "Basic Average Shares": 17500000.0,
        "Diluted EPS": 0.97,
        "Basic EPS": 0.98,
        "Diluted NI Availto Com Stockholders": 17200000.0,
        "Net Income Common Stockholders": 17200000.0,
        "Net Income": 17200000.0,
        "Minority Interests": -600000.0,
        "Net Income Including Noncontrolling Interests": 17800000.0,
        "Net Income Continuous Operations": 17800000.0,
        "Tax Provision": 10300000.0,
        "Pretax Income": 28100000.0,
        "Other Income Expense": 3400000.0,
        "Other Non Operating Income Expenses": -200000.0,
        "Earnings From Equity Interest": 3600000.0,
        "Net Non Operating Interest Income Expense": -8400000.0,
        "Interest Expense Non Operating": 8400000.0,
        "Operating Income": 33100000.0,
        "Operating Expense": 159800000.0,
        "Selling General And Administration": 159800000.0,
        "Gross Profit": 192900000.0,
        "Cost Of Revenue": 823200000.0,
        "Total Revenue": 1016100000.0,
        "Operating Revenue": 942300000.0
    }
}