{
    "2023-03-31": {
        "Tax Effect Of Unusual Items": NaN,
        "Tax Rate For Calcs": NaN,
        "Normalized EBITDA": NaN,
        "Total Unusual Items": 0.0,
        "Total Unusual Items Excluding Goodwill": 0.0,
        "Net Income From Continuing Operation Net Minority Interest": NaN,
        "Reconciled Depreciation": NaN,
        "Reconciled Cost Of Revenue": NaN,
        "EBITDA": NaN,
        "EBIT": NaN,
        "Net Interest Income": NaN,
        "Interest Expense": NaN,
        "Normalized Income": NaN,
        "Net Income From Continuing And Discontinued Operation": NaN,
        "Total Expenses": NaN,
        "Total Operating Income As Reported": NaN,
        "Diluted Average Shares": 45263822.0,
        "Basic Average Shares": 45263822.0,
        "Diluted EPS": -0.37,
        "Basic EPS": -0.37,
        "Diluted NI Availto Com Stockholders": NaN,
        "Net Income Common Stockholders": NaN,
        "Net Income": NaN,
        "Net Income Including Noncontrolling Interests": NaN,
        "Net Income Continuous Operations": NaN,
        "Tax Provision": NaN,
        "Pretax Income": NaN,
        "Other Income Expense": NaN,
        "Other Non Operating Income Expenses": NaN,
        "Special Income Charges": 0.0,
        "Gain On Sale Of Ppe": NaN,
        "Write Off": 0.0,
        "Net Non Operating Interest Income Expense": NaN,
        "Interest Expense Non Operating": NaN,
        "Operating Income": NaN,
        "Operating Expense": NaN,
        "Selling General And Administration": NaN,
        "Gross Profit": NaN,
        "Cost Of Revenue": NaN,
        "Total Revenue": NaN,
        "Operating Revenue": NaN
    },
    "2022-12-31": {
        "Tax Effect Of Unusual Items": NaN,
        "Tax Rate For Calcs": NaN,
        "Normalized EBITDA": NaN,
        "Total Unusual Items": NaN,
        "Total Unusual Items Excluding Goodwill": NaN,
        "Net Income From Continuing Operation Net Minority Interest": NaN,
        "Reconciled Depreciation": NaN,
        "Reconciled Cost Of Revenue": NaN,
        "EBITDA": NaN,
        "EBIT": NaN,
        "Net Interest Income": NaN,
        "Interest Expense": NaN,
        "Normalized Income": NaN,
        "Net Income From Continuing And Discontinued Operation": NaN,
        "Total Expenses": NaN,
        "Total Operating Income As Reported": NaN,
        "Diluted Average Shares": NaN,
        "Basic Average Shares": NaN,
        "Diluted EPS": NaN,
        "Basic EPS": NaN,
        "Diluted NI Availto Com Stockholders": NaN,
        "Net Income Common Stockholders": NaN,
        "Net Income": NaN,
        "Net Income Including Noncontrolling Interests": NaN,
        "Net Income Continuous Operations": NaN,
        "Tax Provision": NaN,
        "Pretax Income": NaN,
        "Other Income Expense": NaN,
        "Other Non Operating Income Expenses": NaN,
        "Special Income Charges": NaN,
        "Gain On Sale Of Ppe": NaN,
        "Write Off": 189728000.0,
        "Net Non Operating Interest Income Expense": NaN,
        "Interest Expense Non Operating": NaN,
        "Operating Income": NaN,
        "Operating Expense": NaN,
        "Selling General And Administration": NaN,
        "Gross Profit": NaN,
        "Cost Of Revenue": NaN,
        "Total Revenue": NaN,
        "Operating Revenue": NaN
    },
    "2022-09-30": {
        "Tax Effect Of Unusual Items": 0.0,
        "Tax Rate For Calcs": 0.033,
        "Normalized EBITDA": -11268000.0,
        "Total Unusual Items": 0.0,
        "Total Unusual Items Excluding Goodwill": 0.0,
        "Net Income From Continuing Operation Net Minority Interest": -23539000.0,
        "Reconciled Depreciation": 8439000.0,
        "Reconciled Cost Of Revenue": 68291000.0,
        "EBITDA": -11268000.0,
        "EBIT": -19707000.0,
        "Net Interest Income": -3073000.0,
        "Interest Expense": 3073000.0,
        "Normalized Income": -23539000.0,
        "Net Income From Continuing And Discontinued Operation": -23539000.0,
        "Total Expenses": 94477000.0,
        "Total Operating Income As Reported": -20322000.0,
        "Diluted Average Shares": 45089286.0,
        "Basic Average Shares": 45089286.0,
        "Diluted EPS": -0.52,
        "Basic EPS": -0.52,
        "Diluted NI Availto Com Stockholders": -23539000.0,
        "Net Income Common Stockholders": -23539000.0,
        "Net Income": -23539000.0,
        "Net Income Including Noncontrolling Interests": -23539000.0,
        "Net Income Continuous Operations": -23539000.0,
        "Tax Provision": 759000.0,
        "Pretax Income": -22780000.0,
        "Other Income Expense": 615000.0,
        "Other Non Operating Income Expenses": 615000.0,
        "Special Income Charges": 0.0,
        "Other Special Charges": NaN,
        "Write Off": 0.0,
        "Net Non Operating Interest Income Expense": -3073000.0,
        "Interest Expense Non Operating": 3073000.0,
        "Operating Income": -20322000.0,
        "Operating Expense": 26186000.0,
        "Selling General And Administration": 26186000.0,
        "Gross Profit": 5864000.0,
        "Cost Of Revenue": 68291000.0,
        "Total Revenue": 74155000.0,
        "Operating Revenue": 74155000.0
    },
    "2022-06-30": {
        "Tax Effect Of Unusual Items": -6189403.967208,
        "Tax Rate For Calcs": 0.032645,
        "Normalized EBITDA": -10314000.0,
        "Total Unusual Items": -189600000.0,
        "Total Unusual Items Excluding Goodwill": -189600000.0,
        "Net Income From Continuing Operation Net Minority Interest": -203312000.0,
        "Reconciled Depreciation": 7835000.0,
        "Reconciled Cost Of Revenue": 90169000.0,
        "EBITDA": -199914000.0,
        "EBIT": -207749000.0,
        "Net Interest Income": -2424000.0,
        "Interest Expense": 2424000.0,
        "Normalized Income": -19901403.967208,
        "Net Income From Continuing And Discontinued Operation": -203312000.0,
        "Total Expenses": 116143000.0,
        "Total Operating Income As Reported": -208207000.0,
        "Diluted Average Shares": 44910193.0,
        "Basic Average Shares": 44910193.0,
        "Diluted EPS": -4.53,
        "Basic EPS": -4.53,
        "Diluted NI Availto Com Stockholders": -203312000.0,
        "Net Income Common Stockholders": -203312000.0,
        "Net Income": -203312000.0,
        "Net Income Including Noncontrolling Interests": -203312000.0,
        "Net Income Continuous Operations": -203312000.0,
        "Tax Provision": -6861000.0,
        "Pretax Income": -210173000.0,
        "Other Income Expense": -189142000.0,
        "Other Non Operating Income Expenses": 458000.0,
        "Special Income Charges": -189600000.0,
        "Other Special Charges": NaN,
        "Write Off": NaN,
        "Impairment Of Capital Assets": 189600000.0,
        "Net Non Operating Interest Income Expense": -2424000.0,
        "Interest Expense Non Operating": 2424000.0,
        "Operating Income": -18635000.0,
        "Operating Expense": 25974000.0,
        "Selling General And Administration": 25974000.0,
        "Gross Profit": 7339000.0,
        "Cost Of Revenue": 90169000.0,
        "Total Revenue": 97508000.0,
        "Operating Revenue": 97508000.0
    },
    "2022-03-31": {
        "Diluted EPS": -0.52,
        "Total Revenue": 111,
        "Gross Profit": 17,
        "Operating Income": -26,
        "EBIT": -9,
        "Net Income": -23
    },
    "2021-12-31": {
        "Diluted EPS": -0.24,
        "Total Revenue": 110,
        "Gross Profit": 19,
        "Operating Income": -9,
        "EBIT": -3,
        "Net Income": -11
    },
    "2021-09-30": {
        "Diluted EPS": 0.37,
        "Total Revenue": 124,
        "Gross Profit": 30,
        "Operating Income": -2,
        "EBIT": 2,
        "Net Income": 17
    },
    "2021-06-30": {
        "Diluted EPS": 0.05,
        "Total Revenue": 134,
        "Gross Profit": 30,
        "Operating Income": 2,
        "EBIT": 5,
        "Net Income": 2
    },
    "2021-03-31": {
        "Diluted EPS": 0.13,
        "Total Revenue": 111,
        "Gross Profit": 23,
        "Operating Income": 6,
        "EBIT": 8,
        "Net Income": 5
    },
    "2020-12-31": {
        "Diluted EPS": -0.43,
        "Total Revenue": 87,
        "Gross Profit": 16,
        "Operating Income": -6,
        "EBIT": -3,
        "Net Income": -9
    },
    "2020-09-30": {
        "Diluted EPS": 0.08,
        "Total Revenue": 97,
        "Gross Profit": 18,
        "Operating Income": 5,
        "EBIT": 7,
        "Net Income": 2
    },
    "2020-06-30": {
        "Diluted EPS": 0.08,
        "Total Revenue": 91,
        "Gross Profit": 18,
        "Operating Income": 5,
        "EBIT": 7,
        "Net Income": 2
    },
    "2020-03-31": {
        "Diluted EPS": -0.18,
        "Total Revenue": 67,
        "Gross Profit": 12,
        "Operating Income": 0,
        "EBIT": 2,
        "Net Income": -4
    },
    "2019-12-31": {
        "Diluted EPS": 0.0,
        "Total Revenue": NaN,
        "Gross Profit": NaN,
        "Operating Income": NaN,
        "EBIT": NaN,
        "Net Income": NaN
    },
    "2018-12-31": {
        "Diluted EPS": 0.0,
        "Total Revenue": NaN,
        "Gross Profit": NaN,
        "Operating Income": NaN,
        "EBIT": NaN,
        "Net Income": NaN
    },
    "2023-06-30": {
        "Tax Effect Of Unusual Items": 0.0,
        "Tax Rate For Calcs": 0.024122,
        "Normalized EBITDA": -1165000.0,
        "Total Unusual Items": 0.0,
        "Total Unusual Items Excluding Goodwill": 0.0,
        "Net Income From Continuing Operation Net Minority Interest": -12865000.0,
        "Reconciled Depreciation": 8250000.0,
        "Reconciled Cost Of Revenue": 48578000.0,
        "EBITDA": -1165000.0,
        "EBIT": -9415000.0,
        "Net Interest Income": -3768000.0,
        "Interest Expense": 3768000.0,
        "Normalized Income": -12865000.0,
        "Net Income From Continuing And Discontinued Operation": -12865000.0,
        "Total Expenses": 72046000.0,
        "Total Operating Income As Reported": -8995000.0,
        "Diluted Average Shares": 45412627.0,
        "Basic Average Shares": 45412627.0,
        "Diluted EPS": -0.28,
        "Basic EPS": -0.28,
        "Diluted NI Availto Com Stockholders": -12865000.0,
        "Net Income Common Stockholders": -12865000.0,
        "Net Income": -12865000.0,
        "Net Income Including Noncontrolling Interests": -12865000.0,
        "Net Income Continuous Operations": -12865000.0,
        "Tax Provision": -318000.0,
        "Pretax Income": -13183000.0,
        "Other Income Expense": -420000.0,
        "Other Non Operating Income Expenses": -420000.0,
        "Special Income Charges": 0.0,
        "Gain On Sale Of Ppe": 0.0,
        "Write Off": 0.0,
        "Net Non Operating Interest Income Expense": -3768000.0,
        "Interest Expense Non Operating": 3768000.0,
        "Operating Income": -8995000.0,
        "Operating Expense": 23468000.0,
        "Selling General And Administration": 23468000.0,
        "Gross Profit": 14473000.0,
        "Cost Of Revenue": 48578000.0,
        "Total Revenue": 63051000.0,
        "Operating Revenue": 63051000.0
    },
    "2023-09-30": {
        "Tax Effect Of Unusual Items": 0.0,
        "Tax Rate For Calcs": 0.21,
        "Normalized EBITDA": -7924000.0,
        "Total Unusual Items": 0.0,
        "Total Unusual Items Excluding Goodwill": 0.0,
        "Net Income From Continuing Operation Net Minority Interest": -19884000.0,
        "Reconciled Depreciation": 7908000.0,
        "Reconciled Cost Of Revenue": 50859000.0,
        "EBITDA": -7924000.0,
        "EBIT": -15832000.0,
        "Net Interest Income": -3963000.0,
        "Interest Expense": 3963000.0,
        "Normalized Income": -19884000.0,
        "Net Income From Continuing And Discontinued Operation": -19884000.0,
        "Total Expenses": 70402000.0,
        "Total Operating Income As Reported": -16234000.0,
        "Diluted Average Shares": 45607195.0,
        "Basic Average Shares": 45607195.0,
        "Diluted EPS": -0.44,
        "Basic EPS": -0.44,
        "Diluted NI Availto Com Stockholders": -19884000.0,
        "Net Income Common Stockholders": -19884000.0,
        "Net Income": -19884000.0,
        "Net Income Including Noncontrolling Interests": -19884000.0,
        "Net Income Continuous Operations": -19884000.0,
        "Tax Provision": 89000.0,
        "Pretax Income": -19795000.0,
        "Other Income Expense": 402000.0,
        "Other Non Operating Income Expenses": 402000.0,
        "Special Income Charges": 0.0,
        "Gain On Sale Of Ppe": NaN,
        "Write Off": 0.0,
        "Net Non Operating Interest Income Expense": -3963000.0,
        "Interest Expense Non Operating": 3963000.0,
        "Operating Income": -16234000.0,
        "Operating Expense": 19543000.0,
        "Selling General And Administration": 19543000.0,
        "Gross Profit": 3309000.0,
        "Cost Of Revenue": 50859000.0,
        "Total Revenue": 54168000.0,
        "Operating Revenue": 54168000.0
    },
    "2023-12-31": {
        "Tax Effect Of Unusual Items": 0.0,
        "Tax Rate For Calcs": 0.008536,
        "Normalized EBITDA": -3417000.0,
        "Total Unusual Items": 0.0,
        "Total Unusual Items Excluding Goodwill": 0.0,
        "Net Income From Continuing Operation Net Minority Interest": -15215000.0,
        "Reconciled Depreciation": 7910000.0,
        "Reconciled Cost Of Revenue": 38735000.0,
        "EBITDA": -3417000.0,
        "EBIT": -11327000.0,
        "Net Interest Income": -4019000.0,
        "Interest Expense": 4019000.0,
        "Normalized Income": -15215000.0,
        "Net Income From Continuing And Discontinued Operation": -15215000.0,
        "Total Expenses": 58607000.0,
        "Total Operating Income As Reported": -11423000.0,
        "Diluted Average Shares": NaN,
        "Basic Average Shares": NaN,
        "Diluted EPS": NaN,
        "Basic EPS": NaN,
        "Diluted NI Availto Com Stockholders": -15215000.0,
        "Net Income Common Stockholders": -15215000.0,
        "Net Income": -15215000.0,
        "Net Income Including Noncontrolling Interests": -15215000.0,
        "Net Income Continuous Operations": -15215000.0,
        "Tax Provision": -131000.0,
        "Pretax Income": -15346000.0,
        "Other Income Expense": 96000.0,
        "Other Non Operating Income Expenses": 96000.0,
        "Special Income Charges": 0.0,
        "Gain On Sale Of Ppe": NaN,
        "Write Off": 0.0,
        "Net Non Operating Interest Income Expense": -4019000.0,
        "Interest Expense Non Operating": 4019000.0,
        "Operating Income": -11423000.0,
        "Operating Expense": 19872000.0,
        "Selling General And Administration": 19872000.0,
        "Gross Profit": 8449000.0,
        "Cost Of Revenue": 38735000.0,
        "Total Revenue": 47184000.0,
        "Operating Revenue": 47184000.0
    },
    "2024-03-31": {
        "Tax Effect Of Unusual Items": 0.0,
        "Tax Rate For Calcs": 0.21,
        "Normalized EBITDA": -596000.0,
        "Total Unusual Items": NaN,
        "Total Unusual Items Excluding Goodwill": NaN,
        "Net Income From Continuing Operation Net Minority Interest": -12608000.0,
        "Reconciled Depreciation": 7885000.0,
        "Reconciled Cost Of Revenue": 43247000.0,
        "EBITDA": -596000.0,
        "EBIT": -8481000.0,
        "Net Interest Income": -3931000.0,
        "Interest Expense": 3931000.0,
        "Normalized Income": -12608000.0,
        "Net Income From Continuing And Discontinued Operation": -12608000.0,
        "Total Expenses": 62868000.0,
        "Total Operating Income As Reported": -8696000.0,
        "Diluted Average Shares": 45813729.0,
        "Basic Average Shares": 45813729.0,
        "Diluted EPS": -0.28,
        "Basic EPS": -0.28,
        "Diluted NI Availto Com Stockholders": -12608000.0,
        "Net Income Common Stockholders": -12608000.0,
        "Net Income": -12608000.0,
        "Net Income Including Noncontrolling Interests": -12608000.0,
        "Net Income Continuous Operations": -12608000.0,
        "Tax Provision": 196000.0,
        "Pretax Income": -12412000.0,
        "Other Income Expense": 215000.0,
        "Other Non Operating Income Expenses": 215000.0,
        "Special Income Charges": NaN,
        "Gain On Sale Of Ppe": NaN,
        "Write Off": NaN,
        "Net Non Operating Interest Income Expense": -3931000.0,
        "Interest Expense Non Operating": 3931000.0,
        "Operating Income": -8696000.0,
        "Operating Expense": 19621000.0,
        "Selling General And Administration": 19621000.0,
        "Gross Profit": 10925000.0,
        "Cost Of Revenue": 43247000.0,
        "Total Revenue": 54172000.0,
        "Operating Revenue": 54172000.0
    },
    "2024-06-30": {
        "Tax Effect Of Unusual Items": -2419200.0,
        "Tax Rate For Calcs": 0.21,
        "Normalized EBITDA": 47000.0,
        "Total Unusual Items": -11520000.0,
        "Total Unusual Items Excluding Goodwill": -11520000.0,
        "Net Income From Continuing Operation Net Minority Interest": -23450000.0,
        "Reconciled Depreciation": 7776000.0,
        "Reconciled Cost Of Revenue": 43942000.0,
        "EBITDA": -11473000.0,
        "EBIT": -19249000.0,
        "Net Interest Income": -3811000.0,
        "Interest Expense": 3811000.0,
        "Normalized Income": -14349200.0,
        "Net Income From Continuing And Discontinued Operation": -23450000.0,
        "Total Expenses": 62601000.0,
        "Total Operating Income As Reported": -19328000.0,
        "Diluted Average Shares": 45978941.0,
        "Basic Average Shares": 45978941.0,
        "Diluted EPS": -0.51,
        "Basic EPS": -0.51,
        "Diluted NI Availto Com Stockholders": -23450000.0,
        "Net Income Common Stockholders": -23450000.0,
        "Net Income": -23450000.0,
        "Net Income Including Noncontrolling Interests": -23450000.0,
        "Net Income Continuous Operations": -23450000.0,
        "Tax Provision": 390000.0,
        "Pretax Income": -23060000.0,
        "Other Income Expense": -11441000.0,
        "Other Non Operating Income Expenses": 79000.0,
        "Special Income Charges": -11520000.0,
        "Gain On Sale Of Ppe": -11520000.0,
        "Write Off": NaN,
        "Net Non Operating Interest Income Expense": -3811000.0,
        "Interest Expense Non Operating": 3811000.0,
        "Operating Income": -7808000.0,
        "Operating Expense": 18659000.0,
        "Selling General And Administration": 18659000.0,
        "Gross Profit": 10851000.0,
        "Cost Of Revenue": 43942000.0,
        "Total Revenue": 54793000.0,
        "Operating Revenue": 54793000.0
    }
}