{
    "2023-06-30": {
        "Tax Effect Of Unusual Items": 0.0,
        "Tax Rate For Calcs": 0.0,
        "Normalized EBITDA": -8850000.0,
        "Total Unusual Items": 144000.0,
        "Total Unusual Items Excluding Goodwill": 144000.0,
        "Net Income From Continuing Operation Net Minority Interest": -13889000.0,
        "Reconciled Depreciation": 711000.0,
        "Reconciled Cost Of Revenue": 3533000.0,
        "EBITDA": -8706000.0,
        "EBIT": -9417000.0,
        "Net Interest Income": -2466000.0,
        "Interest Expense": 4472000.0,
        "Interest Income": 2121000.0,
        "Normalized Income": -14033000.0,
        "Net Income From Continuing And Discontinued Operation": -13889000.0,
        "Total Expenses": 12718000.0,
        "Total Operating Income As Reported": -11567000.0,
        "Diluted Average Shares": 20082098.0,
        "Basic Average Shares": 20082098.0,
        "Diluted EPS": -0.69,
        "Basic EPS": -0.69,
        "Diluted NI Availto Com Stockholders": -13889000.0,
        "Net Income Common Stockholders": -13889000.0,
        "Net Income": -13889000.0,
        "Net Income Including Noncontrolling Interests": -13889000.0,
        "Net Income Continuous Operations": -13889000.0,
        "Tax Provision": NaN,
        "Pretax Income": -13889000.0,
        "Other Income Expense": 1295000.0,
        "Other Non Operating Income Expenses": 1151000.0,
        "Special Income Charges": 85000.0,
        "Gain On Sale Of Ppe": 85000.0,
        "Write Off": 0.0,
        "Gain On Sale Of Security": 59000.0,
        "Net Non Operating Interest Income Expense": -2466000.0,
        "Total Other Finance Cost": 115000.0,
        "Interest Expense Non Operating": 4472000.0,
        "Interest Income Non Operating": 2121000.0,
        "Operating Income": -12718000.0,
        "Operating Expense": 9185000.0,
        "Other Operating Expenses": 5479000.0,
        "Depreciation Amortization Depletion Income Statement": 711000.0,
        "Depreciation And Amortization In Income Statement": 711000.0,
        "Selling General And Administration": 3706000.0,
        "General And Administrative Expense": 3706000.0,
        "Other Gand A": 3706000.0,
        "Gross Profit": -3533000.0,
        "Cost Of Revenue": 3533000.0,
        "Total Revenue": 0.0,
        "Operating Revenue": 0.0
    },
    "2023-03-31": {
        "Tax Effect Of Unusual Items": NaN,
        "Tax Rate For Calcs": NaN,
        "Normalized EBITDA": NaN,
        "Total Unusual Items": NaN,
        "Total Unusual Items Excluding Goodwill": NaN,
        "Net Income From Continuing Operation Net Minority Interest": NaN,
        "Reconciled Depreciation": NaN,
        "Reconciled Cost Of Revenue": NaN,
        "EBITDA": NaN,
        "EBIT": NaN,
        "Net Interest Income": NaN,
        "Interest Expense": NaN,
        "Interest Income": NaN,
        "Normalized Income": NaN,
        "Net Income From Continuing And Discontinued Operation": NaN,
        "Total Expenses": NaN,
        "Total Operating Income As Reported": NaN,
        "Diluted Average Shares": 20027065.0,
        "Basic Average Shares": 20027065.0,
        "Diluted EPS": -0.69,
        "Basic EPS": -0.69,
        "Diluted NI Availto Com Stockholders": NaN,
        "Net Income Common Stockholders": NaN,
        "Net Income": NaN,
        "Net Income Including Noncontrolling Interests": NaN,
        "Net Income Continuous Operations": NaN,
        "Tax Provision": NaN,
        "Pretax Income": NaN,
        "Other Income Expense": NaN,
        "Other Non Operating Income Expenses": NaN,
        "Special Income Charges": NaN,
        "Gain On Sale Of Ppe": NaN,
        "Write Off": NaN,
        "Gain On Sale Of Security": NaN,
        "Net Non Operating Interest Income Expense": NaN,
        "Total Other Finance Cost": NaN,
        "Interest Expense Non Operating": NaN,
        "Interest Income Non Operating": NaN,
        "Operating Income": NaN,
        "Operating Expense": NaN,
        "Other Operating Expenses": NaN,
        "Depreciation Amortization Depletion Income Statement": 718000.0,
        "Depreciation And Amortization In Income Statement": 718000.0,
        "Selling General And Administration": NaN,
        "General And Administrative Expense": NaN,
        "Other Gand A": NaN,
        "Gross Profit": NaN,
        "Cost Of Revenue": NaN,
        "Total Revenue": NaN,
        "Operating Revenue": NaN
    },
    "2022-12-31": {
        "Tax Effect Of Unusual Items": NaN,
        "Tax Rate For Calcs": NaN,
        "Normalized EBITDA": NaN,
        "Total Unusual Items": NaN,
        "Total Unusual Items Excluding Goodwill": NaN,
        "Net Income From Continuing Operation Net Minority Interest": NaN,
        "Reconciled Depreciation": NaN,
        "Reconciled Cost Of Revenue": NaN,
        "EBITDA": NaN,
        "EBIT": NaN,
        "Net Interest Income": NaN,
        "Interest Expense": NaN,
        "Interest Income": NaN,
        "Normalized Income": NaN,
        "Net Income From Continuing And Discontinued Operation": NaN,
        "Total Expenses": NaN,
        "Total Operating Income As Reported": NaN,
        "Diluted Average Shares": NaN,
        "Basic Average Shares": NaN,
        "Diluted EPS": NaN,
        "Basic EPS": NaN,
        "Diluted NI Availto Com Stockholders": NaN,
        "Net Income Common Stockholders": NaN,
        "Net Income": NaN,
        "Net Income Including Noncontrolling Interests": NaN,
        "Net Income Continuous Operations": NaN,
        "Tax Provision": 0.0,
        "Pretax Income": NaN,
        "Other Income Expense": NaN,
        "Other Non Operating Income Expenses": NaN,
        "Special Income Charges": NaN,
        "Gain On Sale Of Ppe": NaN,
        "Write Off": 0.0,
        "Gain On Sale Of Security": NaN,
        "Net Non Operating Interest Income Expense": NaN,
        "Total Other Finance Cost": NaN,
        "Interest Expense Non Operating": NaN,
        "Interest Income Non Operating": NaN,
        "Operating Income": NaN,
        "Operating Expense": NaN,
        "Other Operating Expenses": NaN,
        "Depreciation Amortization Depletion Income Statement": NaN,
        "Depreciation And Amortization In Income Statement": NaN,
        "Selling General And Administration": NaN,
        "General And Administrative Expense": NaN,
        "Other Gand A": NaN,
        "Gross Profit": NaN,
        "Cost Of Revenue": NaN,
        "Total Revenue": NaN,
        "Operating Revenue": NaN
    },
    "2022-09-30": {
        "Tax Effect Of Unusual Items": NaN,
        "Tax Rate For Calcs": NaN,
        "Normalized EBITDA": NaN,
        "Total Unusual Items": NaN,
        "Total Unusual Items Excluding Goodwill": NaN,
        "Net Income From Continuing Operation Net Minority Interest": NaN,
        "Reconciled Depreciation": NaN,
        "Reconciled Cost Of Revenue": NaN,
        "EBITDA": NaN,
        "EBIT": NaN,
        "Net Interest Income": NaN,
        "Interest Expense": NaN,
        "Interest Income": NaN,
        "Normalized Income": NaN,
        "Net Income From Continuing And Discontinued Operation": NaN,
        "Total Expenses": NaN,
        "Total Operating Income As Reported": NaN,
        "Diluted Average Shares": 19920709.0,
        "Basic Average Shares": 19920709.0,
        "Diluted EPS": -0.8,
        "Basic EPS": -0.8,
        "Diluted NI Availto Com Stockholders": NaN,
        "Net Income Common Stockholders": NaN,
        "Net Income": NaN,
        "Net Income Including Noncontrolling Interests": NaN,
        "Net Income Continuous Operations": NaN,
        "Tax Provision": 0.0,
        "Pretax Income": NaN,
        "Other Income Expense": NaN,
        "Other Non Operating Income Expenses": -936000.0,
        "Special Income Charges": NaN,
        "Gain On Sale Of Ppe": NaN,
        "Write Off": 0.0,
        "Gain On Sale Of Security": NaN,
        "Net Non Operating Interest Income Expense": NaN,
        "Total Other Finance Cost": NaN,
        "Interest Expense Non Operating": NaN,
        "Interest Income Non Operating": NaN,
        "Operating Income": NaN,
        "Operating Expense": NaN,
        "Other Operating Expenses": NaN,
        "Depreciation Amortization Depletion Income Statement": 0.0,
        "Depreciation And Amortization In Income Statement": 0.0,
        "Selling General And Administration": NaN,
        "General And Administrative Expense": NaN,
        "Other Gand A": NaN,
        "Gross Profit": NaN,
        "Cost Of Revenue": NaN,
        "Total Revenue": NaN,
        "Operating Revenue": NaN
    },
    "2022-06-30": {
        "Tax Effect Of Unusual Items": 0.0,
        "Tax Rate For Calcs": 0.0,
        "Normalized EBITDA": -7958000.0,
        "Total Unusual Items": 3683000.0,
        "Total Unusual Items Excluding Goodwill": 3683000.0,
        "Net Income From Continuing Operation Net Minority Interest": -8982000.0,
        "Reconciled Depreciation": 632000.0,
        "Reconciled Cost Of Revenue": 6817000.0,
        "EBITDA": -4275000.0,
        "EBIT": -4907000.0,
        "Net Interest Income": -4178000.0,
        "Interest Expense": 4075000.0,
        "Interest Income": 20000.0,
        "Normalized Income": -12665000.0,
        "Net Income From Continuing And Discontinued Operation": -8982000.0,
        "Total Expenses": 12318000.0,
        "Total Operating Income As Reported": -8487000.0,
        "Diluted Average Shares": 197116341.0,
        "Basic Average Shares": 197116341.0,
        "Diluted EPS": -0.05,
        "Basic EPS": -0.05,
        "Diluted NI Availto Com Stockholders": -8982000.0,
        "Net Income Common Stockholders": -8982000.0,
        "Net Income": -8982000.0,
        "Net Income Including Noncontrolling Interests": -8982000.0,
        "Net Income Continuous Operations": -8982000.0,
        "Tax Provision": NaN,
        "Pretax Income": -8982000.0,
        "Other Income Expense": 3683000.0,
        "Other Non Operating Income Expenses": NaN,
        "Special Income Charges": -23000.0,
        "Gain On Sale Of Ppe": -23000.0,
        "Write Off": NaN,
        "Gain On Sale Of Security": 3706000.0,
        "Net Non Operating Interest Income Expense": -4178000.0,
        "Total Other Finance Cost": 123000.0,
        "Interest Expense Non Operating": 4075000.0,
        "Interest Income Non Operating": 20000.0,
        "Operating Income": -8487000.0,
        "Operating Expense": 5501000.0,
        "Other Operating Expenses": 253000.0,
        "Depreciation Amortization Depletion Income Statement": NaN,
        "Depreciation And Amortization In Income Statement": NaN,
        "Selling General And Administration": 5248000.0,
        "General And Administrative Expense": 5248000.0,
        "Other Gand A": 5248000.0,
        "Gross Profit": -2986000.0,
        "Cost Of Revenue": 6817000.0,
        "Total Revenue": 3831000.0,
        "Operating Revenue": 3831000.0
    },
    "2022-03-31": {
        "Diluted EPS": -0.27,
        "Total Revenue": 9,
        "Gross Profit": -8,
        "Operating Income": -12,
        "EBIT": -11,
        "Net Income": -22
    },
    "2021-12-31": {
        "Diluted EPS": -0.78,
        "Total Revenue": 24,
        "Gross Profit": -33,
        "Operating Income": -47,
        "EBIT": -43,
        "Net Income": -47
    },
    "2021-09-30": {
        "Diluted EPS": -0.39,
        "Total Revenue": 32,
        "Gross Profit": -12,
        "Operating Income": -19,
        "EBIT": -17,
        "Net Income": -23
    },
    "2021-06-30": {
        "Diluted EPS": -0.14,
        "Total Revenue": 36,
        "Gross Profit": 3,
        "Operating Income": -4,
        "EBIT": -2,
        "Net Income": -8
    },
    "2021-03-31": {
        "Diluted EPS": -0.16,
        "Total Revenue": 19,
        "Gross Profit": -10,
        "Operating Income": -15,
        "EBIT": -13,
        "Net Income": -10
    },
    "2020-12-31": {
        "Diluted EPS": 106.55,
        "Total Revenue": 16,
        "Gross Profit": -12,
        "Operating Income": -15,
        "EBIT": -14,
        "Net Income": -19
    },
    "2020-09-30": {
        "Diluted EPS": -0.64,
        "Total Revenue": 12,
        "Gross Profit": -13,
        "Operating Income": -25,
        "EBIT": -23,
        "Net Income": -32
    },
    "2020-06-30": {
        "Diluted EPS": -2.76,
        "Total Revenue": 8,
        "Gross Profit": -24,
        "Operating Income": -35,
        "EBIT": -34,
        "Net Income": -51
    },
    "2020-03-31": {
        "Diluted EPS": -107.07,
        "Total Revenue": 11,
        "Gross Profit": -13,
        "Operating Income": -15,
        "EBIT": -13,
        "Net Income": -35
    },
    "2019-12-31": {
        "Diluted EPS": -148.23,
        "Total Revenue": 11,
        "Gross Profit": -4,
        "Operating Income": -12,
        "EBIT": -12,
        "Net Income": -46
    },
    "2019-09-30": {
        "Diluted EPS": -106.54,
        "Total Revenue": 3,
        "Gross Profit": -13,
        "Operating Income": -15,
        "EBIT": -15,
        "Net Income": -32
    },
    "2019-06-30": {
        "Diluted EPS": -73.21,
        "Total Revenue": NaN,
        "Gross Profit": NaN,
        "Operating Income": -6,
        "EBIT": -6,
        "Net Income": -22
    },
    "2019-03-31": {
        "Diluted EPS": 0.03,
        "Total Revenue": NaN,
        "Gross Profit": NaN,
        "Operating Income": 0,
        "EBIT": 0,
        "Net Income": 1
    },
    "2018-12-31": {
        "Diluted EPS": 2.61,
        "Total Revenue": NaN,
        "Gross Profit": NaN,
        "Operating Income": 0,
        "EBIT": 0,
        "Net Income": 1
    },
    "2018-09-30": {
        "Diluted EPS": 0.03,
        "Total Revenue": NaN,
        "Gross Profit": NaN,
        "Operating Income": 0,
        "EBIT": 0,
        "Net Income": 1
    },
    "2018-06-30": {
        "Diluted EPS": 0.02,
        "Total Revenue": NaN,
        "Gross Profit": NaN,
        "Operating Income": 0,
        "EBIT": 0,
        "Net Income": 0
    },
    "2018-03-31": {
        "Diluted EPS": -2.59,
        "Total Revenue": NaN,
        "Gross Profit": NaN,
        "Operating Income": 0,
        "EBIT": 0,
        "Net Income": 0
    },
    "2017-12-31": {
        "Diluted EPS": 0.0,
        "Total Revenue": NaN,
        "Gross Profit": NaN,
        "Operating Income": NaN,
        "EBIT": NaN,
        "Net Income": NaN
    },
    "2023-09-30": {
        "Tax Effect Of Unusual Items": 0.0,
        "Tax Rate For Calcs": 0.0,
        "Normalized EBITDA": -10862000.0,
        "Total Unusual Items": 457000.0,
        "Total Unusual Items Excluding Goodwill": 457000.0,
        "Net Income From Continuing Operation Net Minority Interest": -15712000.0,
        "Reconciled Depreciation": 726000.0,
        "Reconciled Cost Of Revenue": 2694000.0,
        "EBITDA": -10405000.0,
        "EBIT": -11131000.0,
        "Net Interest Income": -2598000.0,
        "Interest Expense": 4581000.0,
        "Interest Income": 2100000.0,
        "Normalized Income": -16169000.0,
        "Net Income From Continuing And Discontinued Operation": -15712000.0,
        "Total Expenses": 13571000.0,
        "Total Operating Income As Reported": -13571000.0,
        "Diluted Average Shares": 20195402.0,
        "Basic Average Shares": 20195402.0,
        "Diluted EPS": -0.8,
        "Basic EPS": -0.8,
        "Diluted NI Availto Com Stockholders": -15712000.0,
        "Net Income Common Stockholders": -15712000.0,
        "Net Income": -15712000.0,
        "Net Income Including Noncontrolling Interests": -15712000.0,
        "Net Income Continuous Operations": -15712000.0,
        "Tax Provision": NaN,
        "Pretax Income": -15712000.0,
        "Other Income Expense": 457000.0,
        "Other Non Operating Income Expenses": NaN,
        "Special Income Charges": 456000.0,
        "Gain On Sale Of Ppe": 456000.0,
        "Write Off": NaN,
        "Gain On Sale Of Security": 1000.0,
        "Net Non Operating Interest Income Expense": -2598000.0,
        "Total Other Finance Cost": 117000.0,
        "Interest Expense Non Operating": 4581000.0,
        "Interest Income Non Operating": 2100000.0,
        "Operating Income": -13571000.0,
        "Operating Expense": 10877000.0,
        "Other Operating Expenses": 7386000.0,
        "Depreciation Amortization Depletion Income Statement": 726000.0,
        "Depreciation And Amortization In Income Statement": 726000.0,
        "Selling General And Administration": 2765000.0,
        "General And Administrative Expense": 2765000.0,
        "Other Gand A": 2765000.0,
        "Gross Profit": -2694000.0,
        "Cost Of Revenue": 2694000.0,
        "Total Revenue": 0.0,
        "Operating Revenue": 0.0
    },
    "2023-12-31": {
        "Tax Effect Of Unusual Items": 0.0,
        "Tax Rate For Calcs": 0.0,
        "Normalized EBITDA": -5727000.0,
        "Total Unusual Items": -499000.0,
        "Total Unusual Items Excluding Goodwill": -499000.0,
        "Net Income From Continuing Operation Net Minority Interest": -11514000.0,
        "Reconciled Depreciation": 659000.0,
        "Reconciled Cost Of Revenue": 5375000.0,
        "EBITDA": -6226000.0,
        "EBIT": -6885000.0,
        "Net Interest Income": -2627000.0,
        "Interest Expense": 4629000.0,
        "Interest Income": 2119000.0,
        "Normalized Income": -11015000.0,
        "Net Income From Continuing And Discontinued Operation": -11514000.0,
        "Total Expenses": 8388000.0,
        "Total Operating Income As Reported": -8883000.0,
        "Diluted Average Shares": NaN,
        "Basic Average Shares": NaN,
        "Diluted EPS": NaN,
        "Basic EPS": NaN,
        "Diluted NI Availto Com Stockholders": -11514000.0,
        "Net Income Common Stockholders": -11514000.0,
        "Net Income": -11514000.0,
        "Net Income Including Noncontrolling Interests": -11514000.0,
        "Net Income Continuous Operations": -11514000.0,
        "Tax Provision": NaN,
        "Pretax Income": -11514000.0,
        "Other Income Expense": -499000.0,
        "Other Non Operating Income Expenses": 0.0,
        "Special Income Charges": -492000.0,
        "Gain On Sale Of Ppe": 3000.0,
        "Write Off": NaN,
        "Gain On Sale Of Security": -7000.0,
        "Net Non Operating Interest Income Expense": -2627000.0,
        "Total Other Finance Cost": 117000.0,
        "Interest Expense Non Operating": 4629000.0,
        "Interest Income Non Operating": 2119000.0,
        "Operating Income": -8388000.0,
        "Operating Expense": 3013000.0,
        "Other Operating Expenses": 2305000.0,
        "Depreciation Amortization Depletion Income Statement": NaN,
        "Depreciation And Amortization In Income Statement": NaN,
        "Selling General And Administration": 2863000.0,
        "General And Administrative Expense": 2863000.0,
        "Other Gand A": 2863000.0,
        "Gross Profit": -5375000.0,
        "Cost Of Revenue": 5375000.0,
        "Total Revenue": 0.0,
        "Operating Revenue": 0.0
    },
    "2024-03-31": {
        "Tax Effect Of Unusual Items": 0.0,
        "Tax Rate For Calcs": 0.0,
        "Normalized EBITDA": -16804000.0,
        "Total Unusual Items": -127000.0,
        "Total Unusual Items Excluding Goodwill": -127000.0,
        "Net Income From Continuing Operation Net Minority Interest": -20749000.0,
        "Reconciled Depreciation": 616000.0,
        "Reconciled Cost Of Revenue": 3200000.0,
        "EBITDA": -16931000.0,
        "EBIT": -17547000.0,
        "Net Interest Income": -7383000.0,
        "Interest Expense": 3202000.0,
        "Interest Income": 2736000.0,
        "Normalized Income": -20622000.0,
        "Net Income From Continuing And Discontinued Operation": -20749000.0,
        "Total Expenses": 13239000.0,
        "Total Operating Income As Reported": -13239000.0,
        "Diluted Average Shares": 20811602.0,
        "Basic Average Shares": 20811602.0,
        "Diluted EPS": -1.0,
        "Basic EPS": -1.0,
        "Diluted NI Availto Com Stockholders": -20749000.0,
        "Net Income Common Stockholders": -20749000.0,
        "Net Income": -20749000.0,
        "Net Income Including Noncontrolling Interests": -20749000.0,
        "Net Income Continuous Operations": -20749000.0,
        "Tax Provision": NaN,
        "Pretax Income": -20749000.0,
        "Other Income Expense": -127000.0,
        "Other Non Operating Income Expenses": NaN,
        "Special Income Charges": -132000.0,
        "Gain On Sale Of Ppe": -132000.0,
        "Write Off": NaN,
        "Gain On Sale Of Security": 5000.0,
        "Net Non Operating Interest Income Expense": -7383000.0,
        "Total Other Finance Cost": 6917000.0,
        "Interest Expense Non Operating": 3202000.0,
        "Interest Income Non Operating": 2736000.0,
        "Operating Income": -13239000.0,
        "Operating Expense": 10039000.0,
        "Other Operating Expenses": 7126000.0,
        "Depreciation Amortization Depletion Income Statement": NaN,
        "Depreciation And Amortization In Income Statement": NaN,
        "Selling General And Administration": 2913000.0,
        "General And Administrative Expense": 2913000.0,
        "Other Gand A": 2913000.0,
        "Gross Profit": -3200000.0,
        "Cost Of Revenue": 3200000.0,
        "Total Revenue": 0.0,
        "Operating Revenue": 0.0
    },
    "2024-06-30": {
        "Tax Effect Of Unusual Items": 0.0,
        "Tax Rate For Calcs": 0.0,
        "Normalized EBITDA": -12580000.0,
        "Total Unusual Items": 3152000.0,
        "Total Unusual Items Excluding Goodwill": 3152000.0,
        "Net Income From Continuing Operation Net Minority Interest": -13180000.0,
        "Reconciled Depreciation": 567000.0,
        "Reconciled Cost Of Revenue": 3055000.0,
        "EBITDA": -9428000.0,
        "EBIT": -9995000.0,
        "Net Interest Income": -2051000.0,
        "Interest Expense": 3185000.0,
        "Interest Income": 1167000.0,
        "Normalized Income": -16332000.0,
        "Net Income From Continuing And Discontinued Operation": -13180000.0,
        "Total Expenses": 14281000.0,
        "Total Operating Income As Reported": -14281000.0,
        "Diluted Average Shares": 22983276.0,
        "Basic Average Shares": 22983276.0,
        "Diluted EPS": -0.57,
        "Basic EPS": -0.57,
        "Diluted NI Availto Com Stockholders": -13180000.0,
        "Net Income Common Stockholders": -13180000.0,
        "Net Income": -13180000.0,
        "Net Income Including Noncontrolling Interests": -13180000.0,
        "Net Income Continuous Operations": -13180000.0,
        "Tax Provision": NaN,
        "Pretax Income": -13180000.0,
        "Other Income Expense": 3152000.0,
        "Other Non Operating Income Expenses": NaN,
        "Special Income Charges": 3641000.0,
        "Gain On Sale Of Ppe": 3641000.0,
        "Write Off": 0.0,
        "Gain On Sale Of Security": -489000.0,
        "Net Non Operating Interest Income Expense": -2051000.0,
        "Total Other Finance Cost": 33000.0,
        "Interest Expense Non Operating": 3185000.0,
        "Interest Income Non Operating": 1167000.0,
        "Operating Income": -14281000.0,
        "Operating Expense": 11226000.0,
        "Other Operating Expenses": 7320000.0,
        "Depreciation Amortization Depletion Income Statement": NaN,
        "Depreciation And Amortization In Income Statement": NaN,
        "Selling General And Administration": 3906000.0,
        "General And Administrative Expense": 3906000.0,
        "Other Gand A": 3906000.0,
        "Gross Profit": -3055000.0,
        "Cost Of Revenue": 3055000.0,
        "Total Revenue": 0.0,
        "Operating Revenue": 0.0
    }
}