{
    "2023-03-31": {
        "Tax Effect Of Unusual Items": NaN,
        "Tax Rate For Calcs": NaN,
        "Normalized EBITDA": NaN,
        "Total Unusual Items": NaN,
        "Total Unusual Items Excluding Goodwill": NaN,
        "Net Income From Continuing Operation Net Minority Interest": NaN,
        "Reconciled Depreciation": NaN,
        "Reconciled Cost Of Revenue": NaN,
        "EBITDA": NaN,
        "EBIT": NaN,
        "Net Interest Income": NaN,
        "Interest Expense": NaN,
        "Interest Income": NaN,
        "Normalized Income": NaN,
        "Net Income From Continuing And Discontinued Operation": NaN,
        "Total Expenses": NaN,
        "Total Operating Income As Reported": NaN,
        "Diluted Average Shares": NaN,
        "Basic Average Shares": NaN,
        "Diluted EPS": NaN,
        "Basic EPS": NaN,
        "Diluted NI Availto Com Stockholders": NaN,
        "Average Dilution Earnings": 436000.0,
        "Net Income Common Stockholders": NaN,
        "Otherunder Preferred Stock Dividend": NaN,
        "Net Income": NaN,
        "Minority Interests": NaN,
        "Net Income Including Noncontrolling Interests": NaN,
        "Net Income Continuous Operations": NaN,
        "Tax Provision": NaN,
        "Pretax Income": NaN,
        "Other Income Expense": NaN,
        "Other Non Operating Income Expenses": NaN,
        "Special Income Charges": NaN,
        "Gain On Sale Of Business": -1301000.0,
        "Impairment Of Capital Assets": NaN,
        "Gain On Sale Of Security": NaN,
        "Net Non Operating Interest Income Expense": NaN,
        "Interest Expense Non Operating": NaN,
        "Interest Income Non Operating": NaN,
        "Operating Income": NaN,
        "Operating Expense": NaN,
        "Depreciation Amortization Depletion Income Statement": NaN,
        "Depreciation And Amortization In Income Statement": NaN,
        "Amortization": NaN,
        "Amortization Of Intangibles Income Statement": NaN,
        "Depreciation Income Statement": NaN,
        "Research And Development": NaN,
        "Selling General And Administration": NaN,
        "Selling And Marketing Expense": NaN,
        "General And Administrative Expense": NaN,
        "Other Gand A": NaN,
        "Salaries And Wages": NaN,
        "Gross Profit": NaN,
        "Cost Of Revenue": NaN,
        "Total Revenue": NaN,
        "Operating Revenue": NaN
    },
    "2022-12-31": {
        "Tax Effect Of Unusual Items": NaN,
        "Tax Rate For Calcs": NaN,
        "Normalized EBITDA": NaN,
        "Total Unusual Items": NaN,
        "Total Unusual Items Excluding Goodwill": NaN,
        "Net Income From Continuing Operation Net Minority Interest": NaN,
        "Reconciled Depreciation": NaN,
        "Reconciled Cost Of Revenue": NaN,
        "EBITDA": NaN,
        "EBIT": NaN,
        "Net Interest Income": NaN,
        "Interest Expense": NaN,
        "Interest Income": NaN,
        "Normalized Income": NaN,
        "Net Income From Continuing And Discontinued Operation": NaN,
        "Total Expenses": NaN,
        "Total Operating Income As Reported": NaN,
        "Diluted Average Shares": NaN,
        "Basic Average Shares": NaN,
        "Diluted EPS": NaN,
        "Basic EPS": NaN,
        "Diluted NI Availto Com Stockholders": NaN,
        "Average Dilution Earnings": NaN,
        "Net Income Common Stockholders": NaN,
        "Otherunder Preferred Stock Dividend": NaN,
        "Net Income": NaN,
        "Minority Interests": NaN,
        "Net Income Including Noncontrolling Interests": NaN,
        "Net Income Discontinuous Operations": 2694000.0,
        "Net Income Continuous Operations": NaN,
        "Tax Provision": NaN,
        "Pretax Income": NaN,
        "Other Income Expense": NaN,
        "Other Non Operating Income Expenses": NaN,
        "Special Income Charges": NaN,
        "Gain On Sale Of Business": NaN,
        "Impairment Of Capital Assets": 26005000.0,
        "Gain On Sale Of Security": NaN,
        "Net Non Operating Interest Income Expense": NaN,
        "Interest Expense Non Operating": NaN,
        "Interest Income Non Operating": NaN,
        "Operating Income": NaN,
        "Operating Expense": NaN,
        "Depreciation Amortization Depletion Income Statement": NaN,
        "Depreciation And Amortization In Income Statement": NaN,
        "Amortization": NaN,
        "Amortization Of Intangibles Income Statement": NaN,
        "Depreciation Income Statement": NaN,
        "Research And Development": NaN,
        "Selling General And Administration": NaN,
        "Selling And Marketing Expense": NaN,
        "General And Administrative Expense": NaN,
        "Other Gand A": NaN,
        "Salaries And Wages": 131105000.0,
        "Gross Profit": NaN,
        "Cost Of Revenue": NaN,
        "Total Revenue": NaN,
        "Operating Revenue": NaN
    },
    "2022-09-30": {
        "Tax Effect Of Unusual Items": NaN,
        "Tax Rate For Calcs": NaN,
        "Normalized EBITDA": NaN,
        "Total Unusual Items": NaN,
        "Total Unusual Items Excluding Goodwill": NaN,
        "Net Income From Continuing Operation Net Minority Interest": NaN,
        "Reconciled Depreciation": NaN,
        "Reconciled Cost Of Revenue": NaN,
        "EBITDA": NaN,
        "EBIT": NaN,
        "Net Interest Income": NaN,
        "Interest Expense": NaN,
        "Interest Income": NaN,
        "Normalized Income": NaN,
        "Net Income From Continuing And Discontinued Operation": NaN,
        "Total Expenses": NaN,
        "Total Operating Income As Reported": NaN,
        "Diluted Average Shares": NaN,
        "Basic Average Shares": NaN,
        "Diluted EPS": NaN,
        "Basic EPS": NaN,
        "Diluted NI Availto Com Stockholders": NaN,
        "Average Dilution Earnings": NaN,
        "Net Income Common Stockholders": NaN,
        "Otherunder Preferred Stock Dividend": NaN,
        "Net Income": NaN,
        "Minority Interests": NaN,
        "Net Income Including Noncontrolling Interests": NaN,
        "Net Income Discontinuous Operations": 0.0,
        "Net Income Continuous Operations": NaN,
        "Tax Provision": NaN,
        "Pretax Income": NaN,
        "Other Income Expense": NaN,
        "Other Non Operating Income Expenses": NaN,
        "Special Income Charges": NaN,
        "Gain On Sale Of Business": 20361000.0,
        "Impairment Of Capital Assets": 0.0,
        "Gain On Sale Of Security": NaN,
        "Net Non Operating Interest Income Expense": NaN,
        "Interest Expense Non Operating": NaN,
        "Interest Income Non Operating": NaN,
        "Operating Income": NaN,
        "Operating Expense": NaN,
        "Depreciation Amortization Depletion Income Statement": NaN,
        "Depreciation And Amortization In Income Statement": NaN,
        "Amortization": NaN,
        "Amortization Of Intangibles Income Statement": NaN,
        "Depreciation Income Statement": NaN,
        "Research And Development": NaN,
        "Selling General And Administration": NaN,
        "Selling And Marketing Expense": NaN,
        "General And Administrative Expense": NaN,
        "Other Gand A": NaN,
        "Salaries And Wages": -1871000.0,
        "Gross Profit": NaN,
        "Cost Of Revenue": NaN,
        "Total Revenue": NaN,
        "Operating Revenue": NaN
    },
    "2022-06-30": {
        "Tax Effect Of Unusual Items": -202211940.0,
        "Tax Rate For Calcs": 0.21,
        "Normalized EBITDA": -32823000.0,
        "Total Unusual Items": -962914000.0,
        "Total Unusual Items Excluding Goodwill": -962914000.0,
        "Net Income From Continuing Operation Net Minority Interest": -869130000.0,
        "Reconciled Depreciation": 85133000.0,
        "Reconciled Cost Of Revenue": 509352000.0,
        "EBITDA": -995737000.0,
        "EBIT": -1080870000.0,
        "Net Interest Income": -21075000.0,
        "Interest Expense": 23517000.0,
        "Interest Income": 2442000.0,
        "Normalized Income": -108427940.0,
        "Net Income From Continuing And Discontinued Operation": -869130000.0,
        "Total Expenses": 1441973000.0,
        "Total Operating Income As Reported": -166140000.0,
        "Diluted Average Shares": 86748000.0,
        "Basic Average Shares": 86748000.0,
        "Diluted EPS": -10.02,
        "Basic EPS": -10.02,
        "Diluted NI Availto Com Stockholders": -869130000.0,
        "Average Dilution Earnings": 0.0,
        "Net Income Common Stockholders": -869130000.0,
        "Otherunder Preferred Stock Dividend": 0.0,
        "Net Income": -869130000.0,
        "Minority Interests": 6269000.0,
        "Net Income Including Noncontrolling Interests": -875399000.0,
        "Net Income Discontinuous Operations": 0.0,
        "Net Income Continuous Operations": -875399000.0,
        "Tax Provision": -228988000.0,
        "Pretax Income": -1104387000.0,
        "Other Income Expense": -1003920000.0,
        "Other Non Operating Income Expenses": -41006000.0,
        "Special Income Charges": -86748000.0,
        "Gain On Sale Of Business": NaN,
        "Impairment Of Capital Assets": 86748000.0,
        "Gain On Sale Of Security": -876166000.0,
        "Net Non Operating Interest Income Expense": -21075000.0,
        "Interest Expense Non Operating": 23517000.0,
        "Interest Income Non Operating": 2442000.0,
        "Operating Income": -79392000.0,
        "Operating Expense": 932621000.0,
        "Depreciation Amortization Depletion Income Statement": 85133000.0,
        "Depreciation And Amortization In Income Statement": 85133000.0,
        "Amortization": 56081000.0,
        "Amortization Of Intangibles Income Statement": 56081000.0,
        "Depreciation Income Statement": 29052000.0,
        "Research And Development": 84284000.0,
        "Selling General And Administration": 763204000.0,
        "Selling And Marketing Expense": 510886000.0,
        "General And Administrative Expense": 252318000.0,
        "Other Gand A": 252318000.0,
        "Salaries And Wages": NaN,
        "Gross Profit": 853229000.0,
        "Cost Of Revenue": 509352000.0,
        "Total Revenue": 1362581000.0,
        "Operating Revenue": 1362581000.0
    },
    "2022-03-31": {
        "Diluted EPS": -2.72,
        "Total Revenue": NaN,
        "Gross Profit": 792,
        "Operating Income": -109,
        "EBIT": -21,
        "Net Income": -236
    },
    "2021-12-31": {
        "Diluted EPS": 0.18,
        "Total Revenue": NaN,
        "Gross Profit": 692,
        "Operating Income": -69,
        "EBIT": -18,
        "Net Income": -7
    },
    "2021-09-30": {
        "Diluted EPS": 0.65,
        "Total Revenue": 924,
        "Gross Profit": 584,
        "Operating Income": -32,
        "EBIT": 0,
        "Net Income": 61
    },
    "2021-06-30": {
        "Diluted EPS": 2.02,
        "Total Revenue": 830,
        "Gross Profit": 570,
        "Operating Income": -28,
        "EBIT": 2,
        "Net Income": 195
    },
    "2021-03-31": {
        "Diluted EPS": 3.46,
        "Total Revenue": 787,
        "Gross Profit": 558,
        "Operating Income": -7,
        "EBIT": 29,
        "Net Income": 329
    },
    "2020-12-31": {
        "Diluted EPS": 5.92,
        "Total Revenue": 708,
        "Gross Profit": 483,
        "Operating Income": -6,
        "EBIT": 20,
        "Net Income": 509
    },
    "2020-09-30": {
        "Diluted EPS": 2.04,
        "Total Revenue": 713,
        "Gross Profit": 528,
        "Operating Income": -122,
        "EBIT": 3,
        "Net Income": 185
    },
    "2020-06-30": {
        "Diluted EPS": -1.13,
        "Total Revenue": 659,
        "Gross Profit": 503,
        "Operating Income": -97,
        "EBIT": -61,
        "Net Income": -96
    },
    "2020-03-31": {
        "Diluted EPS": -3.86,
        "Total Revenue": 684,
        "Gross Profit": 505,
        "Operating Income": -312,
        "EBIT": -39,
        "Net Income": -328
    },
    "2019-12-31": {
        "Diluted EPS": -0.05,
        "Total Revenue": 475,
        "Gross Profit": 375,
        "Operating Income": -21,
        "EBIT": 19,
        "Net Income": 7
    },
    "2019-09-30": {
        "Diluted EPS": 0.19,
        "Total Revenue": 705,
        "Gross Profit": 547,
        "Operating Income": 14,
        "EBIT": 51,
        "Net Income": 16
    },
    "2019-06-30": {
        "Diluted EPS": 0.16,
        "Total Revenue": 689,
        "Gross Profit": 539,
        "Operating Income": -14,
        "EBIT": 18,
        "Net Income": 14
    },
    "2019-03-31": {
        "Diluted EPS": 0.0,
        "Total Revenue": 641,
        "Gross Profit": 501,
        "Operating Income": -34,
        "EBIT": -1,
        "Net Income": -14
    },
    "2018-12-31": {
        "Diluted EPS": 0.0,
        "Total Revenue": NaN,
        "Gross Profit": NaN,
        "Operating Income": NaN,
        "EBIT": NaN,
        "Net Income": NaN
    },
    "2023-06-30": {
        "Tax Effect Of Unusual Items": NaN,
        "Tax Rate For Calcs": NaN,
        "Normalized EBITDA": NaN,
        "Total Unusual Items": NaN,
        "Total Unusual Items Excluding Goodwill": NaN,
        "Net Income From Continuing Operation Net Minority Interest": NaN,
        "Reconciled Depreciation": NaN,
        "Reconciled Cost Of Revenue": NaN,
        "EBITDA": NaN,
        "EBIT": NaN,
        "Net Interest Income": NaN,
        "Interest Expense": NaN,
        "Interest Income": NaN,
        "Normalized Income": NaN,
        "Net Income From Continuing And Discontinued Operation": NaN,
        "Total Expenses": NaN,
        "Total Operating Income As Reported": NaN,
        "Diluted Average Shares": NaN,
        "Basic Average Shares": NaN,
        "Diluted EPS": NaN,
        "Basic EPS": NaN,
        "Diluted NI Availto Com Stockholders": NaN,
        "Average Dilution Earnings": 0.0,
        "Net Income Common Stockholders": NaN,
        "Otherunder Preferred Stock Dividend": NaN,
        "Net Income": NaN,
        "Minority Interests": NaN,
        "Net Income Including Noncontrolling Interests": NaN,
        "Net Income Continuous Operations": NaN,
        "Tax Provision": NaN,
        "Pretax Income": NaN,
        "Other Income Expense": NaN,
        "Other Non Operating Income Expenses": NaN,
        "Special Income Charges": NaN,
        "Gain On Sale Of Business": 2649000.0,
        "Impairment Of Capital Assets": 0.0,
        "Gain On Sale Of Security": NaN,
        "Net Non Operating Interest Income Expense": NaN,
        "Interest Expense Non Operating": NaN,
        "Interest Income Non Operating": NaN,
        "Operating Income": NaN,
        "Operating Expense": NaN,
        "Depreciation Amortization Depletion Income Statement": NaN,
        "Depreciation And Amortization In Income Statement": NaN,
        "Amortization": NaN,
        "Amortization Of Intangibles Income Statement": NaN,
        "Depreciation Income Statement": NaN,
        "Research And Development": NaN,
        "Selling General And Administration": NaN,
        "Selling And Marketing Expense": NaN,
        "General And Administrative Expense": NaN,
        "Other Gand A": NaN,
        "Salaries And Wages": 26238000.0,
        "Gross Profit": NaN,
        "Cost Of Revenue": NaN,
        "Total Revenue": NaN,
        "Operating Revenue": NaN
    },
    "2023-09-30": {
        "Tax Effect Of Unusual Items": -107256130.0,
        "Tax Rate For Calcs": 0.23,
        "Normalized EBITDA": 90777000.0,
        "Total Unusual Items": -466331000.0,
        "Total Unusual Items Excluding Goodwill": -466331000.0,
        "Net Income From Continuing Operation Net Minority Interest": -390538000.0,
        "Reconciled Depreciation": 95149000.0,
        "Reconciled Cost Of Revenue": 342353000.0,
        "EBITDA": -375554000.0,
        "EBIT": -470703000.0,
        "Net Interest Income": -21815000.0,
        "Interest Expense": 40157000.0,
        "Interest Income": 18342000.0,
        "Normalized Income": -31463130.0,
        "Net Income From Continuing And Discontinued Operation": -390538000.0,
        "Total Expenses": 1135078000.0,
        "Total Operating Income As Reported": -32737000.0,
        "Diluted Average Shares": 82826000.0,
        "Basic Average Shares": 82826000.0,
        "Diluted EPS": -4.72,
        "Basic EPS": -4.72,
        "Diluted NI Availto Com Stockholders": -390538000.0,
        "Average Dilution Earnings": 0.0,
        "Net Income Common Stockholders": -390538000.0,
        "Otherunder Preferred Stock Dividend": 0.0,
        "Net Income": -390538000.0,
        "Minority Interests": 1484000.0,
        "Net Income Including Noncontrolling Interests": -392022000.0,
        "Net Income Continuous Operations": -392022000.0,
        "Tax Provision": -118838000.0,
        "Pretax Income": -510860000.0,
        "Other Income Expense": -465308000.0,
        "Other Non Operating Income Expenses": 1023000.0,
        "Special Income Charges": -7682000.0,
        "Gain On Sale Of Business": 1318000.0,
        "Impairment Of Capital Assets": 9000000.0,
        "Gain On Sale Of Security": -458649000.0,
        "Net Non Operating Interest Income Expense": -21815000.0,
        "Interest Expense Non Operating": 40157000.0,
        "Interest Income Non Operating": 18342000.0,
        "Operating Income": -23737000.0,
        "Operating Expense": 792725000.0,
        "Depreciation Amortization Depletion Income Statement": 95149000.0,
        "Depreciation And Amortization In Income Statement": 95149000.0,
        "Amortization": 61373000.0,
        "Amortization Of Intangibles Income Statement": 61373000.0,
        "Depreciation Income Statement": 33776000.0,
        "Research And Development": 79714000.0,
        "Selling General And Administration": 617862000.0,
        "Selling And Marketing Expense": 407355000.0,
        "General And Administrative Expense": 210507000.0,
        "Other Gand A": 210507000.0,
        "Salaries And Wages": -743000.0,
        "Gross Profit": 768988000.0,
        "Cost Of Revenue": 342353000.0,
        "Total Revenue": 1111341000.0,
        "Operating Revenue": 1111341000.0
    },
    "2023-12-31": {
        "Tax Effect Of Unusual Items": 127017865.78031,
        "Tax Rate For Calcs": 0.256094,
        "Normalized EBITDA": 148018000.0,
        "Total Unusual Items": 495982000.0,
        "Total Unusual Items Excluding Goodwill": 495982000.0,
        "Net Income From Continuing Operation Net Minority Interest": 327750000.0,
        "Reconciled Depreciation": 164673000.0,
        "Reconciled Cost Of Revenue": 304894000.0,
        "EBITDA": 644000000.0,
        "EBIT": 479327000.0,
        "Net Interest Income": -21724000.0,
        "Interest Expense": 40226000.0,
        "Interest Income": 18502000.0,
        "Normalized Income": -41214134.21969,
        "Net Income From Continuing And Discontinued Operation": 327750000.0,
        "Total Expenses": 1094991000.0,
        "Total Operating Income As Reported": -36957000.0,
        "Diluted Average Shares": 88581081.0,
        "Basic Average Shares": 85798429.0,
        "Diluted EPS": 3.7,
        "Basic EPS": 3.82,
        "Diluted NI Availto Com Stockholders": 318832000.0,
        "Average Dilution Earnings": 298000.0,
        "Net Income Common Stockholders": 318534000.0,
        "Otherunder Preferred Stock Dividend": 9216000.0,
        "Net Income": 327750000.0,
        "Minority Interests": 1100000.0,
        "Net Income Including Noncontrolling Interests": 326650000.0,
        "Net Income Continuous Operations": 326650000.0,
        "Tax Provision": 112451000.0,
        "Pretax Income": 439101000.0,
        "Other Income Expense": 497782000.0,
        "Other Non Operating Income Expenses": 1800000.0,
        "Special Income Charges": -2666000.0,
        "Gain On Sale Of Business": NaN,
        "Impairment Of Capital Assets": 0.0,
        "Gain On Sale Of Security": 498648000.0,
        "Net Non Operating Interest Income Expense": -21724000.0,
        "Interest Expense Non Operating": 40226000.0,
        "Interest Income Non Operating": 18502000.0,
        "Operating Income": -36957000.0,
        "Operating Expense": 790097000.0,
        "Depreciation Amortization Depletion Income Statement": 164673000.0,
        "Depreciation And Amortization In Income Statement": 164673000.0,
        "Amortization": 125808000.0,
        "Amortization Of Intangibles Income Statement": 125808000.0,
        "Depreciation Income Statement": 38865000.0,
        "Research And Development": 83592000.0,
        "Selling General And Administration": 541832000.0,
        "Selling And Marketing Expense": 351623000.0,
        "General And Administrative Expense": 190209000.0,
        "Other Gand A": 190209000.0,
        "Salaries And Wages": 78000.0,
        "Gross Profit": 753140000.0,
        "Cost Of Revenue": 304894000.0,
        "Total Revenue": 1058034000.0,
        "Operating Revenue": 1058034000.0
    },
    "2024-03-31": {
        "Tax Effect Of Unusual Items": 37320990.0,
        "Tax Rate For Calcs": 0.21,
        "Normalized EBITDA": 34960000.0,
        "Total Unusual Items": 177719000.0,
        "Total Unusual Items Excluding Goodwill": 177719000.0,
        "Net Income From Continuing Operation Net Minority Interest": 45031000.0,
        "Reconciled Depreciation": 73301000.0,
        "Reconciled Cost Of Revenue": 271964000.0,
        "EBITDA": 212679000.0,
        "EBIT": 139378000.0,
        "Net Interest Income": -18121000.0,
        "Interest Expense": 39718000.0,
        "Interest Income": 21597000.0,
        "Normalized Income": -95367010.0,
        "Net Income From Continuing And Discontinued Operation": 45031000.0,
        "Total Expenses": 988858000.0,
        "Total Operating Income As Reported": -59178000.0,
        "Diluted Average Shares": 85858000.0,
        "Basic Average Shares": 82972000.0,
        "Diluted EPS": 0.51,
        "Basic EPS": 0.52,
        "Diluted NI Availto Com Stockholders": 43510000.0,
        "Average Dilution Earnings": 50000.0,
        "Net Income Common Stockholders": 43460000.0,
        "Otherunder Preferred Stock Dividend": 1571000.0,
        "Net Income": 45031000.0,
        "Minority Interests": 59000.0,
        "Net Income Including Noncontrolling Interests": 44972000.0,
        "Net Income Continuous Operations": 44972000.0,
        "Tax Provision": 54688000.0,
        "Pretax Income": 99660000.0,
        "Other Income Expense": 176959000.0,
        "Other Non Operating Income Expenses": -760000.0,
        "Special Income Charges": 25941000.0,
        "Gain On Sale Of Business": 25941000.0,
        "Impairment Of Capital Assets": NaN,
        "Gain On Sale Of Security": 151778000.0,
        "Net Non Operating Interest Income Expense": -18121000.0,
        "Interest Expense Non Operating": 39718000.0,
        "Interest Income Non Operating": 21597000.0,
        "Operating Income": -59178000.0,
        "Operating Expense": 716894000.0,
        "Depreciation Amortization Depletion Income Statement": 73301000.0,
        "Depreciation And Amortization In Income Statement": 73301000.0,
        "Amortization": 36728000.0,
        "Amortization Of Intangibles Income Statement": 36728000.0,
        "Depreciation Income Statement": 36573000.0,
        "Research And Development": 86999000.0,
        "Selling General And Administration": 556594000.0,
        "Selling And Marketing Expense": 343925000.0,
        "General And Administrative Expense": 212669000.0,
        "Other Gand A": 212669000.0,
        "Salaries And Wages": NaN,
        "Gross Profit": 657716000.0,
        "Cost Of Revenue": 271964000.0,
        "Total Revenue": 929680000.0,
        "Operating Revenue": 929680000.0
    },
    "2024-06-30": {
        "Tax Effect Of Unusual Items": -29308200.0,
        "Tax Rate For Calcs": 0.2,
        "Normalized EBITDA": 80109000.0,
        "Total Unusual Items": -146541000.0,
        "Total Unusual Items Excluding Goodwill": -146541000.0,
        "Net Income From Continuing Operation Net Minority Interest": -142232000.0,
        "Reconciled Depreciation": 70158000.0,
        "Reconciled Cost Of Revenue": 267503000.0,
        "EBITDA": -66432000.0,
        "EBIT": -136590000.0,
        "Net Interest Income": -17467000.0,
        "Interest Expense": 39515000.0,
        "Interest Income": 22048000.0,
        "Normalized Income": -24999200.0,
        "Net Income From Continuing And Discontinued Operation": -142232000.0,
        "Total Expenses": 961526000.0,
        "Total Operating Income As Reported": -11999000.0,
        "Diluted Average Shares": 83100000.0,
        "Basic Average Shares": 83100000.0,
        "Diluted EPS": -1.71,
        "Basic EPS": -1.71,
        "Diluted NI Availto Com Stockholders": -142232000.0,
        "Average Dilution Earnings": NaN,
        "Net Income Common Stockholders": -142232000.0,
        "Otherunder Preferred Stock Dividend": 0.0,
        "Net Income": -142232000.0,
        "Minority Interests": -765000.0,
        "Net Income Including Noncontrolling Interests": -141467000.0,
        "Net Income Continuous Operations": -141467000.0,
        "Tax Provision": -34638000.0,
        "Pretax Income": -176105000.0,
        "Other Income Expense": -146639000.0,
        "Other Non Operating Income Expenses": -98000.0,
        "Special Income Charges": 2262000.0,
        "Gain On Sale Of Business": 2262000.0,
        "Impairment Of Capital Assets": NaN,
        "Gain On Sale Of Security": -148803000.0,
        "Net Non Operating Interest Income Expense": -17467000.0,
        "Interest Expense Non Operating": 39515000.0,
        "Interest Income Non Operating": 22048000.0,
        "Operating Income": -11999000.0,
        "Operating Expense": 694023000.0,
        "Depreciation Amortization Depletion Income Statement": 70158000.0,
        "Depreciation And Amortization In Income Statement": 70158000.0,
        "Amortization": 36710000.0,
        "Amortization Of Intangibles Income Statement": 36710000.0,
        "Depreciation Income Statement": 33448000.0,
        "Research And Development": 78159000.0,
        "Selling General And Administration": 545706000.0,
        "Selling And Marketing Expense": 335708000.0,
        "General And Administrative Expense": 209998000.0,
        "Other Gand A": 209998000.0,
        "Salaries And Wages": NaN,
        "Gross Profit": 682024000.0,
        "Cost Of Revenue": 267503000.0,
        "Total Revenue": 949527000.0,
        "Operating Revenue": 949527000.0
    },
    "2024-09-30": {
        "Tax Effect Of Unusual Items": -117668430.0,
        "Tax Rate For Calcs": 0.33,
        "Normalized EBITDA": 105788000.0,
        "Total Unusual Items": -356571000.0,
        "Total Unusual Items Excluding Goodwill": -356571000.0,
        "Net Income From Continuing Operation Net Minority Interest": -243719000.0,
        "Reconciled Depreciation": 62800000.0,
        "Reconciled Cost Of Revenue": 257811000.0,
        "EBITDA": -250783000.0,
        "EBIT": -313583000.0,
        "Net Interest Income": -17337000.0,
        "Interest Expense": 39701000.0,
        "Interest Income": 22364000.0,
        "Normalized Income": -4816430.0,
        "Net Income From Continuing And Discontinued Operation": -243719000.0,
        "Total Expenses": 922393000.0,
        "Total Operating Income As Reported": 16326000.0,
        "Diluted Average Shares": 83178000.0,
        "Basic Average Shares": 83178000.0,
        "Diluted EPS": -2.93,
        "Basic EPS": -2.93,
        "Diluted NI Availto Com Stockholders": -243719000.0,
        "Average Dilution Earnings": 0.0,
        "Net Income Common Stockholders": -243719000.0,
        "Otherunder Preferred Stock Dividend": 0.0,
        "Net Income": -243719000.0,
        "Minority Interests": -6274000.0,
        "Net Income Including Noncontrolling Interests": -237445000.0,
        "Net Income Continuous Operations": -237445000.0,
        "Tax Provision": -115839000.0,
        "Pretax Income": -353284000.0,
        "Other Income Expense": -352273000.0,
        "Other Non Operating Income Expenses": 4298000.0,
        "Special Income Charges": -11673000.0,
        "Gain On Sale Of Business": -11673000.0,
        "Impairment Of Capital Assets": 0.0,
        "Gain On Sale Of Security": -344898000.0,
        "Net Non Operating Interest Income Expense": -17337000.0,
        "Interest Expense Non Operating": 39701000.0,
        "Interest Income Non Operating": 22364000.0,
        "Operating Income": 16326000.0,
        "Operating Expense": 664582000.0,
        "Depreciation Amortization Depletion Income Statement": 62800000.0,
        "Depreciation And Amortization In Income Statement": 62800000.0,
        "Amortization": 36355000.0,
        "Amortization Of Intangibles Income Statement": 36355000.0,
        "Depreciation Income Statement": 26445000.0,
        "Research And Development": 78262000.0,
        "Selling General And Administration": 523520000.0,
        "Selling And Marketing Expense": 338262000.0,
        "General And Administrative Expense": 185258000.0,
        "Other Gand A": 185258000.0,
        "Salaries And Wages": NaN,
        "Gross Profit": 680908000.0,
        "Cost Of Revenue": 257811000.0,
        "Total Revenue": 938719000.0,
        "Operating Revenue": 938719000.0
    }
}