{
    "2023-06-30": {
        "Tax Effect Of Unusual Items": 0.0,
        "Tax Rate For Calcs": 0.21,
        "Normalized EBITDA": 47114000.0,
        "Total Unusual Items": NaN,
        "Total Unusual Items Excluding Goodwill": NaN,
        "Net Income From Continuing Operation Net Minority Interest": 4184000.0,
        "Reconciled Depreciation": 30826000.0,
        "Reconciled Cost Of Revenue": 146441000.0,
        "EBITDA": 47114000.0,
        "EBIT": 16288000.0,
        "Net Interest Income": -8525000.0,
        "Interest Expense": 12464000.0,
        "Interest Income": 3939000.0,
        "Normalized Income": 4184000.0,
        "Net Income From Continuing And Discontinued Operation": 4184000.0,
        "Total Expenses": 368763000.0,
        "Total Operating Income As Reported": 12504000.0,
        "Diluted Average Shares": 81151000.0,
        "Basic Average Shares": 80966000.0,
        "Diluted EPS": 0.05,
        "Basic EPS": 0.05,
        "Diluted NI Availto Com Stockholders": 4184000.0,
        "Net Income Common Stockholders": 4184000.0,
        "Net Income": 4184000.0,
        "Net Income Including Noncontrolling Interests": 4184000.0,
        "Net Income Continuous Operations": 4184000.0,
        "Tax Provision": -360000.0,
        "Pretax Income": 3824000.0,
        "Other Income Expense": -155000.0,
        "Other Non Operating Income Expenses": -155000.0,
        "Special Income Charges": NaN,
        "Gain On Sale Of Business": NaN,
        "Net Non Operating Interest Income Expense": -8525000.0,
        "Interest Expense Non Operating": 12464000.0,
        "Interest Income Non Operating": 3939000.0,
        "Operating Income": 12504000.0,
        "Operating Expense": 194522000.0,
        "Depreciation Amortization Depletion Income Statement": 3026000.0,
        "Depreciation And Amortization In Income Statement": 3026000.0,
        "Amortization": 3026000.0,
        "Amortization Of Intangibles Income Statement": 3026000.0,
        "Research And Development": 26588000.0,
        "Selling General And Administration": 164908000.0,
        "Gross Profit": 207026000.0,
        "Cost Of Revenue": 174241000.0,
        "Total Revenue": 381267000.0,
        "Operating Revenue": 381267000.0
    },
    "2023-03-31": {
        "Tax Effect Of Unusual Items": 0.0,
        "Tax Rate For Calcs": 0.186,
        "Normalized EBITDA": 73021000.0,
        "Total Unusual Items": NaN,
        "Total Unusual Items Excluding Goodwill": NaN,
        "Net Income From Continuing Operation Net Minority Interest": 24226000.0,
        "Reconciled Depreciation": 31143000.0,
        "Reconciled Cost Of Revenue": 119940000.0,
        "EBITDA": 73021000.0,
        "EBIT": 41878000.0,
        "Net Interest Income": -7993000.0,
        "Interest Expense": 12100000.0,
        "Interest Income": 4107000.0,
        "Normalized Income": 24226000.0,
        "Net Income From Continuing And Discontinued Operation": 24226000.0,
        "Total Expenses": 344464000.0,
        "Total Operating Income As Reported": 36382000.0,
        "Diluted Average Shares": 82323000.0,
        "Basic Average Shares": 81871000.0,
        "Diluted EPS": 0.29,
        "Basic EPS": 0.3,
        "Diluted NI Availto Com Stockholders": 24226000.0,
        "Net Income Common Stockholders": 24226000.0,
        "Net Income": 24226000.0,
        "Net Income Including Noncontrolling Interests": 24226000.0,
        "Net Income Continuous Operations": 24226000.0,
        "Tax Provision": 5552000.0,
        "Pretax Income": 29778000.0,
        "Other Income Expense": 1389000.0,
        "Other Non Operating Income Expenses": 1389000.0,
        "Special Income Charges": NaN,
        "Gain On Sale Of Business": NaN,
        "Net Non Operating Interest Income Expense": -7993000.0,
        "Interest Expense Non Operating": 12100000.0,
        "Interest Income Non Operating": 4107000.0,
        "Operating Income": 36382000.0,
        "Operating Expense": 196489000.0,
        "Depreciation Amortization Depletion Income Statement": 3108000.0,
        "Depreciation And Amortization In Income Statement": 3108000.0,
        "Amortization": 3108000.0,
        "Amortization Of Intangibles Income Statement": 3108000.0,
        "Research And Development": 26724000.0,
        "Selling General And Administration": 166657000.0,
        "Gross Profit": 232871000.0,
        "Cost Of Revenue": 147975000.0,
        "Total Revenue": 380846000.0,
        "Operating Revenue": 380846000.0
    },
    "2022-12-31": {
        "Tax Effect Of Unusual Items": 0.0,
        "Tax Rate For Calcs": 0.175399,
        "Normalized EBITDA": 106598000.0,
        "Total Unusual Items": 0.0,
        "Total Unusual Items Excluding Goodwill": 0.0,
        "Net Income From Continuing Operation Net Minority Interest": 52946000.0,
        "Reconciled Depreciation": 29496000.0,
        "Reconciled Cost Of Revenue": 121984000.0,
        "EBITDA": 106598000.0,
        "EBIT": 77102000.0,
        "Net Interest Income": -7583000.0,
        "Interest Expense": 12894000.0,
        "Interest Income": 5311000.0,
        "Normalized Income": 52946000.0,
        "Net Income From Continuing And Discontinued Operation": 52946000.0,
        "Total Expenses": 330182000.0,
        "Total Operating Income As Reported": 67840000.0,
        "Diluted Average Shares": 84041270.0,
        "Basic Average Shares": 84041270.0,
        "Diluted EPS": 0.63,
        "Basic EPS": 0.63,
        "Diluted NI Availto Com Stockholders": 52946000.0,
        "Net Income Common Stockholders": 52946000.0,
        "Net Income": 52946000.0,
        "Net Income Including Noncontrolling Interests": 52946000.0,
        "Net Income Continuous Operations": 52946000.0,
        "Tax Provision": 11262000.0,
        "Pretax Income": 64208000.0,
        "Other Income Expense": 3951000.0,
        "Other Non Operating Income Expenses": 3951000.0,
        "Special Income Charges": 0.0,
        "Gain On Sale Of Business": 0.0,
        "Net Non Operating Interest Income Expense": -7583000.0,
        "Interest Expense Non Operating": 12894000.0,
        "Interest Income Non Operating": 5311000.0,
        "Operating Income": 67840000.0,
        "Operating Expense": 182245000.0,
        "Depreciation Amortization Depletion Income Statement": 3543000.0,
        "Depreciation And Amortization In Income Statement": 3543000.0,
        "Amortization": 3543000.0,
        "Amortization Of Intangibles Income Statement": 3543000.0,
        "Research And Development": 26783000.0,
        "Selling General And Administration": 151919000.0,
        "Gross Profit": 250085000.0,
        "Cost Of Revenue": 147937000.0,
        "Total Revenue": 398022000.0,
        "Operating Revenue": 398022000.0
    },
    "2022-09-30": {
        "Tax Effect Of Unusual Items": 97244.0,
        "Tax Rate For Calcs": 0.151,
        "Normalized EBITDA": 100428000.0,
        "Total Unusual Items": 644000.0,
        "Total Unusual Items Excluding Goodwill": 644000.0,
        "Net Income From Continuing Operation Net Minority Interest": 49915000.0,
        "Reconciled Depreciation": 29467000.0,
        "Reconciled Cost Of Revenue": 122119000.0,
        "EBITDA": 101072000.0,
        "EBIT": 71605000.0,
        "Net Interest Income": -9545000.0,
        "Interest Expense": 12809000.0,
        "Interest Income": 3264000.0,
        "Normalized Income": 49368244.0,
        "Net Income From Continuing And Discontinued Operation": 49915000.0,
        "Total Expenses": 320142000.0,
        "Total Operating Income As Reported": 65049000.0,
        "Diluted Average Shares": 83399000.0,
        "Basic Average Shares": 83042000.0,
        "Diluted EPS": 0.6,
        "Basic EPS": 0.6,
        "Diluted NI Availto Com Stockholders": 49915000.0,
        "Net Income Common Stockholders": 49915000.0,
        "Net Income": 49915000.0,
        "Net Income Including Noncontrolling Interests": 49915000.0,
        "Net Income Continuous Operations": 49915000.0,
        "Tax Provision": 8881000.0,
        "Pretax Income": 58796000.0,
        "Other Income Expense": 3292000.0,
        "Other Non Operating Income Expenses": 2648000.0,
        "Special Income Charges": 644000.0,
        "Gain On Sale Of Business": 644000.0,
        "Net Non Operating Interest Income Expense": -9545000.0,
        "Interest Expense Non Operating": 12809000.0,
        "Interest Income Non Operating": 3264000.0,
        "Operating Income": 65049000.0,
        "Operating Expense": 171697000.0,
        "Depreciation Amortization Depletion Income Statement": 3141000.0,
        "Depreciation And Amortization In Income Statement": 3141000.0,
        "Amortization": 3141000.0,
        "Amortization Of Intangibles Income Statement": 3141000.0,
        "Research And Development": 24736000.0,
        "Selling General And Administration": 143820000.0,
        "Gross Profit": 236746000.0,
        "Cost Of Revenue": 148445000.0,
        "Total Revenue": 385191000.0,
        "Operating Revenue": 385191000.0
    },
    "2022-06-30": {
        "Tax Effect Of Unusual Items": 0.0,
        "Tax Rate For Calcs": 0.132,
        "Normalized EBITDA": 93423000.0,
        "Total Unusual Items": 0.0,
        "Total Unusual Items Excluding Goodwill": 0.0,
        "Net Income From Continuing Operation Net Minority Interest": 44788000.0,
        "Reconciled Depreciation": 29612000.0,
        "Reconciled Cost Of Revenue": 122096000.0,
        "EBITDA": 93423000.0,
        "EBIT": 63811000.0,
        "Net Interest Income": -10271000.0,
        "Interest Expense": 12236000.0,
        "Interest Income": 1965000.0,
        "Normalized Income": 44788000.0,
        "Net Income From Continuing And Discontinued Operation": 44788000.0,
        "Total Expenses": 337948000.0,
        "Total Operating Income As Reported": 59867000.0,
        "Diluted Average Shares": 83622000.0,
        "Basic Average Shares": 83168000.0,
        "Diluted EPS": 0.54,
        "Basic EPS": 0.54,
        "Diluted NI Availto Com Stockholders": 44788000.0,
        "Net Income Common Stockholders": 44788000.0,
        "Net Income": 44788000.0,
        "Net Income Including Noncontrolling Interests": 44788000.0,
        "Net Income Continuous Operations": 44788000.0,
        "Tax Provision": 6787000.0,
        "Pretax Income": 51575000.0,
        "Other Income Expense": 1979000.0,
        "Other Non Operating Income Expenses": 1979000.0,
        "Special Income Charges": 0.0,
        "Gain On Sale Of Business": 0.0,
        "Net Non Operating Interest Income Expense": -10271000.0,
        "Interest Expense Non Operating": 12236000.0,
        "Interest Income Non Operating": 1965000.0,
        "Operating Income": 59867000.0,
        "Operating Expense": 189544000.0,
        "Depreciation Amortization Depletion Income Statement": 3304000.0,
        "Depreciation And Amortization In Income Statement": 3304000.0,
        "Amortization": 3304000.0,
        "Amortization Of Intangibles Income Statement": 3304000.0,
        "Research And Development": 25589000.0,
        "Selling General And Administration": 160651000.0,
        "Gross Profit": 249411000.0,
        "Cost Of Revenue": 148404000.0,
        "Total Revenue": 397815000.0,
        "Operating Revenue": 397815000.0
    },
    "2022-03-31": {
        "Diluted EPS": 0.39,
        "Total Revenue": 377,
        "Gross Profit": 234,
        "Operating Income": 46,
        "EBIT": 78,
        "Net Income": 33
    },
    "2021-12-31": {
        "Diluted EPS": 0.53,
        "Total Revenue": 406,
        "Gross Profit": 249,
        "Operating Income": 58,
        "EBIT": 91,
        "Net Income": 45
    },
    "2021-09-30": {
        "Diluted EPS": 0.51,
        "Total Revenue": 387,
        "Gross Profit": 242,
        "Operating Income": 56,
        "EBIT": 88,
        "Net Income": 43
    },
    "2021-06-30": {
        "Diluted EPS": 0.41,
        "Total Revenue": 390,
        "Gross Profit": 239,
        "Operating Income": 52,
        "EBIT": 83,
        "Net Income": 35
    },
    "2021-03-31": {
        "Diluted EPS": 0.53,
        "Total Revenue": 360,
        "Gross Profit": 214,
        "Operating Income": 31,
        "EBIT": 62,
        "Net Income": 45
    },
    "2020-12-31": {
        "Diluted EPS": 1.08,
        "Total Revenue": 389,
        "Gross Profit": 242,
        "Operating Income": 53,
        "EBIT": 85,
        "Net Income": 93
    },
    "2020-09-30": {
        "Diluted EPS": 0.38,
        "Total Revenue": 370,
        "Gross Profit": 235,
        "Operating Income": 58,
        "EBIT": 98,
        "Net Income": 32
    },
    "2020-06-30": {
        "Diluted EPS": 0.0,
        "Total Revenue": 259,
        "Gross Profit": 153,
        "Operating Income": 14,
        "EBIT": 49,
        "Net Income": 0
    },
    "2020-03-31": {
        "Diluted EPS": 0.11,
        "Total Revenue": 354,
        "Gross Profit": 221,
        "Operating Income": 27,
        "EBIT": 63,
        "Net Income": 9
    },
    "2019-12-31": {
        "Diluted EPS": 0.18,
        "Total Revenue": 395,
        "Gross Profit": 246,
        "Operating Income": 36,
        "EBIT": 65,
        "Net Income": 15
    },
    "2019-09-30": {
        "Diluted EPS": -0.32,
        "Total Revenue": 379,
        "Gross Profit": 236,
        "Operating Income": -21,
        "EBIT": 8,
        "Net Income": -28
    },
    "2019-06-30": {
        "Diluted EPS": 0.34,
        "Total Revenue": 384,
        "Gross Profit": 240,
        "Operating Income": 46,
        "EBIT": 74,
        "Net Income": 30
    },
    "2019-03-31": {
        "Diluted EPS": 0.38,
        "Total Revenue": 360,
        "Gross Profit": 231,
        "Operating Income": 32,
        "EBIT": 61,
        "Net Income": 33
    },
    "2018-12-31": {
        "Diluted EPS": 0.29,
        "Total Revenue": 383,
        "Gross Profit": 237,
        "Operating Income": 34,
        "EBIT": 63,
        "Net Income": 25
    },
    "2018-09-30": {
        "Diluted EPS": 0.15,
        "Total Revenue": 366,
        "Gross Profit": 223,
        "Operating Income": 24,
        "EBIT": 54,
        "Net Income": 13
    },
    "2018-06-30": {
        "Diluted EPS": 0.14,
        "Total Revenue": 366,
        "Gross Profit": 229,
        "Operating Income": 28,
        "EBIT": 57,
        "Net Income": 11
    },
    "2018-03-31": {
        "Diluted EPS": 0.14,
        "Total Revenue": 357,
        "Gross Profit": 213,
        "Operating Income": 26,
        "EBIT": 54,
        "Net Income": 11
    },
    "2017-12-31": {
        "Diluted EPS": 0.56,
        "Total Revenue": 369,
        "Gross Profit": 220,
        "Operating Income": 7,
        "EBIT": 35,
        "Net Income": 44
    },
    "2017-09-30": {
        "Diluted EPS": 0.04,
        "Total Revenue": 279,
        "Gross Profit": 177,
        "Operating Income": 11,
        "EBIT": 32,
        "Net Income": 3
    },
    "2017-06-30": {
        "Diluted EPS": 0.14,
        "Total Revenue": 282,
        "Gross Profit": 183,
        "Operating Income": 17,
        "EBIT": 39,
        "Net Income": 11
    },
    "2017-03-31": {
        "Diluted EPS": 0.08,
        "Total Revenue": 259,
        "Gross Profit": 172,
        "Operating Income": 10,
        "EBIT": 30,
        "Net Income": 6
    },
    "2016-12-31": {
        "Diluted EPS": 0.35,
        "Total Revenue": 256,
        "Gross Profit": 170,
        "Operating Income": 41,
        "EBIT": 60,
        "Net Income": 28
    },
    "2016-09-30": {
        "Diluted EPS": 0.25,
        "Total Revenue": 250,
        "Gross Profit": 161,
        "Operating Income": 30,
        "EBIT": 49,
        "Net Income": 20
    },
    "2016-06-30": {
        "Diluted EPS": 0.16,
        "Total Revenue": 249,
        "Gross Profit": 160,
        "Operating Income": 22,
        "EBIT": 41,
        "Net Income": 13
    },
    "2016-03-31": {
        "Diluted EPS": 0.18,
        "Total Revenue": 237,
        "Gross Profit": 152,
        "Operating Income": 22,
        "EBIT": 41,
        "Net Income": 13
    },
    "2015-12-31": {
        "Diluted EPS": 0.21,
        "Total Revenue": 241,
        "Gross Profit": 151,
        "Operating Income": 24,
        "EBIT": 43,
        "Net Income": 15
    },
    "2015-09-30": {
        "Diluted EPS": -0.45,
        "Total Revenue": 226,
        "Gross Profit": 140,
        "Operating Income": 10,
        "EBIT": 27,
        "Net Income": -32
    },
    "2015-06-30": {
        "Diluted EPS": 0.07,
        "Total Revenue": 213,
        "Gross Profit": 137,
        "Operating Income": 24,
        "EBIT": 37,
        "Net Income": 5
    },
    "2015-03-31": {
        "Diluted EPS": 0.13,
        "Total Revenue": 203,
        "Gross Profit": 127,
        "Operating Income": 21,
        "EBIT": 34,
        "Net Income": 8
    },
    "2014-12-31": {
        "Diluted EPS": 0.27,
        "Total Revenue": 153,
        "Gross Profit": 93,
        "Operating Income": 30,
        "EBIT": 43,
        "Net Income": 17
    },
    "2014-09-30": {
        "Diluted EPS": 0.15,
        "Total Revenue": 198,
        "Gross Profit": 124,
        "Operating Income": 17,
        "EBIT": 23,
        "Net Income": 10
    },
    "2014-06-30": {
        "Diluted EPS": 0.08,
        "Total Revenue": 231,
        "Gross Profit": 144,
        "Operating Income": 12,
        "EBIT": 28,
        "Net Income": 5
    },
    "2014-03-31": {
        "Diluted EPS": 0.04,
        "Total Revenue": 215,
        "Gross Profit": 133,
        "Operating Income": 9,
        "EBIT": 23,
        "Net Income": 2
    },
    "2013-12-31": {
        "Diluted EPS": 0.26,
        "Total Revenue": 81,
        "Gross Profit": 45,
        "Operating Income": 63,
        "EBIT": 59,
        "Net Income": 14
    },
    "2013-09-30": {
        "Diluted EPS": -0.55,
        "Total Revenue": 213,
        "Gross Profit": 131,
        "Operating Income": -31,
        "EBIT": -19,
        "Net Income": -30
    },
    "2013-06-30": {
        "Diluted EPS": 0.03,
        "Total Revenue": 206,
        "Gross Profit": 124,
        "Operating Income": 6,
        "EBIT": 19,
        "Net Income": 2
    },
    "2013-03-31": {
        "Diluted EPS": -0.11,
        "Total Revenue": 197,
        "Gross Profit": 117,
        "Operating Income": -2,
        "EBIT": 10,
        "Net Income": -6
    },
    "2012-12-31": {
        "Diluted EPS": 0.23,
        "Total Revenue": 214,
        "Gross Profit": 133,
        "Operating Income": 19,
        "EBIT": 33,
        "Net Income": 13
    },
    "2012-09-30": {
        "Diluted EPS": 0.23,
        "Total Revenue": 210,
        "Gross Profit": 131,
        "Operating Income": 20,
        "EBIT": 34,
        "Net Income": 13
    },
    "2012-06-30": {
        "Diluted EPS": 0.15,
        "Total Revenue": 210,
        "Gross Profit": 132,
        "Operating Income": 18,
        "EBIT": 32,
        "Net Income": 9
    },
    "2012-03-31": {
        "Diluted EPS": 0.12,
        "Total Revenue": 196,
        "Gross Profit": 122,
        "Operating Income": 17,
        "EBIT": 31,
        "Net Income": 7
    },
    "2011-12-31": {
        "Diluted EPS": 0.08,
        "Total Revenue": 204,
        "Gross Profit": 121,
        "Operating Income": 8,
        "EBIT": 21,
        "Net Income": 5
    },
    "2011-09-30": {
        "Diluted EPS": 0.2,
        "Total Revenue": 202,
        "Gross Profit": 124,
        "Operating Income": 18,
        "EBIT": 32,
        "Net Income": 11
    },
    "2011-06-30": {
        "Diluted EPS": 0.01,
        "Total Revenue": 193,
        "Gross Profit": 120,
        "Operating Income": 8,
        "EBIT": 24,
        "Net Income": 1
    },
    "2011-03-31": {
        "Diluted EPS": 0.19,
        "Total Revenue": 181,
        "Gross Profit": 116,
        "Operating Income": 21,
        "EBIT": 31,
        "Net Income": 11
    },
    "2010-12-31": {
        "Diluted EPS": 0.31,
        "Total Revenue": 194,
        "Gross Profit": 123,
        "Operating Income": 24,
        "EBIT": 35,
        "Net Income": 19
    },
    "2010-09-30": {
        "Diluted EPS": 0.28,
        "Total Revenue": 187,
        "Gross Profit": 117,
        "Operating Income": 27,
        "EBIT": 37,
        "Net Income": 16
    },
    "2010-06-30": {
        "Diluted EPS": 0.25,
        "Total Revenue": 179,
        "Gross Profit": 114,
        "Operating Income": 25,
        "EBIT": 34,
        "Net Income": 15
    },
    "2010-03-31": {
        "Diluted EPS": 0.25,
        "Total Revenue": 173,
        "Gross Profit": 109,
        "Operating Income": 23,
        "EBIT": 32,
        "Net Income": 15
    },
    "2009-12-31": {
        "Diluted EPS": 0.28,
        "Total Revenue": 184,
        "Gross Profit": 120,
        "Operating Income": 28,
        "EBIT": 41,
        "Net Income": 16
    },
    "2009-09-30": {
        "Diluted EPS": 0.25,
        "Total Revenue": 172,
        "Gross Profit": 109,
        "Operating Income": 24,
        "EBIT": 34,
        "Net Income": 14
    },
    "2009-06-30": {
        "Diluted EPS": 0.19,
        "Total Revenue": 166,
        "Gross Profit": 106,
        "Operating Income": 24,
        "EBIT": 33,
        "Net Income": 11
    },
    "2009-03-31": {
        "Diluted EPS": 0.16,
        "Total Revenue": 161,
        "Gross Profit": 103,
        "Operating Income": 22,
        "EBIT": 32,
        "Net Income": 10
    },
    "2023-09-30": {
        "Tax Effect Of Unusual Items": 0.0,
        "Tax Rate For Calcs": 0.21,
        "Normalized EBITDA": 62229000.0,
        "Total Unusual Items": 0.0,
        "Total Unusual Items Excluding Goodwill": 0.0,
        "Net Income From Continuing Operation Net Minority Interest": 19497000.0,
        "Reconciled Depreciation": 30558000.0,
        "Reconciled Cost Of Revenue": 136726000.0,
        "EBITDA": 62229000.0,
        "EBIT": 31671000.0,
        "Net Interest Income": -8455000.0,
        "Interest Expense": 13062000.0,
        "Interest Income": 4607000.0,
        "Normalized Income": 19497000.0,
        "Net Income From Continuing And Discontinued Operation": 19497000.0,
        "Total Expenses": 355828000.0,
        "Total Operating Income As Reported": 26593000.0,
        "Diluted Average Shares": 79811000.0,
        "Basic Average Shares": 79690000.0,
        "Diluted EPS": 0.24,
        "Basic EPS": 0.24,
        "Diluted NI Availto Com Stockholders": 19497000.0,
        "Net Income Common Stockholders": 19497000.0,
        "Net Income": 19497000.0,
        "Net Income Including Noncontrolling Interests": 19497000.0,
        "Net Income Continuous Operations": 19497000.0,
        "Tax Provision": -888000.0,
        "Pretax Income": 18609000.0,
        "Other Income Expense": 471000.0,
        "Other Non Operating Income Expenses": 471000.0,
        "Special Income Charges": 0.0,
        "Gain On Sale Of Business": 0.0,
        "Net Non Operating Interest Income Expense": -8455000.0,
        "Interest Expense Non Operating": 13062000.0,
        "Interest Income Non Operating": 4607000.0,
        "Operating Income": 26593000.0,
        "Operating Expense": 191752000.0,
        "Depreciation Amortization Depletion Income Statement": 3208000.0,
        "Depreciation And Amortization In Income Statement": 3208000.0,
        "Amortization": 3208000.0,
        "Amortization Of Intangibles Income Statement": 3208000.0,
        "Research And Development": 26596000.0,
        "Selling General And Administration": 161948000.0,
        "Gross Profit": 218345000.0,
        "Cost Of Revenue": 164076000.0,
        "Total Revenue": 382421000.0,
        "Operating Revenue": 382421000.0
    },
    "2023-12-31": {
        "Tax Effect Of Unusual Items": 0.0,
        "Tax Rate For Calcs": 0.312704,
        "Normalized EBITDA": 73594000.0,
        "Total Unusual Items": 0.0,
        "Total Unusual Items Excluding Goodwill": 0.0,
        "Net Income From Continuing Operation Net Minority Interest": 19834000.0,
        "Reconciled Depreciation": 30985000.0,
        "Reconciled Cost Of Revenue": 142595000.0,
        "EBITDA": 73594000.0,
        "EBIT": 42609000.0,
        "Net Interest Income": -9202000.0,
        "Interest Expense": 13751000.0,
        "Interest Income": 4549000.0,
        "Normalized Income": 19834000.0,
        "Net Income From Continuing And Discontinued Operation": 19834000.0,
        "Total Expenses": 360992000.0,
        "Total Operating Income As Reported": 36047000.0,
        "Diluted Average Shares": NaN,
        "Basic Average Shares": NaN,
        "Diluted EPS": NaN,
        "Basic EPS": NaN,
        "Diluted NI Availto Com Stockholders": 19834000.0,
        "Net Income Common Stockholders": 19834000.0,
        "Net Income": 19834000.0,
        "Net Income Including Noncontrolling Interests": 19834000.0,
        "Net Income Continuous Operations": 19834000.0,
        "Tax Provision": 9024000.0,
        "Pretax Income": 28858000.0,
        "Other Income Expense": 2013000.0,
        "Other Non Operating Income Expenses": 2013000.0,
        "Special Income Charges": 0.0,
        "Gain On Sale Of Business": 0.0,
        "Net Non Operating Interest Income Expense": -9202000.0,
        "Interest Expense Non Operating": 13751000.0,
        "Interest Income Non Operating": 4549000.0,
        "Operating Income": 36047000.0,
        "Operating Expense": 190446000.0,
        "Depreciation Amortization Depletion Income Statement": 3034000.0,
        "Depreciation And Amortization In Income Statement": 3034000.0,
        "Amortization": 3034000.0,
        "Amortization Of Intangibles Income Statement": 3034000.0,
        "Research And Development": 24284000.0,
        "Selling General And Administration": 163128000.0,
        "Gross Profit": 226493000.0,
        "Cost Of Revenue": 170546000.0,
        "Total Revenue": 397039000.0,
        "Operating Revenue": 397039000.0
    }
}