{
    "2023-03-31": {
        "Tax Effect Of Unusual Items": 108360.0,
        "Tax Rate For Calcs": 0.21,
        "Normalized EBITDA": 21898000.0,
        "Total Unusual Items": 516000.0,
        "Total Unusual Items Excluding Goodwill": 516000.0,
        "Net Income From Continuing Operation Net Minority Interest": 3146000.0,
        "Reconciled Depreciation": 12825000.0,
        "Reconciled Cost Of Revenue": 21682000.0,
        "EBITDA": 22414000.0,
        "EBIT": 9589000.0,
        "Net Interest Income": -3417000.0,
        "Interest Expense": 3417000.0,
        "Normalized Income": 2738360.0,
        "Net Income From Continuing And Discontinued Operation": 3146000.0,
        "Total Expenses": 97019000.0,
        "Total Operating Income As Reported": 9589000.0,
        "Diluted Average Shares": 157884615.0,
        "Basic Average Shares": 154315219.0,
        "Diluted EPS": 0.02,
        "Basic EPS": 0.02,
        "Diluted NI Availto Com Stockholders": 3146000.0,
        "Net Income Common Stockholders": 3146000.0,
        "Net Income": 3146000.0,
        "Net Income Including Noncontrolling Interests": 3146000.0,
        "Net Income Continuous Operations": 3146000.0,
        "Tax Provision": 3026000.0,
        "Pretax Income": 6172000.0,
        "Other Income Expense": 516000.0,
        "Other Non Operating Income Expenses": NaN,
        "Special Income Charges": NaN,
        "Gain On Sale Of Security": 516000.0,
        "Net Non Operating Interest Income Expense": -3417000.0,
        "Interest Expense Non Operating": 3417000.0,
        "Operating Income": 9073000.0,
        "Operating Expense": 75337000.0,
        "Depreciation Amortization Depletion Income Statement": 12825000.0,
        "Depreciation And Amortization In Income Statement": 12825000.0,
        "Amortization": NaN,
        "Amortization Of Intangibles Income Statement": NaN,
        "Depreciation Income Statement": NaN,
        "Research And Development": 15529000.0,
        "Selling General And Administration": 46983000.0,
        "Selling And Marketing Expense": 26260000.0,
        "General And Administrative Expense": 20723000.0,
        "Other Gand A": 20723000.0,
        "Gross Profit": 84410000.0,
        "Cost Of Revenue": 21682000.0,
        "Total Revenue": 106092000.0,
        "Operating Revenue": 106092000.0
    },
    "2022-12-31": {
        "Tax Effect Of Unusual Items": NaN,
        "Tax Rate For Calcs": NaN,
        "Normalized EBITDA": NaN,
        "Total Unusual Items": NaN,
        "Total Unusual Items Excluding Goodwill": NaN,
        "Net Income From Continuing Operation Net Minority Interest": NaN,
        "Reconciled Depreciation": NaN,
        "Reconciled Cost Of Revenue": NaN,
        "EBITDA": NaN,
        "EBIT": NaN,
        "Net Interest Income": NaN,
        "Interest Expense": NaN,
        "Normalized Income": NaN,
        "Net Income From Continuing And Discontinued Operation": NaN,
        "Total Expenses": NaN,
        "Total Operating Income As Reported": NaN,
        "Diluted Average Shares": 155288725.0,
        "Basic Average Shares": 153792438.0,
        "Diluted EPS": 0.07,
        "Basic EPS": 0.07,
        "Diluted NI Availto Com Stockholders": NaN,
        "Net Income Common Stockholders": NaN,
        "Net Income": NaN,
        "Net Income Including Noncontrolling Interests": NaN,
        "Net Income Continuous Operations": NaN,
        "Tax Provision": NaN,
        "Pretax Income": NaN,
        "Other Income Expense": NaN,
        "Other Non Operating Income Expenses": 0.0,
        "Special Income Charges": 0.0,
        "Gain On Sale Of Security": NaN,
        "Net Non Operating Interest Income Expense": NaN,
        "Interest Expense Non Operating": NaN,
        "Operating Income": NaN,
        "Operating Expense": NaN,
        "Depreciation Amortization Depletion Income Statement": NaN,
        "Depreciation And Amortization In Income Statement": NaN,
        "Amortization": NaN,
        "Amortization Of Intangibles Income Statement": NaN,
        "Depreciation Income Statement": NaN,
        "Research And Development": NaN,
        "Selling General And Administration": NaN,
        "Selling And Marketing Expense": NaN,
        "General And Administrative Expense": NaN,
        "Other Gand A": NaN,
        "Gross Profit": NaN,
        "Cost Of Revenue": NaN,
        "Total Revenue": NaN,
        "Operating Revenue": NaN
    },
    "2022-09-30": {
        "Tax Effect Of Unusual Items": NaN,
        "Tax Rate For Calcs": NaN,
        "Normalized EBITDA": NaN,
        "Total Unusual Items": NaN,
        "Total Unusual Items Excluding Goodwill": NaN,
        "Net Income From Continuing Operation Net Minority Interest": NaN,
        "Reconciled Depreciation": NaN,
        "Reconciled Cost Of Revenue": NaN,
        "EBITDA": NaN,
        "EBIT": NaN,
        "Net Interest Income": NaN,
        "Interest Expense": NaN,
        "Normalized Income": NaN,
        "Net Income From Continuing And Discontinued Operation": NaN,
        "Total Expenses": NaN,
        "Total Operating Income As Reported": NaN,
        "Diluted Average Shares": NaN,
        "Basic Average Shares": NaN,
        "Diluted EPS": NaN,
        "Basic EPS": NaN,
        "Diluted NI Availto Com Stockholders": NaN,
        "Net Income Common Stockholders": NaN,
        "Net Income": NaN,
        "Net Income Including Noncontrolling Interests": NaN,
        "Net Income Continuous Operations": NaN,
        "Tax Provision": NaN,
        "Pretax Income": NaN,
        "Other Income Expense": NaN,
        "Other Non Operating Income Expenses": 6981000.0,
        "Special Income Charges": 0.0,
        "Gain On Sale Of Security": NaN,
        "Net Non Operating Interest Income Expense": NaN,
        "Interest Expense Non Operating": NaN,
        "Operating Income": NaN,
        "Operating Expense": NaN,
        "Depreciation Amortization Depletion Income Statement": NaN,
        "Depreciation And Amortization In Income Statement": NaN,
        "Amortization": 12383000.0,
        "Amortization Of Intangibles Income Statement": 12383000.0,
        "Depreciation Income Statement": 234000.0,
        "Research And Development": NaN,
        "Selling General And Administration": NaN,
        "Selling And Marketing Expense": NaN,
        "General And Administrative Expense": NaN,
        "Other Gand A": NaN,
        "Gross Profit": NaN,
        "Cost Of Revenue": NaN,
        "Total Revenue": NaN,
        "Operating Revenue": NaN
    },
    "2022-06-30": {
        "Tax Effect Of Unusual Items": 0.0,
        "Tax Rate For Calcs": 0.4,
        "Normalized EBITDA": 19256000.0,
        "Total Unusual Items": NaN,
        "Total Unusual Items Excluding Goodwill": NaN,
        "Net Income From Continuing Operation Net Minority Interest": 1961000.0,
        "Reconciled Depreciation": 12510000.0,
        "Reconciled Cost Of Revenue": 18132000.0,
        "EBITDA": 19256000.0,
        "EBIT": 6746000.0,
        "Net Interest Income": -1814000.0,
        "Interest Expense": 1814000.0,
        "Normalized Income": 1961000.0,
        "Net Income From Continuing And Discontinued Operation": 1961000.0,
        "Total Expenses": 93582000.0,
        "Total Operating Income As Reported": 6746000.0,
        "Diluted Average Shares": 156973684.0,
        "Basic Average Shares": 155140684.0,
        "Diluted EPS": 0.01,
        "Basic EPS": 0.01,
        "Diluted NI Availto Com Stockholders": 1961000.0,
        "Net Income Common Stockholders": 1961000.0,
        "Net Income": 1961000.0,
        "Net Income Including Noncontrolling Interests": 1961000.0,
        "Net Income Continuous Operations": 1961000.0,
        "Tax Provision": 2971000.0,
        "Pretax Income": 4932000.0,
        "Other Income Expense": NaN,
        "Other Non Operating Income Expenses": NaN,
        "Special Income Charges": NaN,
        "Restructuring And Mergern Acquisition": NaN,
        "Gain On Sale Of Security": NaN,
        "Net Non Operating Interest Income Expense": -1814000.0,
        "Interest Expense Non Operating": 1814000.0,
        "Operating Income": 6746000.0,
        "Operating Expense": 75450000.0,
        "Depreciation Amortization Depletion Income Statement": 12510000.0,
        "Depreciation And Amortization In Income Statement": 12510000.0,
        "Amortization": 12293000.0,
        "Amortization Of Intangibles Income Statement": 12293000.0,
        "Depreciation Income Statement": 217000.0,
        "Research And Development": 17624000.0,
        "Selling General And Administration": 45316000.0,
        "Selling And Marketing Expense": 26482000.0,
        "General And Administrative Expense": 18834000.0,
        "Other Gand A": 18834000.0,
        "Gross Profit": 82196000.0,
        "Cost Of Revenue": 18132000.0,
        "Total Revenue": 100328000.0,
        "Operating Revenue": 100328000.0
    },
    "2022-03-31": {
        "Diluted EPS": 0.01,
        "Total Revenue": 89,
        "Gross Profit": 73,
        "Operating Income": 3,
        "EBIT": 16,
        "Net Income": 1
    },
    "2021-12-31": {
        "Diluted EPS": -0.03,
        "Total Revenue": 102,
        "Gross Profit": 86,
        "Operating Income": -2,
        "EBIT": 15,
        "Net Income": -5
    },
    "2021-09-30": {
        "Diluted EPS": -0.06,
        "Total Revenue": 79,
        "Gross Profit": 65,
        "Operating Income": -1,
        "EBIT": 15,
        "Net Income": -10
    },
    "2021-06-30": {
        "Diluted EPS": -0.26,
        "Total Revenue": 75,
        "Gross Profit": 62,
        "Operating Income": -33,
        "EBIT": -18,
        "Net Income": -35
    },
    "2021-03-31": {
        "Diluted EPS": -0.02,
        "Total Revenue": 67,
        "Gross Profit": 56,
        "Operating Income": 3,
        "EBIT": 18,
        "Net Income": -3
    },
    "2020-12-31": {
        "Diluted EPS": 0.0,
        "Total Revenue": NaN,
        "Gross Profit": NaN,
        "Operating Income": NaN,
        "EBIT": NaN,
        "Net Income": NaN
    },
    "2020-09-30": {
        "Diluted EPS": -0.03,
        "Total Revenue": 60,
        "Gross Profit": 50,
        "Operating Income": 2,
        "EBIT": 19,
        "Net Income": -4
    },
    "2020-06-30": {
        "Diluted EPS": -0.12,
        "Total Revenue": 48,
        "Gross Profit": 40,
        "Operating Income": -14,
        "EBIT": -14,
        "Net Income": -16
    },
    "2019-12-31": {
        "Diluted EPS": 0.0,
        "Total Revenue": NaN,
        "Gross Profit": NaN,
        "Operating Income": NaN,
        "EBIT": NaN,
        "Net Income": NaN
    },
    "2023-06-30": {
        "Tax Effect Of Unusual Items": 132510.0,
        "Tax Rate For Calcs": 0.21,
        "Normalized EBITDA": -5319000.0,
        "Total Unusual Items": 631000.0,
        "Total Unusual Items Excluding Goodwill": 631000.0,
        "Net Income From Continuing Operation Net Minority Interest": 7677000.0,
        "Reconciled Depreciation": 13521000.0,
        "Reconciled Cost Of Revenue": 23819000.0,
        "EBITDA": -4688000.0,
        "EBIT": -18209000.0,
        "Net Interest Income": -3221000.0,
        "Interest Expense": 3221000.0,
        "Normalized Income": 7178510.0,
        "Net Income From Continuing And Discontinued Operation": 7677000.0,
        "Total Expenses": 132491000.0,
        "Total Operating Income As Reported": -18209000.0,
        "Diluted Average Shares": 162634310.0,
        "Basic Average Shares": 155425264.0,
        "Diluted EPS": 0.05,
        "Basic EPS": 0.05,
        "Diluted NI Availto Com Stockholders": 7677000.0,
        "Net Income Common Stockholders": 7677000.0,
        "Net Income": 7677000.0,
        "Net Income Including Noncontrolling Interests": 7677000.0,
        "Net Income Continuous Operations": 7677000.0,
        "Tax Provision": -29107000.0,
        "Pretax Income": -21430000.0,
        "Other Income Expense": 631000.0,
        "Other Non Operating Income Expenses": NaN,
        "Special Income Charges": NaN,
        "Gain On Sale Of Security": 631000.0,
        "Net Non Operating Interest Income Expense": -3221000.0,
        "Interest Expense Non Operating": 3221000.0,
        "Operating Income": -18840000.0,
        "Operating Expense": 108672000.0,
        "Depreciation Amortization Depletion Income Statement": 13521000.0,
        "Depreciation And Amortization In Income Statement": 13521000.0,
        "Amortization": 13234000.0,
        "Amortization Of Intangibles Income Statement": 13234000.0,
        "Depreciation Income Statement": 287000.0,
        "Research And Development": 21110000.0,
        "Selling General And Administration": 74041000.0,
        "Selling And Marketing Expense": 31702000.0,
        "General And Administrative Expense": 42339000.0,
        "Other Gand A": 42339000.0,
        "Gross Profit": 89832000.0,
        "Cost Of Revenue": 23819000.0,
        "Total Revenue": 113651000.0,
        "Operating Revenue": 113651000.0
    },
    "2023-09-30": {
        "Tax Effect Of Unusual Items": -436380.0,
        "Tax Rate For Calcs": 0.21,
        "Normalized EBITDA": 25306000.0,
        "Total Unusual Items": -2078000.0,
        "Total Unusual Items Excluding Goodwill": -2078000.0,
        "Net Income From Continuing Operation Net Minority Interest": -13749000.0,
        "Reconciled Depreciation": 14027000.0,
        "Reconciled Cost Of Revenue": 25599000.0,
        "EBITDA": 23228000.0,
        "EBIT": 9201000.0,
        "Net Interest Income": -3109000.0,
        "Interest Expense": 3109000.0,
        "Normalized Income": -12107380.0,
        "Net Income From Continuing And Discontinued Operation": -13749000.0,
        "Total Expenses": 109052000.0,
        "Total Operating Income As Reported": 9201000.0,
        "Diluted Average Shares": 157055904.0,
        "Basic Average Shares": 157055904.0,
        "Diluted EPS": -0.09,
        "Basic EPS": -0.09,
        "Diluted NI Availto Com Stockholders": -13749000.0,
        "Net Income Common Stockholders": -13749000.0,
        "Net Income": -13749000.0,
        "Net Income Including Noncontrolling Interests": -13749000.0,
        "Net Income Continuous Operations": -13749000.0,
        "Tax Provision": 19841000.0,
        "Pretax Income": 6092000.0,
        "Other Income Expense": -2078000.0,
        "Other Non Operating Income Expenses": NaN,
        "Special Income Charges": NaN,
        "Gain On Sale Of Security": -2078000.0,
        "Net Non Operating Interest Income Expense": -3109000.0,
        "Interest Expense Non Operating": 3109000.0,
        "Operating Income": 11279000.0,
        "Operating Expense": 83453000.0,
        "Depreciation Amortization Depletion Income Statement": 14027000.0,
        "Depreciation And Amortization In Income Statement": 14027000.0,
        "Amortization": NaN,
        "Amortization Of Intangibles Income Statement": NaN,
        "Depreciation Income Statement": NaN,
        "Research And Development": 17211000.0,
        "Selling General And Administration": 52215000.0,
        "Selling And Marketing Expense": 29604000.0,
        "General And Administrative Expense": 22611000.0,
        "Other Gand A": 22611000.0,
        "Gross Profit": 94732000.0,
        "Cost Of Revenue": 25599000.0,
        "Total Revenue": 120331000.0,
        "Operating Revenue": 120331000.0
    },
    "2023-12-31": {
        "Tax Effect Of Unusual Items": 137844.672657,
        "Tax Rate For Calcs": 0.275139,
        "Normalized EBITDA": 30603000.0,
        "Total Unusual Items": 501000.0,
        "Total Unusual Items Excluding Goodwill": 501000.0,
        "Net Income From Continuing Operation Net Minority Interest": 10164000.0,
        "Reconciled Depreciation": 14593000.0,
        "Reconciled Cost Of Revenue": 28252000.0,
        "EBITDA": 31104000.0,
        "EBIT": 16511000.0,
        "Net Interest Income": -2489000.0,
        "Interest Expense": 2489000.0,
        "Normalized Income": 9800844.672657,
        "Net Income From Continuing And Discontinued Operation": 10164000.0,
        "Total Expenses": 118285000.0,
        "Total Operating Income As Reported": 16511000.0,
        "Diluted Average Shares": NaN,
        "Basic Average Shares": NaN,
        "Diluted EPS": NaN,
        "Basic EPS": NaN,
        "Diluted NI Availto Com Stockholders": 10164000.0,
        "Net Income Common Stockholders": 10164000.0,
        "Net Income": 10164000.0,
        "Net Income Including Noncontrolling Interests": 10164000.0,
        "Net Income Continuous Operations": 10164000.0,
        "Tax Provision": 3858000.0,
        "Pretax Income": 14022000.0,
        "Other Income Expense": 501000.0,
        "Other Non Operating Income Expenses": NaN,
        "Special Income Charges": NaN,
        "Gain On Sale Of Security": 501000.0,
        "Net Non Operating Interest Income Expense": -2489000.0,
        "Interest Expense Non Operating": 2489000.0,
        "Operating Income": 16010000.0,
        "Operating Expense": 90033000.0,
        "Depreciation Amortization Depletion Income Statement": 14593000.0,
        "Depreciation And Amortization In Income Statement": 14593000.0,
        "Amortization": NaN,
        "Amortization Of Intangibles Income Statement": NaN,
        "Depreciation Income Statement": NaN,
        "Research And Development": 19056000.0,
        "Selling General And Administration": 56384000.0,
        "Selling And Marketing Expense": 30423000.0,
        "General And Administrative Expense": 25961000.0,
        "Other Gand A": 25961000.0,
        "Gross Profit": 106043000.0,
        "Cost Of Revenue": 28252000.0,
        "Total Revenue": 134295000.0,
        "Operating Revenue": 134295000.0
    },
    "2024-03-31": {
        "Tax Effect Of Unusual Items": -150624.0,
        "Tax Rate For Calcs": 0.096,
        "Normalized EBITDA": 17186000.0,
        "Total Unusual Items": -1569000.0,
        "Total Unusual Items Excluding Goodwill": -1569000.0,
        "Net Income From Continuing Operation Net Minority Interest": -1255000.0,
        "Reconciled Depreciation": 15080000.0,
        "Reconciled Cost Of Revenue": 26161000.0,
        "EBITDA": 15617000.0,
        "EBIT": 537000.0,
        "Net Interest Income": -1926000.0,
        "Interest Expense": 1926000.0,
        "Normalized Income": 163376.0,
        "Net Income From Continuing And Discontinued Operation": -1255000.0,
        "Total Expenses": 112424000.0,
        "Total Operating Income As Reported": 537000.0,
        "Diluted Average Shares": 159385167.0,
        "Basic Average Shares": 159385167.0,
        "Diluted EPS": -0.01,
        "Basic EPS": -0.01,
        "Diluted NI Availto Com Stockholders": -1255000.0,
        "Net Income Common Stockholders": -1255000.0,
        "Net Income": -1255000.0,
        "Net Income Including Noncontrolling Interests": -1255000.0,
        "Net Income Continuous Operations": -1255000.0,
        "Tax Provision": -134000.0,
        "Pretax Income": -1389000.0,
        "Other Income Expense": -1569000.0,
        "Other Non Operating Income Expenses": NaN,
        "Special Income Charges": NaN,
        "Gain On Sale Of Security": -1569000.0,
        "Net Non Operating Interest Income Expense": -1926000.0,
        "Interest Expense Non Operating": 1926000.0,
        "Operating Income": 2106000.0,
        "Operating Expense": 86263000.0,
        "Depreciation Amortization Depletion Income Statement": 15080000.0,
        "Depreciation And Amortization In Income Statement": 15080000.0,
        "Amortization": NaN,
        "Amortization Of Intangibles Income Statement": NaN,
        "Depreciation Income Statement": NaN,
        "Research And Development": 17978000.0,
        "Selling General And Administration": 53205000.0,
        "Selling And Marketing Expense": 31825000.0,
        "General And Administrative Expense": 21380000.0,
        "Other Gand A": 21380000.0,
        "Gross Profit": 88369000.0,
        "Cost Of Revenue": 26161000.0,
        "Total Revenue": 114530000.0,
        "Operating Revenue": 114530000.0
    }
}