{
    "2023-03-31": {
        "Tax Effect Of Unusual Items": 0.0,
        "Tax Rate For Calcs": 0.142,
        "Normalized EBITDA": 21956000.0,
        "Total Unusual Items": 777000.0,
        "Total Unusual Items Excluding Goodwill": 777000.0,
        "Net Income From Continuing Operation Net Minority Interest": 11279000.0,
        "Reconciled Depreciation": 8700000.0,
        "Reconciled Cost Of Revenue": 87667000.0,
        "EBITDA": 21956000.0,
        "EBIT": 13256000.0,
        "Net Interest Income": 100000.0,
        "Interest Expense": 105000.0,
        "Interest Income": 205000.0,
        "Normalized Income": 11279000.0,
        "Net Income From Continuing And Discontinued Operation": 11279000.0,
        "Total Expenses": 118506000.0,
        "Total Operating Income As Reported": 13051000.0,
        "Diluted Average Shares": 19065000.0,
        "Basic Average Shares": 18230000.0,
        "Diluted EPS": 0.59,
        "Basic EPS": 0.62,
        "Diluted NI Availto Com Stockholders": 11279000.0,
        "Net Income Common Stockholders": 11279000.0,
        "Net Income": 11279000.0,
        "Net Income Including Noncontrolling Interests": 11279000.0,
        "Net Income Continuous Operations": 11279000.0,
        "Tax Provision": 1872000.0,
        "Pretax Income": 13151000.0,
        "Other Income Expense": 777000.0,
        "Gain On Sale Of Security": 777000.0,
        "Net Non Operating Interest Income Expense": 100000.0,
        "Interest Expense Non Operating": 105000.0,
        "Interest Income Non Operating": 205000.0,
        "Operating Income": 13051000.0,
        "Operating Expense": 26813000.0,
        "Other Operating Expenses": 18766000.0,
        "Depreciation Amortization Depletion Income Statement": 4674000.0,
        "Depreciation And Amortization In Income Statement": 4674000.0,
        "Selling General And Administration": 22139000.0,
        "Selling And Marketing Expense": 2823000.0,
        "General And Administrative Expense": 86701000.0,
        "Salaries And Wages": 86701000.0,
        "Gross Profit": 39864000.0,
        "Cost Of Revenue": 91693000.0,
        "Total Revenue": 131557000.0,
        "Operating Revenue": 131557000.0
    },
    "2022-12-31": {
        "Tax Effect Of Unusual Items": NaN,
        "Tax Rate For Calcs": NaN,
        "Normalized EBITDA": NaN,
        "Total Unusual Items": -6971000.0,
        "Total Unusual Items Excluding Goodwill": -6971000.0,
        "Net Income From Continuing Operation Net Minority Interest": NaN,
        "Reconciled Depreciation": NaN,
        "Reconciled Cost Of Revenue": 95617000.0,
        "EBITDA": NaN,
        "EBIT": NaN,
        "Net Interest Income": NaN,
        "Interest Expense": 300000.0,
        "Interest Income": 138000.0,
        "Normalized Income": NaN,
        "Net Income From Continuing And Discontinued Operation": NaN,
        "Total Expenses": NaN,
        "Total Operating Income As Reported": NaN,
        "Diluted Average Shares": NaN,
        "Basic Average Shares": NaN,
        "Diluted EPS": NaN,
        "Basic EPS": NaN,
        "Diluted NI Availto Com Stockholders": NaN,
        "Net Income Common Stockholders": NaN,
        "Net Income": NaN,
        "Net Income Including Noncontrolling Interests": NaN,
        "Net Income Continuous Operations": NaN,
        "Tax Provision": NaN,
        "Pretax Income": NaN,
        "Other Income Expense": -6971000.0,
        "Gain On Sale Of Security": -6971000.0,
        "Net Non Operating Interest Income Expense": NaN,
        "Interest Expense Non Operating": 300000.0,
        "Interest Income Non Operating": 138000.0,
        "Operating Income": NaN,
        "Operating Expense": NaN,
        "Other Operating Expenses": 21185000.0,
        "Depreciation Amortization Depletion Income Statement": NaN,
        "Depreciation And Amortization In Income Statement": NaN,
        "Selling General And Administration": NaN,
        "Selling And Marketing Expense": 2479000.0,
        "General And Administrative Expense": 93985000.0,
        "Salaries And Wages": 93985000.0,
        "Gross Profit": 39535000.0,
        "Cost Of Revenue": 99790000.0,
        "Total Revenue": NaN,
        "Operating Revenue": NaN
    },
    "2022-09-30": {
        "Tax Effect Of Unusual Items": NaN,
        "Tax Rate For Calcs": NaN,
        "Normalized EBITDA": NaN,
        "Total Unusual Items": -2165000.0,
        "Total Unusual Items Excluding Goodwill": -2165000.0,
        "Net Income From Continuing Operation Net Minority Interest": NaN,
        "Reconciled Depreciation": NaN,
        "Reconciled Cost Of Revenue": NaN,
        "EBITDA": NaN,
        "EBIT": NaN,
        "Net Interest Income": NaN,
        "Interest Expense": NaN,
        "Interest Income": NaN,
        "Normalized Income": NaN,
        "Net Income From Continuing And Discontinued Operation": NaN,
        "Total Expenses": NaN,
        "Total Operating Income As Reported": NaN,
        "Diluted Average Shares": NaN,
        "Basic Average Shares": NaN,
        "Diluted EPS": NaN,
        "Basic EPS": NaN,
        "Diluted NI Availto Com Stockholders": NaN,
        "Net Income Common Stockholders": NaN,
        "Net Income": NaN,
        "Net Income Including Noncontrolling Interests": NaN,
        "Net Income Continuous Operations": NaN,
        "Tax Provision": NaN,
        "Pretax Income": NaN,
        "Other Income Expense": -2165000.0,
        "Gain On Sale Of Security": -2165000.0,
        "Net Non Operating Interest Income Expense": NaN,
        "Interest Expense Non Operating": NaN,
        "Interest Income Non Operating": NaN,
        "Operating Income": NaN,
        "Operating Expense": NaN,
        "Other Operating Expenses": 18376000.0,
        "Depreciation Amortization Depletion Income Statement": NaN,
        "Depreciation And Amortization In Income Statement": NaN,
        "Selling General And Administration": NaN,
        "Selling And Marketing Expense": 3184000.0,
        "General And Administrative Expense": 88201000.0,
        "Salaries And Wages": 88201000.0,
        "Gross Profit": NaN,
        "Cost Of Revenue": NaN,
        "Total Revenue": NaN,
        "Operating Revenue": NaN
    },
    "2022-06-30": {
        "Tax Effect Of Unusual Items": -519200.0,
        "Tax Rate For Calcs": 0.4,
        "Normalized EBITDA": 16691000.0,
        "Total Unusual Items": -1298000.0,
        "Total Unusual Items Excluding Goodwill": -1298000.0,
        "Net Income From Continuing Operation Net Minority Interest": 4913000.0,
        "Reconciled Depreciation": 9312000.0,
        "Reconciled Cost Of Revenue": NaN,
        "EBITDA": 15393000.0,
        "EBIT": 6081000.0,
        "Net Interest Income": -2202000.0,
        "Interest Expense": 2202000.0,
        "Normalized Income": 5691800.0,
        "Net Income From Continuing And Discontinued Operation": 4913000.0,
        "Total Expenses": 116328000.0,
        "Total Operating Income As Reported": 6081000.0,
        "Diluted Average Shares": 18555133.0,
        "Basic Average Shares": 18147541.0,
        "Diluted EPS": 0.26,
        "Basic EPS": 0.27,
        "Diluted NI Availto Com Stockholders": 4913000.0,
        "Net Income Common Stockholders": 4913000.0,
        "Net Income": 4913000.0,
        "Net Income Including Noncontrolling Interests": 4913000.0,
        "Net Income Continuous Operations": 4913000.0,
        "Tax Provision": -1034000.0,
        "Pretax Income": 3879000.0,
        "Other Income Expense": -1298000.0,
        "Gain On Sale Of Security": -1298000.0,
        "Net Non Operating Interest Income Expense": -2202000.0,
        "Total Other Finance Cost": NaN,
        "Interest Expense Non Operating": 2202000.0,
        "Operating Income": 7379000.0,
        "Operating Expense": 116328000.0,
        "Other Operating Expenses": 17955000.0,
        "Depreciation Amortization Depletion Income Statement": 9312000.0,
        "Depreciation And Amortization In Income Statement": 9312000.0,
        "Selling General And Administration": 89061000.0,
        "Selling And Marketing Expense": 3084000.0,
        "General And Administrative Expense": 85977000.0,
        "Salaries And Wages": 85977000.0,
        "Gross Profit": NaN,
        "Cost Of Revenue": NaN,
        "Total Revenue": 123707000.0,
        "Operating Revenue": 123707000.0
    },
    "2022-03-31": {
        "Diluted EPS": 0.35,
        "Total Revenue": 129,
        "Gross Profit": 129,
        "Operating Income": 6,
        "EBIT": 14,
        "Net Income": 7
    },
    "2021-12-31": {
        "Diluted EPS": 0.45,
        "Total Revenue": 132,
        "Gross Profit": 132,
        "Operating Income": 12,
        "EBIT": 21,
        "Net Income": 8
    },
    "2021-09-30": {
        "Diluted EPS": 0.16,
        "Total Revenue": 109,
        "Gross Profit": 109,
        "Operating Income": 6,
        "EBIT": 13,
        "Net Income": 3
    },
    "2021-06-30": {
        "Diluted EPS": 0.24,
        "Total Revenue": 109,
        "Gross Profit": 109,
        "Operating Income": 6,
        "EBIT": 13,
        "Net Income": 4
    },
    "2021-03-31": {
        "Diluted EPS": -0.01,
        "Total Revenue": 109,
        "Gross Profit": 109,
        "Operating Income": 2,
        "EBIT": 10,
        "Net Income": 0
    },
    "2020-12-31": {
        "Diluted EPS": 0.13,
        "Total Revenue": 117,
        "Gross Profit": 117,
        "Operating Income": 6,
        "EBIT": 13,
        "Net Income": 2
    },
    "2020-09-30": {
        "Diluted EPS": -0.21,
        "Total Revenue": 109,
        "Gross Profit": 109,
        "Operating Income": -1,
        "EBIT": 6,
        "Net Income": -3
    },
    "2020-06-30": {
        "Diluted EPS": -0.29,
        "Total Revenue": 101,
        "Gross Profit": 101,
        "Operating Income": -68,
        "EBIT": -62,
        "Net Income": -4
    },
    "2020-03-31": {
        "Diluted EPS": 0.0,
        "Total Revenue": 101,
        "Gross Profit": 101,
        "Operating Income": 8,
        "EBIT": 14,
        "Net Income": 4
    },
    "2019-12-31": {
        "Diluted EPS": 0.0,
        "Total Revenue": 108,
        "Gross Profit": 108,
        "Operating Income": 8,
        "EBIT": 14,
        "Net Income": 5
    },
    "2019-09-30": {
        "Diluted EPS": 0.0,
        "Total Revenue": 95,
        "Gross Profit": 95,
        "Operating Income": 5,
        "EBIT": 10,
        "Net Income": 2
    },
    "2019-06-30": {
        "Diluted EPS": 0.0,
        "Total Revenue": NaN,
        "Gross Profit": NaN,
        "Operating Income": NaN,
        "EBIT": NaN,
        "Net Income": NaN
    },
    "2023-06-30": {
        "Tax Effect Of Unusual Items": 0.0,
        "Tax Rate For Calcs": 0.211694,
        "Normalized EBITDA": 4660000.0,
        "Total Unusual Items": NaN,
        "Total Unusual Items Excluding Goodwill": NaN,
        "Net Income From Continuing Operation Net Minority Interest": 13711000.0,
        "Reconciled Depreciation": -7155000.0,
        "Reconciled Cost Of Revenue": NaN,
        "EBITDA": 4660000.0,
        "EBIT": 11815000.0,
        "Net Interest Income": 5578000.0,
        "Interest Expense": NaN,
        "Interest Income": NaN,
        "Normalized Income": 13711000.0,
        "Net Income From Continuing And Discontinued Operation": 13711000.0,
        "Total Expenses": 120800000.0,
        "Total Operating Income As Reported": 11815000.0,
        "Diluted Average Shares": 18989000.0,
        "Basic Average Shares": 18259000.0,
        "Diluted EPS": 0.24,
        "Basic EPS": 0.25,
        "Diluted NI Availto Com Stockholders": 13711000.0,
        "Net Income Common Stockholders": 13711000.0,
        "Net Income": 13711000.0,
        "Net Income Including Noncontrolling Interests": 13711000.0,
        "Net Income Continuous Operations": 13711000.0,
        "Tax Provision": 3682000.0,
        "Pretax Income": 17393000.0,
        "Other Income Expense": NaN,
        "Gain On Sale Of Security": NaN,
        "Net Non Operating Interest Income Expense": 5578000.0,
        "Interest Expense Non Operating": NaN,
        "Interest Income Non Operating": NaN,
        "Operating Income": 3456000.0,
        "Operating Expense": -254192000.0,
        "Other Operating Expenses": NaN,
        "Depreciation Amortization Depletion Income Statement": -7155000.0,
        "Depreciation And Amortization In Income Statement": -7155000.0,
        "Selling General And Administration": -188710000.0,
        "Selling And Marketing Expense": NaN,
        "General And Administrative Expense": NaN,
        "Salaries And Wages": NaN,
        "Gross Profit": NaN,
        "Cost Of Revenue": NaN,
        "Total Revenue": 124256000.0,
        "Operating Revenue": 124256000.0
    },
    "2023-09-30": {
        "Tax Effect Of Unusual Items": 0.0,
        "Tax Rate For Calcs": 0.157,
        "Normalized EBITDA": 13959000.0,
        "Total Unusual Items": NaN,
        "Total Unusual Items Excluding Goodwill": NaN,
        "Net Income From Continuing Operation Net Minority Interest": 7425000.0,
        "Reconciled Depreciation": 5042000.0,
        "Reconciled Cost Of Revenue": 88196000.0,
        "EBITDA": 13959000.0,
        "EBIT": 8917000.0,
        "Net Interest Income": 482000.0,
        "Interest Expense": 104000.0,
        "Interest Income": 586000.0,
        "Normalized Income": 7425000.0,
        "Net Income From Continuing And Discontinued Operation": 7425000.0,
        "Total Expenses": 116278000.0,
        "Total Operating Income As Reported": 8331000.0,
        "Diluted Average Shares": 18898000.0,
        "Basic Average Shares": 18287000.0,
        "Diluted EPS": 0.39,
        "Basic EPS": 0.41,
        "Diluted NI Availto Com Stockholders": 7425000.0,
        "Net Income Common Stockholders": 7425000.0,
        "Net Income": 7425000.0,
        "Net Income Including Noncontrolling Interests": 7425000.0,
        "Net Income Continuous Operations": 7425000.0,
        "Tax Provision": 1388000.0,
        "Pretax Income": 8813000.0,
        "Other Income Expense": NaN,
        "Gain On Sale Of Security": NaN,
        "Net Non Operating Interest Income Expense": 482000.0,
        "Interest Expense Non Operating": 104000.0,
        "Interest Income Non Operating": 586000.0,
        "Operating Income": 8331000.0,
        "Operating Expense": 28082000.0,
        "Other Operating Expenses": NaN,
        "Depreciation Amortization Depletion Income Statement": 5042000.0,
        "Depreciation And Amortization In Income Statement": 5042000.0,
        "Selling General And Administration": 23040000.0,
        "Selling And Marketing Expense": NaN,
        "General And Administrative Expense": NaN,
        "Salaries And Wages": NaN,
        "Gross Profit": 36413000.0,
        "Cost Of Revenue": 88196000.0,
        "Total Revenue": 124609000.0,
        "Operating Revenue": 124609000.0
    },
    "2023-12-31": {
        "Tax Effect Of Unusual Items": 0.0,
        "Tax Rate For Calcs": 0.173244,
        "Normalized EBITDA": 12405000.0,
        "Total Unusual Items": NaN,
        "Total Unusual Items Excluding Goodwill": NaN,
        "Net Income From Continuing Operation Net Minority Interest": 6075000.0,
        "Reconciled Depreciation": 4946000.0,
        "Reconciled Cost Of Revenue": 95884000.0,
        "EBITDA": 12405000.0,
        "EBIT": 7459000.0,
        "Net Interest Income": 401000.0,
        "Interest Expense": 111000.0,
        "Interest Income": 512000.0,
        "Normalized Income": 6075000.0,
        "Net Income From Continuing And Discontinued Operation": 6075000.0,
        "Total Expenses": 125687000.0,
        "Total Operating Income As Reported": 6947000.0,
        "Diluted Average Shares": 18440000.0,
        "Basic Average Shares": 17885000.0,
        "Diluted EPS": 0.33,
        "Basic EPS": 0.34,
        "Diluted NI Availto Com Stockholders": 6075000.0,
        "Net Income Common Stockholders": 6075000.0,
        "Net Income": 6075000.0,
        "Net Income Including Noncontrolling Interests": 6075000.0,
        "Net Income Continuous Operations": 6075000.0,
        "Tax Provision": 1273000.0,
        "Pretax Income": 7348000.0,
        "Other Income Expense": NaN,
        "Gain On Sale Of Security": NaN,
        "Net Non Operating Interest Income Expense": 401000.0,
        "Interest Expense Non Operating": 111000.0,
        "Interest Income Non Operating": 512000.0,
        "Operating Income": 6947000.0,
        "Operating Expense": 29803000.0,
        "Other Operating Expenses": NaN,
        "Depreciation Amortization Depletion Income Statement": 4946000.0,
        "Depreciation And Amortization In Income Statement": 4946000.0,
        "Selling General And Administration": 24857000.0,
        "Selling And Marketing Expense": NaN,
        "General And Administrative Expense": NaN,
        "Salaries And Wages": NaN,
        "Gross Profit": 36750000.0,
        "Cost Of Revenue": 95884000.0,
        "Total Revenue": 132634000.0,
        "Operating Revenue": 132634000.0
    },
    "2024-03-31": {
        "Tax Effect Of Unusual Items": 0.0,
        "Tax Rate For Calcs": 0.11,
        "Normalized EBITDA": 16578000.0,
        "Total Unusual Items": NaN,
        "Total Unusual Items Excluding Goodwill": NaN,
        "Net Income From Continuing Operation Net Minority Interest": 10310000.0,
        "Reconciled Depreciation": 4865000.0,
        "Reconciled Cost Of Revenue": 87083000.0,
        "EBITDA": 16578000.0,
        "EBIT": 11713000.0,
        "Net Interest Income": 307000.0,
        "Interest Expense": 124000.0,
        "Interest Income": 431000.0,
        "Normalized Income": 10310000.0,
        "Net Income From Continuing And Discontinued Operation": 10310000.0,
        "Total Expenses": 115513000.0,
        "Total Operating Income As Reported": 11282000.0,
        "Diluted Average Shares": 18036000.0,
        "Basic Average Shares": 17468000.0,
        "Diluted EPS": 0.57,
        "Basic EPS": 0.59,
        "Diluted NI Availto Com Stockholders": 10310000.0,
        "Net Income Common Stockholders": 10310000.0,
        "Net Income": 10310000.0,
        "Net Income Including Noncontrolling Interests": 10310000.0,
        "Net Income Continuous Operations": 10310000.0,
        "Tax Provision": 1279000.0,
        "Pretax Income": 11589000.0,
        "Other Income Expense": NaN,
        "Gain On Sale Of Security": NaN,
        "Net Non Operating Interest Income Expense": 307000.0,
        "Interest Expense Non Operating": 124000.0,
        "Interest Income Non Operating": 431000.0,
        "Operating Income": 11282000.0,
        "Operating Expense": 28430000.0,
        "Other Operating Expenses": NaN,
        "Depreciation Amortization Depletion Income Statement": 4865000.0,
        "Depreciation And Amortization In Income Statement": 4865000.0,
        "Selling General And Administration": 23565000.0,
        "Selling And Marketing Expense": NaN,
        "General And Administrative Expense": NaN,
        "Salaries And Wages": NaN,
        "Gross Profit": 39712000.0,
        "Cost Of Revenue": 87083000.0,
        "Total Revenue": 126795000.0,
        "Operating Revenue": 126795000.0
    }
}