{
    "2023-03-31": {
        "Tax Effect Of Unusual Items": NaN,
        "Tax Rate For Calcs": NaN,
        "Net Income From Continuing Operation Net Minority Interest": NaN,
        "Reconciled Depreciation": NaN,
        "Net Interest Income": NaN,
        "Interest Expense": NaN,
        "Interest Income": NaN,
        "Normalized Income": NaN,
        "Net Income From Continuing And Discontinued Operation": NaN,
        "Diluted Average Shares": 62282328.0,
        "Basic Average Shares": 62142264.0,
        "Diluted EPS": 1.63,
        "Basic EPS": 1.64,
        "Diluted NI Availto Com Stockholders": NaN,
        "Net Income Common Stockholders": NaN,
        "Net Income": NaN,
        "Net Income Including Noncontrolling Interests": NaN,
        "Net Income Continuous Operations": NaN,
        "Tax Provision": NaN,
        "Pretax Income": NaN,
        "Gain On Sale Of Security": NaN,
        "Depreciation Amortization Depletion Income Statement": NaN,
        "Depreciation And Amortization In Income Statement": NaN,
        "Depreciation Income Statement": NaN,
        "Selling General And Administration": NaN,
        "Selling And Marketing Expense": NaN,
        "General And Administrative Expense": NaN,
        "Insurance And Claims": NaN,
        "Salaries And Wages": NaN,
        "Total Revenue": NaN,
        "Operating Revenue": NaN,
        "Occupancy And Equipment": NaN,
        "Professional Expense And Contract Services Expense": NaN,
        "Other Non Interest Expense": NaN
    },
    "2022-12-31": {
        "Tax Effect Of Unusual Items": 0.0,
        "Tax Rate For Calcs": 0.218632,
        "Net Income From Continuing Operation Net Minority Interest": 105412000.0,
        "Reconciled Depreciation": 5466000.0,
        "Net Interest Income": 159461000.0,
        "Interest Expense": 15217000.0,
        "Interest Income": 174678000.0,
        "Normalized Income": 105412000.0,
        "Net Income From Continuing And Discontinued Operation": 105412000.0,
        "Diluted Average Shares": NaN,
        "Basic Average Shares": NaN,
        "Diluted EPS": NaN,
        "Basic EPS": NaN,
        "Diluted NI Availto Com Stockholders": 105412000.0,
        "Net Income Common Stockholders": 105412000.0,
        "Net Income": 105412000.0,
        "Net Income Including Noncontrolling Interests": 105412000.0,
        "Net Income Continuous Operations": 105412000.0,
        "Tax Provision": 29495000.0,
        "Pretax Income": 134907000.0,
        "Gain On Sale Of Security": 6475000.0,
        "Depreciation Amortization Depletion Income Statement": 5466000.0,
        "Depreciation And Amortization In Income Statement": 5466000.0,
        "Depreciation Income Statement": 5466000.0,
        "Selling General And Administration": 33359000.0,
        "Selling And Marketing Expense": 217000.0,
        "General And Administrative Expense": 33142000.0,
        "Insurance And Claims": 1925000.0,
        "Salaries And Wages": 31217000.0,
        "Total Revenue": 205239000.0,
        "Operating Revenue": 205239000.0
    },
    "2022-09-30": {
        "Tax Effect Of Unusual Items": NaN,
        "Tax Rate For Calcs": NaN,
        "Net Income From Continuing Operation Net Minority Interest": NaN,
        "Reconciled Depreciation": NaN,
        "Net Interest Income": NaN,
        "Interest Expense": NaN,
        "Interest Income": NaN,
        "Normalized Income": NaN,
        "Net Income From Continuing And Discontinued Operation": NaN,
        "Diluted Average Shares": 62371475.0,
        "Basic Average Shares": 62226521.0,
        "Diluted EPS": 1.34,
        "Basic EPS": 1.34,
        "Diluted NI Availto Com Stockholders": NaN,
        "Net Income Common Stockholders": NaN,
        "Net Income": NaN,
        "Net Income Including Noncontrolling Interests": NaN,
        "Net Income Continuous Operations": NaN,
        "Tax Provision": NaN,
        "Pretax Income": NaN,
        "Gain On Sale Of Security": NaN,
        "Depreciation Amortization Depletion Income Statement": NaN,
        "Depreciation And Amortization In Income Statement": NaN,
        "Depreciation Income Statement": NaN,
        "Selling General And Administration": NaN,
        "Selling And Marketing Expense": NaN,
        "General And Administrative Expense": NaN,
        "Insurance And Claims": NaN,
        "Salaries And Wages": NaN,
        "Total Revenue": NaN,
        "Operating Revenue": NaN
    },
    "2022-06-30": {
        "Tax Effect Of Unusual Items": 0.0,
        "Tax Rate For Calcs": 0.212907,
        "Net Income From Continuing Operation Net Minority Interest": 57971000.0,
        "Reconciled Depreciation": 5455000.0,
        "Net Interest Income": 102901000.0,
        "Interest Expense": 6683000.0,
        "Interest Income": 109584000.0,
        "Normalized Income": 57971000.0,
        "Net Income From Continuing And Discontinued Operation": 57971000.0,
        "Diluted Average Shares": 63085429.0,
        "Basic Average Shares": 62950103.0,
        "Diluted EPS": 0.92,
        "Basic EPS": 0.92,
        "Diluted NI Availto Com Stockholders": 57971000.0,
        "Net Income Common Stockholders": 57971000.0,
        "Net Income": 57971000.0,
        "Net Income Including Noncontrolling Interests": 57971000.0,
        "Net Income Continuous Operations": 57971000.0,
        "Tax Provision": 15681000.0,
        "Pretax Income": 73652000.0,
        "Gain On Sale Of Security": 1219000.0,
        "Depreciation Amortization Depletion Income Statement": 5455000.0,
        "Depreciation And Amortization In Income Statement": 5455000.0,
        "Depreciation Income Statement": 5455000.0,
        "Selling General And Administration": 34479000.0,
        "Selling And Marketing Expense": 1455000.0,
        "General And Administrative Expense": 33024000.0,
        "Other Gand A": 4372000.0,
        "Insurance And Claims": 1979000.0,
        "Salaries And Wages": 31045000.0,
        "Total Revenue": 146143000.0,
        "Operating Revenue": 146143000.0
    },
    "2023-06-30": {
        "Tax Effect Of Unusual Items": 0.0,
        "Tax Rate For Calcs": 0.213775,
        "Net Income From Continuing Operation Net Minority Interest": 100485000.0,
        "Reconciled Depreciation": 5408000.0,
        "Net Interest Income": 166455000.0,
        "Interest Expense": 31669000.0,
        "Interest Income": 198124000.0,
        "Normalized Income": 100485000.0,
        "Net Income From Continuing And Discontinued Operation": 100485000.0,
        "Diluted Average Shares": 62205297.0,
        "Basic Average Shares": 62074485.0,
        "Diluted EPS": 1.62,
        "Basic EPS": 1.62,
        "Diluted NI Availto Com Stockholders": 100485000.0,
        "Net Income Common Stockholders": 100485000.0,
        "Net Income": 100485000.0,
        "Net Income Including Noncontrolling Interests": 100485000.0,
        "Net Income Continuous Operations": 100485000.0,
        "Tax Provision": 27322000.0,
        "Pretax Income": 127807000.0,
        "Gain On Sale Of Security": -2900000.0,
        "Depreciation Amortization Depletion Income Statement": 5408000.0,
        "Depreciation And Amortization In Income Statement": 5408000.0,
        "Depreciation Income Statement": 5408000.0,
        "Selling General And Administration": 36276000.0,
        "Selling And Marketing Expense": 1289000.0,
        "General And Administrative Expense": 34987000.0,
        "Insurance And Claims": 1693000.0,
        "Salaries And Wages": 33294000.0,
        "Total Revenue": 204157000.0,
        "Operating Revenue": 204157000.0,
        "Occupancy And Equipment": 10932000.0,
        "Professional Expense And Contract Services Expense": 3338000.0,
        "Other Non Interest Expense": 11580000.0
    },
    "2022-03-31": {
        "Diluted EPS": 0.84,
        "Total Revenue": 140,
        "Gross Profit": 134,
        "Operating Income": 68,
        "EBIT": NaN,
        "Net Income": 53
    },
    "2021-12-31": {
        "Diluted EPS": 0.89,
        "Total Revenue": 142,
        "Gross Profit": 135,
        "Operating Income": 71,
        "EBIT": NaN,
        "Net Income": 57
    },
    "2021-09-30": {
        "Diluted EPS": 0.86,
        "Total Revenue": 148,
        "Gross Profit": 142,
        "Operating Income": 69,
        "EBIT": NaN,
        "Net Income": 55
    },
    "2021-06-30": {
        "Diluted EPS": 1.45,
        "Total Revenue": 196,
        "Gross Profit": 189,
        "Operating Income": 118,
        "EBIT": NaN,
        "Net Income": 92
    },
    "2021-03-31": {
        "Diluted EPS": 0.8,
        "Total Revenue": 134,
        "Gross Profit": 127,
        "Operating Income": 64,
        "EBIT": NaN,
        "Net Income": 51
    },
    "2020-12-31": {
        "Diluted EPS": 0.77,
        "Total Revenue": 138,
        "Gross Profit": 131,
        "Operating Income": 62,
        "EBIT": NaN,
        "Net Income": 48
    },
    "2020-09-30": {
        "Diluted EPS": 0.67,
        "Total Revenue": 140,
        "Gross Profit": 132,
        "Operating Income": 53,
        "EBIT": NaN,
        "Net Income": 43
    },
    "2020-06-30": {
        "Diluted EPS": 0.65,
        "Total Revenue": 147,
        "Gross Profit": 137,
        "Operating Income": 53,
        "EBIT": NaN,
        "Net Income": 42
    },
    "2020-03-31": {
        "Diluted EPS": 0.53,
        "Total Revenue": 152,
        "Gross Profit": 138,
        "Operating Income": 44,
        "EBIT": NaN,
        "Net Income": 35
    },
    "2019-12-31": {
        "Diluted EPS": 0.79,
        "Total Revenue": 159,
        "Gross Profit": 145,
        "Operating Income": 65,
        "EBIT": NaN,
        "Net Income": 52
    },
    "2019-09-30": {
        "Diluted EPS": 0.78,
        "Total Revenue": 167,
        "Gross Profit": 152,
        "Operating Income": 66,
        "EBIT": NaN,
        "Net Income": 51
    },
    "2019-06-30": {
        "Diluted EPS": 0.76,
        "Total Revenue": 161,
        "Gross Profit": 146,
        "Operating Income": 64,
        "EBIT": NaN,
        "Net Income": 50
    },
    "2019-03-31": {
        "Diluted EPS": 0.79,
        "Total Revenue": 160,
        "Gross Profit": 146,
        "Operating Income": 65,
        "EBIT": NaN,
        "Net Income": 52
    },
    "2018-12-31": {
        "Diluted EPS": 0.88,
        "Total Revenue": 162,
        "Gross Profit": 148,
        "Operating Income": 73,
        "EBIT": NaN,
        "Net Income": 59
    },
    "2018-09-30": {
        "Diluted EPS": 0.77,
        "Total Revenue": 161,
        "Gross Profit": 147,
        "Operating Income": 65,
        "EBIT": NaN,
        "Net Income": 51
    },
    "2018-06-30": {
        "Diluted EPS": 0.79,
        "Total Revenue": 157,
        "Gross Profit": 145,
        "Operating Income": 67,
        "EBIT": NaN,
        "Net Income": 53
    },
    "2018-03-31": {
        "Diluted EPS": 0.8,
        "Total Revenue": 150,
        "Gross Profit": 138,
        "Operating Income": 68,
        "EBIT": NaN,
        "Net Income": 53
    },
    "2017-12-31": {
        "Diluted EPS": 0.68,
        "Total Revenue": 145,
        "Gross Profit": 135,
        "Operating Income": 60,
        "EBIT": NaN,
        "Net Income": 45
    },
    "2017-09-30": {
        "Diluted EPS": 0.59,
        "Total Revenue": 148,
        "Gross Profit": 138,
        "Operating Income": 60,
        "EBIT": NaN,
        "Net Income": 40
    },
    "2017-06-30": {
        "Diluted EPS": 0.61,
        "Total Revenue": 137,
        "Gross Profit": 128,
        "Operating Income": 54,
        "EBIT": NaN,
        "Net Income": 41
    },
    "2017-03-31": {
        "Diluted EPS": 0.48,
        "Total Revenue": 135,
        "Gross Profit": 125,
        "Operating Income": 48,
        "EBIT": NaN,
        "Net Income": 32
    },
    "2016-12-31": {
        "Diluted EPS": 0.53,
        "Total Revenue": 140,
        "Gross Profit": 130,
        "Operating Income": 52,
        "EBIT": NaN,
        "Net Income": 35
    },
    "2016-09-30": {
        "Diluted EPS": 0.54,
        "Total Revenue": 137,
        "Gross Profit": 126,
        "Operating Income": 51,
        "EBIT": NaN,
        "Net Income": 36
    },
    "2016-06-30": {
        "Diluted EPS": 0.45,
        "Total Revenue": 135,
        "Gross Profit": 123,
        "Operating Income": 44,
        "EBIT": NaN,
        "Net Income": 30
    },
    "2016-03-31": {
        "Diluted EPS": 0.5,
        "Total Revenue": 138,
        "Gross Profit": 127,
        "Operating Income": 50,
        "EBIT": NaN,
        "Net Income": 33
    },
    "2015-12-31": {
        "Diluted EPS": 0.52,
        "Total Revenue": 134,
        "Gross Profit": 123,
        "Operating Income": 52,
        "EBIT": NaN,
        "Net Income": 35
    },
    "2015-09-30": {
        "Diluted EPS": 0.48,
        "Total Revenue": 144,
        "Gross Profit": 133,
        "Operating Income": 49,
        "EBIT": NaN,
        "Net Income": 32
    },
    "2015-06-30": {
        "Diluted EPS": 0.51,
        "Total Revenue": 139,
        "Gross Profit": 128,
        "Operating Income": 52,
        "EBIT": NaN,
        "Net Income": 34
    },
    "2015-03-31": {
        "Diluted EPS": 0.54,
        "Total Revenue": 136,
        "Gross Profit": 125,
        "Operating Income": 55,
        "EBIT": NaN,
        "Net Income": 36
    },
    "2014-12-31": {
        "Diluted EPS": 0.57,
        "Total Revenue": 141,
        "Gross Profit": 129,
        "Operating Income": 59,
        "EBIT": NaN,
        "Net Income": 39
    },
    "2014-09-30": {
        "Diluted EPS": 0.5,
        "Total Revenue": 134,
        "Gross Profit": 123,
        "Operating Income": 50,
        "EBIT": NaN,
        "Net Income": 33
    },
    "2014-06-30": {
        "Diluted EPS": 0.56,
        "Total Revenue": 141,
        "Gross Profit": 129,
        "Operating Income": 57,
        "EBIT": NaN,
        "Net Income": 38
    },
    "2014-03-31": {
        "Diluted EPS": 0.65,
        "Total Revenue": 156,
        "Gross Profit": 144,
        "Operating Income": 64,
        "EBIT": NaN,
        "Net Income": 44
    },
    "2013-12-31": {
        "Diluted EPS": 0.58,
        "Total Revenue": 143,
        "Gross Profit": 130,
        "Operating Income": 57,
        "EBIT": NaN,
        "Net Income": 39
    },
    "2013-09-30": {
        "Diluted EPS": 0.47,
        "Total Revenue": 136,
        "Gross Profit": 123,
        "Operating Income": 48,
        "EBIT": NaN,
        "Net Income": 32
    },
    "2013-06-30": {
        "Diluted EPS": 0.41,
        "Total Revenue": 133,
        "Gross Profit": 119,
        "Operating Income": 42,
        "EBIT": NaN,
        "Net Income": 28
    },
    "2013-03-31": {
        "Diluted EPS": 0.42,
        "Total Revenue": 140,
        "Gross Profit": 126,
        "Operating Income": 38,
        "EBIT": NaN,
        "Net Income": 28
    },
    "2012-12-31": {
        "Diluted EPS": 0.33,
        "Total Revenue": 135,
        "Gross Profit": 119,
        "Operating Income": 39,
        "EBIT": NaN,
        "Net Income": 22
    },
    "2012-09-30": {
        "Diluted EPS": 0.33,
        "Total Revenue": 168,
        "Gross Profit": 150,
        "Operating Income": 39,
        "EBIT": NaN,
        "Net Income": 22
    },
    "2012-06-30": {
        "Diluted EPS": 0.31,
        "Total Revenue": 135,
        "Gross Profit": 114,
        "Operating Income": 36,
        "EBIT": NaN,
        "Net Income": 21
    },
    "2012-03-31": {
        "Diluted EPS": 0.42,
        "Total Revenue": 139,
        "Gross Profit": 118,
        "Operating Income": 45,
        "EBIT": NaN,
        "Net Income": 28
    },
    "2011-12-31": {
        "Diluted EPS": 0.41,
        "Total Revenue": 154,
        "Gross Profit": 132,
        "Operating Income": 46,
        "EBIT": NaN,
        "Net Income": 27
    },
    "2011-09-30": {
        "Diluted EPS": 0.4,
        "Total Revenue": 155,
        "Gross Profit": 132,
        "Operating Income": 46,
        "EBIT": NaN,
        "Net Income": 27
    },
    "2011-06-30": {
        "Diluted EPS": 0.43,
        "Total Revenue": 156,
        "Gross Profit": 131,
        "Operating Income": 49,
        "EBIT": NaN,
        "Net Income": 29
    },
    "2011-03-31": {
        "Diluted EPS": 0.45,
        "Total Revenue": 156,
        "Gross Profit": 130,
        "Operating Income": 51,
        "EBIT": NaN,
        "Net Income": 30
    },
    "2010-12-31": {
        "Diluted EPS": 0.4,
        "Total Revenue": 163,
        "Gross Profit": 136,
        "Operating Income": 54,
        "EBIT": NaN,
        "Net Income": 27
    },
    "2010-09-30": {
        "Diluted EPS": 0.45,
        "Total Revenue": 161,
        "Gross Profit": 133,
        "Operating Income": 48,
        "EBIT": NaN,
        "Net Income": 30
    },
    "2010-06-30": {
        "Diluted EPS": 0.45,
        "Total Revenue": 162,
        "Gross Profit": 133,
        "Operating Income": 52,
        "EBIT": NaN,
        "Net Income": 31
    },
    "2010-03-31": {
        "Diluted EPS": 0.42,
        "Total Revenue": 191,
        "Gross Profit": 161,
        "Operating Income": 56,
        "EBIT": NaN,
        "Net Income": 29
    },
    "2009-12-31": {
        "Diluted EPS": 0.5,
        "Total Revenue": 178,
        "Gross Profit": 147,
        "Operating Income": 59,
        "EBIT": NaN,
        "Net Income": 34
    },
    "2009-09-30": {
        "Diluted EPS": 0.49,
        "Total Revenue": 178,
        "Gross Profit": 145,
        "Operating Income": 56,
        "EBIT": NaN,
        "Net Income": 34
    },
    "2009-06-30": {
        "Diluted EPS": 0.41,
        "Total Revenue": 190,
        "Gross Profit": 156,
        "Operating Income": 48,
        "EBIT": NaN,
        "Net Income": 28
    },
    "2009-03-31": {
        "Diluted EPS": 0.5,
        "Total Revenue": 182,
        "Gross Profit": 140,
        "Operating Income": 58,
        "EBIT": NaN,
        "Net Income": 34
    },
    "2023-09-30": {
        "Tax Effect Of Unusual Items": 0.0,
        "Tax Rate For Calcs": 0.211948,
        "Net Income From Continuing Operation Net Minority Interest": 103264000.0,
        "Reconciled Depreciation": 5488000.0,
        "Net Interest Income": 167328000.0,
        "Interest Expense": 36847000.0,
        "Interest Income": 204175000.0,
        "Normalized Income": 103264000.0,
        "Net Income From Continuing And Discontinued Operation": 103264000.0,
        "Diluted Average Shares": 62653563.0,
        "Basic Average Shares": 62653563.0,
        "Diluted EPS": 1.66,
        "Basic EPS": 1.66,
        "Diluted NI Availto Com Stockholders": 103264000.0,
        "Net Income Common Stockholders": 103264000.0,
        "Net Income": 103264000.0,
        "Net Income Including Noncontrolling Interests": 103264000.0,
        "Net Income Continuous Operations": 103264000.0,
        "Tax Provision": 27773000.0,
        "Pretax Income": 131037000.0,
        "Gain On Sale Of Security": 3595000.0,
        "Depreciation Amortization Depletion Income Statement": 5488000.0,
        "Depreciation And Amortization In Income Statement": 5488000.0,
        "Depreciation Income Statement": 5488000.0,
        "Selling General And Administration": 37877000.0,
        "Selling And Marketing Expense": 1360000.0,
        "General And Administrative Expense": 36517000.0,
        "Insurance And Claims": 1744000.0,
        "Salaries And Wages": 34773000.0,
        "Total Revenue": 212713000.0,
        "Operating Revenue": 212713000.0,
        "Occupancy And Equipment": 11349000.0,
        "Professional Expense And Contract Services Expense": 4123000.0,
        "Other Non Interest Expense": 12363000.0
    },
    "2023-12-31": {
        "Tax Effect Of Unusual Items": 0.0,
        "Tax Rate For Calcs": 0.216308,
        "Net Income From Continuing Operation Net Minority Interest": 106376000.0,
        "Reconciled Depreciation": 5582000.0,
        "Net Interest Income": 164533000.0,
        "Interest Expense": 45181000.0,
        "Interest Income": 209714000.0,
        "Normalized Income": 106376000.0,
        "Net Income From Continuing And Discontinued Operation": 106376000.0,
        "Diluted Average Shares": NaN,
        "Basic Average Shares": NaN,
        "Diluted EPS": NaN,
        "Basic EPS": NaN,
        "Diluted NI Availto Com Stockholders": 106376000.0,
        "Net Income Common Stockholders": 106376000.0,
        "Net Income": 106376000.0,
        "Net Income Including Noncontrolling Interests": 106376000.0,
        "Net Income Continuous Operations": 106376000.0,
        "Tax Provision": 29361000.0,
        "Pretax Income": 135737000.0,
        "Gain On Sale Of Security": 5948000.0,
        "Depreciation Amortization Depletion Income Statement": 5582000.0,
        "Depreciation And Amortization In Income Statement": 5582000.0,
        "Depreciation Income Statement": 5582000.0,
        "Selling General And Administration": 33322000.0,
        "Selling And Marketing Expense": 1097000.0,
        "General And Administrative Expense": 32225000.0,
        "Insurance And Claims": -1290000.0,
        "Salaries And Wages": 33515000.0,
        "Total Revenue": 211025000.0,
        "Operating Revenue": 211025000.0,
        "Occupancy And Equipment": 12302000.0,
        "Professional Expense And Contract Services Expense": 2949000.0,
        "Other Non Interest Expense": 14436000.0
    },
    "2024-03-31": {
        "Tax Effect Of Unusual Items": 0.0,
        "Tax Rate For Calcs": 0.210162,
        "Net Income From Continuing Operation Net Minority Interest": 97331000.0,
        "Reconciled Depreciation": 5629000.0,
        "Net Interest Income": 163608000.0,
        "Interest Expense": 48481000.0,
        "Interest Income": 212089000.0,
        "Normalized Income": 97331000.0,
        "Net Income From Continuing And Discontinued Operation": 97331000.0,
        "Diluted Average Shares": 62267293.0,
        "Basic Average Shares": 62150378.0,
        "Diluted EPS": 1.56,
        "Basic EPS": 1.57,
        "Diluted NI Availto Com Stockholders": 97331000.0,
        "Net Income Common Stockholders": 97331000.0,
        "Net Income": 97331000.0,
        "Net Income Including Noncontrolling Interests": 97331000.0,
        "Net Income Continuous Operations": 97331000.0,
        "Tax Provision": 25898000.0,
        "Pretax Income": 123229000.0,
        "Gain On Sale Of Security": 1623000.0,
        "Depreciation Amortization Depletion Income Statement": 5629000.0,
        "Depreciation And Amortization In Income Statement": 5629000.0,
        "Depreciation Income Statement": 5629000.0,
        "Selling General And Administration": 39386000.0,
        "Selling And Marketing Expense": 1820000.0,
        "General And Administrative Expense": 37566000.0,
        "Insurance And Claims": 1699000.0,
        "Salaries And Wages": 35867000.0,
        "Total Revenue": 205850000.0,
        "Operating Revenue": 205850000.0,
        "Occupancy And Equipment": 10989000.0,
        "Professional Expense And Contract Services Expense": 3691000.0,
        "Other Non Interest Expense": 9948000.0
    },
    "2024-06-30": {
        "Tax Effect Of Unusual Items": 0.0,
        "Tax Rate For Calcs": 0.223365,
        "Net Income From Continuing Operation Net Minority Interest": 96980000.0,
        "Reconciled Depreciation": 5715000.0,
        "Net Interest Income": 164231000.0,
        "Interest Expense": 51441000.0,
        "Interest Income": 215672000.0,
        "Normalized Income": 96980000.0,
        "Net Income From Continuing And Discontinued Operation": 96980000.0,
        "Diluted Average Shares": 62292058.0,
        "Basic Average Shares": 62177215.0,
        "Diluted EPS": 1.56,
        "Basic EPS": 1.56,
        "Diluted NI Availto Com Stockholders": 96980000.0,
        "Net Income Common Stockholders": 96980000.0,
        "Net Income": 96980000.0,
        "Net Income Including Noncontrolling Interests": 96980000.0,
        "Net Income Continuous Operations": 96980000.0,
        "Tax Provision": 27892000.0,
        "Pretax Income": 124872000.0,
        "Gain On Sale Of Security": 3049000.0,
        "Depreciation Amortization Depletion Income Statement": 5715000.0,
        "Depreciation And Amortization In Income Statement": 5715000.0,
        "Depreciation Income Statement": 5715000.0,
        "Selling General And Administration": 38787000.0,
        "Selling And Marketing Expense": 1462000.0,
        "General And Administrative Expense": 37325000.0,
        "Insurance And Claims": 1696000.0,
        "Salaries And Wages": 35629000.0,
        "Total Revenue": 207751000.0,
        "Operating Revenue": 207751000.0,
        "Occupancy And Equipment": 12337000.0,
        "Professional Expense And Contract Services Expense": 4212000.0,
        "Other Non Interest Expense": 13057000.0
    }
}