{
    "2023-03-31": {
        "Tax Effect Of Unusual Items": 0.0,
        "Tax Rate For Calcs": 0.268,
        "Normalized EBITDA": 108300000.0,
        "Net Income From Continuing Operation Net Minority Interest": 49300000.0,
        "Reconciled Depreciation": 31200000.0,
        "Reconciled Cost Of Revenue": 429100000.0,
        "EBITDA": 108300000.0,
        "EBIT": 77100000.0,
        "Net Interest Income": -9700000.0,
        "Interest Expense": 9700000.0,
        "Normalized Income": 49300000.0,
        "Net Income From Continuing And Discontinued Operation": 49300000.0,
        "Total Expenses": 582400000.0,
        "Total Operating Income As Reported": 76900000.0,
        "Diluted Average Shares": 28278220.0,
        "Basic Average Shares": 28075678.0,
        "Diluted EPS": 1.74,
        "Basic EPS": 1.76,
        "Diluted NI Availto Com Stockholders": 49300000.0,
        "Net Income Common Stockholders": 49300000.0,
        "Net Income": 49300000.0,
        "Net Income Including Noncontrolling Interests": 49300000.0,
        "Net Income Continuous Operations": 49300000.0,
        "Tax Provision": 18100000.0,
        "Pretax Income": 67400000.0,
        "Other Income Expense": 200000.0,
        "Other Non Operating Income Expenses": 200000.0,
        "Net Non Operating Interest Income Expense": -9700000.0,
        "Interest Expense Non Operating": 9700000.0,
        "Operating Income": 76900000.0,
        "Operating Expense": 133500000.0,
        "Depreciation Amortization Depletion Income Statement": 11400000.0,
        "Depreciation And Amortization In Income Statement": 11400000.0,
        "Amortization": 11400000.0,
        "Amortization Of Intangibles Income Statement": 11400000.0,
        "Selling General And Administration": 122100000.0,
        "Selling And Marketing Expense": 32600000.0,
        "General And Administrative Expense": 89500000.0,
        "Other Gand A": 89500000.0,
        "Gross Profit": 210400000.0,
        "Cost Of Revenue": 448900000.0,
        "Total Revenue": 659300000.0,
        "Operating Revenue": 622700000.0
    },
    "2022-12-31": {
        "Tax Effect Of Unusual Items": NaN,
        "Tax Rate For Calcs": NaN,
        "Normalized EBITDA": NaN,
        "Net Income From Continuing Operation Net Minority Interest": NaN,
        "Reconciled Depreciation": NaN,
        "Reconciled Cost Of Revenue": NaN,
        "EBITDA": NaN,
        "EBIT": NaN,
        "Net Interest Income": NaN,
        "Interest Expense": NaN,
        "Normalized Income": NaN,
        "Net Income From Continuing And Discontinued Operation": NaN,
        "Total Expenses": NaN,
        "Total Operating Income As Reported": NaN,
        "Diluted Average Shares": 28420902.0,
        "Basic Average Shares": 28282922.0,
        "Diluted EPS": 2.42,
        "Basic EPS": 2.43,
        "Diluted NI Availto Com Stockholders": NaN,
        "Net Income Common Stockholders": NaN,
        "Net Income": NaN,
        "Net Income Including Noncontrolling Interests": NaN,
        "Net Income Continuous Operations": NaN,
        "Tax Provision": NaN,
        "Pretax Income": NaN,
        "Other Income Expense": NaN,
        "Other Non Operating Income Expenses": NaN,
        "Net Non Operating Interest Income Expense": NaN,
        "Interest Expense Non Operating": NaN,
        "Operating Income": NaN,
        "Operating Expense": NaN,
        "Depreciation Amortization Depletion Income Statement": NaN,
        "Depreciation And Amortization In Income Statement": NaN,
        "Amortization": NaN,
        "Amortization Of Intangibles Income Statement": NaN,
        "Selling General And Administration": NaN,
        "Selling And Marketing Expense": NaN,
        "General And Administrative Expense": NaN,
        "Other Gand A": NaN,
        "Gross Profit": NaN,
        "Cost Of Revenue": NaN,
        "Total Revenue": NaN,
        "Operating Revenue": NaN
    },
    "2022-09-30": {
        "Tax Effect Of Unusual Items": 0.0,
        "Tax Rate For Calcs": 0.266,
        "Normalized EBITDA": 123695000.0,
        "Total Unusual Items": NaN,
        "Total Unusual Items Excluding Goodwill": NaN,
        "Net Income From Continuing Operation Net Minority Interest": 60978000.0,
        "Reconciled Depreciation": 29969000.0,
        "Reconciled Cost Of Revenue": 479238000.0,
        "EBITDA": 123695000.0,
        "EBIT": 93726000.0,
        "Net Interest Income": -10668000.0,
        "Interest Expense": 10668000.0,
        "Normalized Income": 60978000.0,
        "Net Income From Continuing And Discontinued Operation": 60978000.0,
        "Total Expenses": 625203000.0,
        "Total Operating Income As Reported": 93911000.0,
        "Diluted Average Shares": 28595707.0,
        "Basic Average Shares": 28478954.0,
        "Diluted EPS": 2.13,
        "Basic EPS": 2.14,
        "Diluted NI Availto Com Stockholders": 60978000.0,
        "Net Income Common Stockholders": 60978000.0,
        "Net Income": 60978000.0,
        "Net Income Including Noncontrolling Interests": 60978000.0,
        "Net Income Continuous Operations": 60978000.0,
        "Tax Provision": 22080000.0,
        "Pretax Income": 83058000.0,
        "Other Income Expense": -185000.0,
        "Other Non Operating Income Expenses": -185000.0,
        "Special Income Charges": NaN,
        "Restructuring And Mergern Acquisition": NaN,
        "Net Non Operating Interest Income Expense": -10668000.0,
        "Interest Expense Non Operating": 10668000.0,
        "Operating Income": 93911000.0,
        "Operating Expense": 127366000.0,
        "Depreciation Amortization Depletion Income Statement": 11370000.0,
        "Depreciation And Amortization In Income Statement": 11370000.0,
        "Amortization": 11370000.0,
        "Amortization Of Intangibles Income Statement": 11370000.0,
        "Selling General And Administration": 115996000.0,
        "Selling And Marketing Expense": 31651000.0,
        "General And Administrative Expense": 84345000.0,
        "Other Gand A": 84345000.0,
        "Gross Profit": 221277000.0,
        "Cost Of Revenue": 497837000.0,
        "Total Revenue": 719114000.0,
        "Operating Revenue": 672916000.0
    },
    "2022-06-30": {
        "Tax Effect Of Unusual Items": 0.0,
        "Tax Rate For Calcs": 0.263,
        "Normalized EBITDA": 121626000.0,
        "Total Unusual Items": NaN,
        "Total Unusual Items Excluding Goodwill": NaN,
        "Net Income From Continuing Operation Net Minority Interest": 59904000.0,
        "Reconciled Depreciation": 29947000.0,
        "Reconciled Cost Of Revenue": 441354000.0,
        "EBITDA": 121626000.0,
        "EBIT": 91679000.0,
        "Net Interest Income": -10401000.0,
        "Interest Expense": 10401000.0,
        "Normalized Income": 59904000.0,
        "Net Income From Continuing And Discontinued Operation": 59904000.0,
        "Total Expenses": 584702000.0,
        "Total Operating Income As Reported": 92047000.0,
        "Diluted Average Shares": 28894140.0,
        "Basic Average Shares": 28781866.0,
        "Diluted EPS": 2.07,
        "Basic EPS": 2.08,
        "Diluted NI Availto Com Stockholders": 59904000.0,
        "Net Income Common Stockholders": 59904000.0,
        "Net Income": 59904000.0,
        "Net Income Including Noncontrolling Interests": 59904000.0,
        "Net Income Continuous Operations": 59904000.0,
        "Tax Provision": 21374000.0,
        "Pretax Income": 81278000.0,
        "Other Income Expense": -368000.0,
        "Other Non Operating Income Expenses": -368000.0,
        "Special Income Charges": NaN,
        "Restructuring And Mergern Acquisition": NaN,
        "Net Non Operating Interest Income Expense": -10401000.0,
        "Interest Expense Non Operating": 10401000.0,
        "Operating Income": 92047000.0,
        "Operating Expense": 124662000.0,
        "Depreciation Amortization Depletion Income Statement": 11261000.0,
        "Depreciation And Amortization In Income Statement": 11261000.0,
        "Amortization": 11261000.0,
        "Amortization Of Intangibles Income Statement": 11261000.0,
        "Selling General And Administration": 113401000.0,
        "Selling And Marketing Expense": 29371000.0,
        "General And Administrative Expense": 84030000.0,
        "Other Gand A": 84030000.0,
        "Gross Profit": 216709000.0,
        "Cost Of Revenue": 460040000.0,
        "Total Revenue": 676749000.0,
        "Operating Revenue": 637998000.0
    },
    "2023-06-30": {
        "Tax Effect Of Unusual Items": 0.0,
        "Tax Rate For Calcs": 0.255,
        "Normalized EBITDA": 123872000.0,
        "Net Income From Continuing Operation Net Minority Interest": 61597000.0,
        "Reconciled Depreciation": 31353000.0,
        "Reconciled Cost Of Revenue": 439528000.0,
        "EBITDA": 123872000.0,
        "EBIT": 92519000.0,
        "Net Interest Income": -9828000.0,
        "Interest Expense": 9828000.0,
        "Normalized Income": 61597000.0,
        "Net Income From Continuing And Discontinued Operation": 61597000.0,
        "Total Expenses": 599767000.0,
        "Total Operating Income As Reported": 92333000.0,
        "Diluted Average Shares": 28273334.0,
        "Basic Average Shares": 28174279.0,
        "Diluted EPS": 2.18,
        "Basic EPS": 2.19,
        "Diluted NI Availto Com Stockholders": 61597000.0,
        "Net Income Common Stockholders": 61597000.0,
        "Net Income": 61597000.0,
        "Net Income Including Noncontrolling Interests": 61597000.0,
        "Net Income Continuous Operations": 61597000.0,
        "Tax Provision": 21094000.0,
        "Pretax Income": 82691000.0,
        "Other Income Expense": 186000.0,
        "Other Non Operating Income Expenses": 186000.0,
        "Net Non Operating Interest Income Expense": -9828000.0,
        "Interest Expense Non Operating": 9828000.0,
        "Operating Income": 92333000.0,
        "Operating Expense": 140142000.0,
        "Depreciation Amortization Depletion Income Statement": 11256000.0,
        "Depreciation And Amortization In Income Statement": 11256000.0,
        "Amortization": 11256000.0,
        "Amortization Of Intangibles Income Statement": 11256000.0,
        "Selling General And Administration": 128886000.0,
        "Selling And Marketing Expense": 32902000.0,
        "General And Administrative Expense": 95984000.0,
        "Other Gand A": 95984000.0,
        "Gross Profit": 232475000.0,
        "Cost Of Revenue": 459625000.0,
        "Total Revenue": 692100000.0,
        "Operating Revenue": 651865000.0
    },
    "2022-03-31": {
        "Diluted EPS": 1.14,
        "Total Revenue": 587,
        "Gross Profit": 172,
        "Operating Income": 57,
        "EBIT": 86,
        "Net Income": 34
    },
    "2021-12-31": {
        "Diluted EPS": 0.99,
        "Total Revenue": 534,
        "Gross Profit": 156,
        "Operating Income": 49,
        "EBIT": 76,
        "Net Income": 29
    },
    "2021-09-30": {
        "Diluted EPS": 1.18,
        "Total Revenue": 510,
        "Gross Profit": 156,
        "Operating Income": 54,
        "EBIT": 79,
        "Net Income": 35
    },
    "2021-06-30": {
        "Diluted EPS": 1.26,
        "Total Revenue": 488,
        "Gross Profit": 152,
        "Operating Income": 54,
        "EBIT": 80,
        "Net Income": 37
    },
    "2021-03-31": {
        "Diluted EPS": 0.58,
        "Total Revenue": 437,
        "Gross Profit": 125,
        "Operating Income": 31,
        "EBIT": 56,
        "Net Income": 17
    },
    "2020-12-31": {
        "Diluted EPS": 0.93,
        "Total Revenue": 441,
        "Gross Profit": 135,
        "Operating Income": 45,
        "EBIT": 68,
        "Net Income": 28
    },
    "2020-09-30": {
        "Diluted EPS": 0.95,
        "Total Revenue": 420,
        "Gross Profit": 132,
        "Operating Income": 46,
        "EBIT": 68,
        "Net Income": 28
    },
    "2020-06-30": {
        "Diluted EPS": 0.86,
        "Total Revenue": 394,
        "Gross Profit": 127,
        "Operating Income": 42,
        "EBIT": 64,
        "Net Income": 25
    },
    "2020-03-31": {
        "Diluted EPS": 0.53,
        "Total Revenue": 397,
        "Gross Profit": 116,
        "Operating Income": 29,
        "EBIT": 51,
        "Net Income": 16
    },
    "2019-12-31": {
        "Diluted EPS": 0.64,
        "Total Revenue": 401,
        "Gross Profit": 120,
        "Operating Income": 35,
        "EBIT": 56,
        "Net Income": 19
    },
    "2019-09-30": {
        "Diluted EPS": 0.71,
        "Total Revenue": 396,
        "Gross Profit": 118,
        "Operating Income": 37,
        "EBIT": 58,
        "Net Income": 21
    },
    "2019-06-30": {
        "Diluted EPS": 0.63,
        "Total Revenue": 372,
        "Gross Profit": 107,
        "Operating Income": 31,
        "EBIT": 50,
        "Net Income": 19
    },
    "2019-03-31": {
        "Diluted EPS": 0.3,
        "Total Revenue": 342,
        "Gross Profit": 89,
        "Operating Income": 18,
        "EBIT": 37,
        "Net Income": 9
    },
    "2018-12-31": {
        "Diluted EPS": 0.53,
        "Total Revenue": 353,
        "Gross Profit": 99,
        "Operating Income": 27,
        "EBIT": 42,
        "Net Income": 16
    },
    "2018-09-30": {
        "Diluted EPS": 0.5,
        "Total Revenue": 349,
        "Gross Profit": 97,
        "Operating Income": 26,
        "EBIT": 40,
        "Net Income": 16
    },
    "2018-06-30": {
        "Diluted EPS": 0.52,
        "Total Revenue": 333,
        "Gross Profit": 96,
        "Operating Income": 27,
        "EBIT": 43,
        "Net Income": 16
    },
    "2018-03-31": {
        "Diluted EPS": 0.2,
        "Total Revenue": 302,
        "Gross Profit": 80,
        "Operating Income": 13,
        "EBIT": 28,
        "Net Income": 6
    },
    "2017-12-31": {
        "Diluted EPS": 0.34,
        "Total Revenue": 300,
        "Gross Profit": 81,
        "Operating Income": 17,
        "EBIT": 32,
        "Net Income": 11
    },
    "2017-09-30": {
        "Diluted EPS": 0.38,
        "Total Revenue": 295,
        "Gross Profit": 86,
        "Operating Income": 22,
        "EBIT": 37,
        "Net Income": 12
    },
    "2017-06-30": {
        "Diluted EPS": 0.38,
        "Total Revenue": 282,
        "Gross Profit": 85,
        "Operating Income": 23,
        "EBIT": 37,
        "Net Income": 12
    },
    "2017-03-31": {
        "Diluted EPS": 0.2,
        "Total Revenue": 256,
        "Gross Profit": 72,
        "Operating Income": 12,
        "EBIT": 26,
        "Net Income": 6
    },
    "2016-12-31": {
        "Diluted EPS": 0.35,
        "Total Revenue": 234,
        "Gross Profit": 68,
        "Operating Income": 19,
        "EBIT": 29,
        "Net Income": 11
    },
    "2016-09-30": {
        "Diluted EPS": 0.37,
        "Total Revenue": 225,
        "Gross Profit": 67,
        "Operating Income": 20,
        "EBIT": 29,
        "Net Income": 12
    },
    "2016-06-30": {
        "Diluted EPS": 0.32,
        "Total Revenue": 212,
        "Gross Profit": 62,
        "Operating Income": 17,
        "EBIT": 25,
        "Net Income": 10
    },
    "2016-03-31": {
        "Diluted EPS": 0.19,
        "Total Revenue": 192,
        "Gross Profit": 55,
        "Operating Income": 11,
        "EBIT": 19,
        "Net Income": 6
    },
    "2015-12-31": {
        "Diluted EPS": 0.3,
        "Total Revenue": 191,
        "Gross Profit": 54,
        "Operating Income": 15,
        "EBIT": 22,
        "Net Income": 9
    },
    "2015-09-30": {
        "Diluted EPS": 0.3,
        "Total Revenue": 182,
        "Gross Profit": 53,
        "Operating Income": 15,
        "EBIT": 22,
        "Net Income": 9
    },
    "2015-06-30": {
        "Diluted EPS": 0.21,
        "Total Revenue": 160,
        "Gross Profit": 46,
        "Operating Income": 11,
        "EBIT": 17,
        "Net Income": 7
    },
    "2015-03-31": {
        "Diluted EPS": 0.04,
        "Total Revenue": 130,
        "Gross Profit": 34,
        "Operating Income": 3,
        "EBIT": 7,
        "Net Income": 1
    },
    "2014-12-31": {
        "Diluted EPS": 0.3,
        "Total Revenue": 145,
        "Gross Profit": 39,
        "Operating Income": 9,
        "EBIT": 14,
        "Net Income": 5
    },
    "2014-09-30": {
        "Diluted EPS": 0.19,
        "Total Revenue": 140,
        "Gross Profit": 40,
        "Operating Income": 11,
        "EBIT": 15,
        "Net Income": 6
    },
    "2014-06-30": {
        "Diluted EPS": 0.07,
        "Total Revenue": 126,
        "Gross Profit": 35,
        "Operating Income": 5,
        "EBIT": 8,
        "Net Income": 2
    },
    "2014-03-31": {
        "Diluted EPS": -0.76,
        "Total Revenue": 106,
        "Gross Profit": 26,
        "Operating Income": 1,
        "EBIT": 4,
        "Net Income": -20
    },
    "2013-12-31": {
        "Diluted EPS": 0.03,
        "Total Revenue": 119,
        "Gross Profit": 31,
        "Operating Income": 5,
        "EBIT": 5,
        "Net Income": 2
    },
    "2013-09-30": {
        "Diluted EPS": 0.06,
        "Total Revenue": 116,
        "Gross Profit": 30,
        "Operating Income": 6,
        "EBIT": 6,
        "Net Income": 1
    },
    "2013-06-30": {
        "Diluted EPS": -0.02,
        "Total Revenue": 105,
        "Gross Profit": 26,
        "Operating Income": 2,
        "EBIT": 2,
        "Net Income": 0
    },
    "2013-03-31": {
        "Diluted EPS": -0.09,
        "Total Revenue": 92,
        "Gross Profit": 22,
        "Operating Income": 0,
        "EBIT": 0,
        "Net Income": -2
    },
    "2012-12-31": {
        "Diluted EPS": 0.0,
        "Total Revenue": NaN,
        "Gross Profit": NaN,
        "Operating Income": NaN,
        "EBIT": NaN,
        "Net Income": NaN
    },
    "2011-12-31": {
        "Diluted EPS": 0.0,
        "Total Revenue": NaN,
        "Gross Profit": NaN,
        "Operating Income": NaN,
        "EBIT": NaN,
        "Net Income": NaN
    },
    "2023-09-30": {
        "Tax Effect Of Unusual Items": 0.0,
        "Tax Rate For Calcs": 0.267,
        "Normalized EBITDA": 134100000.0,
        "Net Income From Continuing Operation Net Minority Interest": 67992000.0,
        "Reconciled Depreciation": 31587000.0,
        "Reconciled Cost Of Revenue": 443815000.0,
        "EBITDA": 134100000.0,
        "EBIT": 102513000.0,
        "Net Interest Income": -9718000.0,
        "Interest Expense": 9718000.0,
        "Normalized Income": 67992000.0,
        "Net Income From Continuing And Discontinued Operation": 67992000.0,
        "Total Expenses": 604157000.0,
        "Total Operating Income As Reported": 102308000.0,
        "Diluted Average Shares": 28318633.0,
        "Basic Average Shares": 28204328.0,
        "Diluted EPS": 2.4,
        "Basic EPS": 2.41,
        "Diluted NI Availto Com Stockholders": 67992000.0,
        "Net Income Common Stockholders": 67992000.0,
        "Net Income": 67992000.0,
        "Net Income Including Noncontrolling Interests": 67992000.0,
        "Net Income Continuous Operations": 67992000.0,
        "Tax Provision": 24803000.0,
        "Pretax Income": 92795000.0,
        "Other Income Expense": 205000.0,
        "Other Non Operating Income Expenses": 205000.0,
        "Net Non Operating Interest Income Expense": -9718000.0,
        "Interest Expense Non Operating": 9718000.0,
        "Operating Income": 102308000.0,
        "Operating Expense": 139786000.0,
        "Depreciation Amortization Depletion Income Statement": 11031000.0,
        "Depreciation And Amortization In Income Statement": 11031000.0,
        "Amortization": 11031000.0,
        "Amortization Of Intangibles Income Statement": 11031000.0,
        "Selling General And Administration": 128755000.0,
        "Selling And Marketing Expense": 31966000.0,
        "General And Administrative Expense": 96789000.0,
        "Other Gand A": 96789000.0,
        "Gross Profit": 242094000.0,
        "Cost Of Revenue": 464371000.0,
        "Total Revenue": 706465000.0,
        "Operating Revenue": 661191000.0
    },
    "2023-12-31": {
        "Tax Effect Of Unusual Items": 0.0,
        "Tax Rate For Calcs": 0.281624,
        "Normalized EBITDA": 129599000.0,
        "Net Income From Continuing Operation Net Minority Interest": 64837000.0,
        "Reconciled Depreciation": 31560000.0,
        "Reconciled Cost Of Revenue": 454235000.0,
        "EBITDA": 129599000.0,
        "EBIT": 98039000.0,
        "Net Interest Income": -7784000.0,
        "Interest Expense": 7784000.0,
        "Normalized Income": 64837000.0,
        "Net Income From Continuing And Discontinued Operation": 64837000.0,
        "Total Expenses": 623143000.0,
        "Total Operating Income As Reported": 97583000.0,
        "Diluted Average Shares": NaN,
        "Basic Average Shares": NaN,
        "Diluted EPS": NaN,
        "Basic EPS": NaN,
        "Diluted NI Availto Com Stockholders": 64837000.0,
        "Net Income Common Stockholders": 64837000.0,
        "Net Income": 64837000.0,
        "Net Income Including Noncontrolling Interests": 64837000.0,
        "Net Income Continuous Operations": 64837000.0,
        "Tax Provision": 25418000.0,
        "Pretax Income": 90255000.0,
        "Other Income Expense": 456000.0,
        "Other Non Operating Income Expenses": 456000.0,
        "Net Non Operating Interest Income Expense": -7784000.0,
        "Interest Expense Non Operating": 7784000.0,
        "Operating Income": 97583000.0,
        "Operating Expense": 148126000.0,
        "Depreciation Amortization Depletion Income Statement": 10778000.0,
        "Depreciation And Amortization In Income Statement": 10778000.0,
        "Amortization": 10778000.0,
        "Amortization Of Intangibles Income Statement": 10778000.0,
        "Selling General And Administration": 137348000.0,
        "Selling And Marketing Expense": 34325000.0,
        "General And Administrative Expense": 103023000.0,
        "Other Gand A": 103023000.0,
        "Gross Profit": 245709000.0,
        "Cost Of Revenue": 475017000.0,
        "Total Revenue": 720726000.0,
        "Operating Revenue": 669801000.0
    },
    "2024-03-31": {
        "Tax Effect Of Unusual Items": 0.0,
        "Tax Rate For Calcs": 0.268,
        "Normalized EBITDA": 120400000.0,
        "Net Income From Continuing Operation Net Minority Interest": 55900000.0,
        "Reconciled Depreciation": 32100000.0,
        "Reconciled Cost Of Revenue": 437000000.0,
        "EBITDA": 120400000.0,
        "EBIT": 88300000.0,
        "Net Interest Income": -11900000.0,
        "Interest Expense": 11900000.0,
        "Normalized Income": 55900000.0,
        "Net Income From Continuing And Discontinued Operation": 55900000.0,
        "Total Expenses": 605000000.0,
        "Total Operating Income As Reported": 87900000.0,
        "Diluted Average Shares": 28385001.0,
        "Basic Average Shares": 28171444.0,
        "Diluted EPS": 1.97,
        "Basic EPS": 1.98,
        "Diluted NI Availto Com Stockholders": 55900000.0,
        "Net Income Common Stockholders": 55900000.0,
        "Net Income": 55900000.0,
        "Net Income Including Noncontrolling Interests": 55900000.0,
        "Net Income Continuous Operations": 55900000.0,
        "Tax Provision": 20500000.0,
        "Pretax Income": 76400000.0,
        "Other Income Expense": 400000.0,
        "Other Non Operating Income Expenses": 400000.0,
        "Net Non Operating Interest Income Expense": -11900000.0,
        "Interest Expense Non Operating": 11900000.0,
        "Operating Income": 87900000.0,
        "Operating Expense": 146600000.0,
        "Depreciation Amortization Depletion Income Statement": 10700000.0,
        "Depreciation And Amortization In Income Statement": 10700000.0,
        "Amortization": 10700000.0,
        "Amortization Of Intangibles Income Statement": 10700000.0,
        "Selling General And Administration": 135900000.0,
        "Selling And Marketing Expense": 33300000.0,
        "General And Administrative Expense": 102600000.0,
        "Other Gand A": 102600000.0,
        "Gross Profit": 234500000.0,
        "Cost Of Revenue": 458400000.0,
        "Total Revenue": 692900000.0,
        "Operating Revenue": 655900000.0
    }
}