{
    "2023-06-30": {
        "Tax Effect Of Unusual Items": NaN,
        "Tax Rate For Calcs": NaN,
        "Total Unusual Items": NaN,
        "Total Unusual Items Excluding Goodwill": NaN,
        "Net Income From Continuing Operation Net Minority Interest": NaN,
        "Reconciled Depreciation": NaN,
        "Net Interest Income": NaN,
        "Interest Expense": NaN,
        "Interest Income": NaN,
        "Normalized Income": NaN,
        "Net Income From Continuing And Discontinued Operation": NaN,
        "Diluted Average Shares": NaN,
        "Basic Average Shares": NaN,
        "Diluted EPS": NaN,
        "Basic EPS": NaN,
        "Diluted NI Availto Com Stockholders": NaN,
        "Net Income Common Stockholders": NaN,
        "Otherunder Preferred Stock Dividend": NaN,
        "Net Income": NaN,
        "Net Income Including Noncontrolling Interests": NaN,
        "Net Income Continuous Operations": NaN,
        "Tax Provision": NaN,
        "Pretax Income": NaN,
        "Special Income Charges": NaN,
        "Other Special Charges": -354000.0,
        "Write Off": 1000000.0,
        "Impairment Of Capital Assets": NaN,
        "Restructuring And Mergern Acquisition": 0.0,
        "Gain On Sale Of Security": 0.0,
        "Depreciation Amortization Depletion Income Statement": NaN,
        "Depreciation And Amortization In Income Statement": NaN,
        "Amortization": NaN,
        "Amortization Of Intangibles Income Statement": NaN,
        "Selling General And Administration": NaN,
        "Selling And Marketing Expense": NaN,
        "General And Administrative Expense": NaN,
        "Insurance And Claims": NaN,
        "Salaries And Wages": NaN,
        "Total Revenue": NaN,
        "Operating Revenue": NaN,
        "Occupancy And Equipment": NaN,
        "Professional Expense And Contract Services Expense": NaN,
        "Other Non Interest Expense": NaN
    },
    "2023-03-31": {
        "Tax Effect Of Unusual Items": NaN,
        "Tax Rate For Calcs": NaN,
        "Total Unusual Items": NaN,
        "Total Unusual Items Excluding Goodwill": NaN,
        "Net Income From Continuing Operation Net Minority Interest": NaN,
        "Reconciled Depreciation": NaN,
        "Net Interest Income": NaN,
        "Interest Expense": NaN,
        "Interest Income": NaN,
        "Normalized Income": NaN,
        "Net Income From Continuing And Discontinued Operation": NaN,
        "Diluted Average Shares": NaN,
        "Basic Average Shares": NaN,
        "Diluted EPS": NaN,
        "Basic EPS": NaN,
        "Diluted NI Availto Com Stockholders": NaN,
        "Net Income Common Stockholders": NaN,
        "Otherunder Preferred Stock Dividend": NaN,
        "Net Income": NaN,
        "Net Income Including Noncontrolling Interests": NaN,
        "Net Income Continuous Operations": NaN,
        "Tax Provision": NaN,
        "Pretax Income": NaN,
        "Special Income Charges": NaN,
        "Other Special Charges": NaN,
        "Write Off": 1200000.0,
        "Impairment Of Capital Assets": NaN,
        "Restructuring And Mergern Acquisition": NaN,
        "Gain On Sale Of Security": NaN,
        "Depreciation Amortization Depletion Income Statement": NaN,
        "Depreciation And Amortization In Income Statement": NaN,
        "Amortization": NaN,
        "Amortization Of Intangibles Income Statement": NaN,
        "Selling General And Administration": NaN,
        "Selling And Marketing Expense": NaN,
        "General And Administrative Expense": NaN,
        "Insurance And Claims": NaN,
        "Salaries And Wages": NaN,
        "Total Revenue": NaN,
        "Operating Revenue": NaN,
        "Occupancy And Equipment": NaN,
        "Professional Expense And Contract Services Expense": NaN,
        "Other Non Interest Expense": NaN
    },
    "2022-12-31": {
        "Tax Effect Of Unusual Items": NaN,
        "Tax Rate For Calcs": NaN,
        "Total Unusual Items": NaN,
        "Total Unusual Items Excluding Goodwill": NaN,
        "Net Income From Continuing Operation Net Minority Interest": NaN,
        "Reconciled Depreciation": NaN,
        "Net Interest Income": NaN,
        "Interest Expense": NaN,
        "Interest Income": NaN,
        "Normalized Income": NaN,
        "Net Income From Continuing And Discontinued Operation": NaN,
        "Diluted Average Shares": NaN,
        "Basic Average Shares": NaN,
        "Diluted EPS": NaN,
        "Basic EPS": NaN,
        "Diluted NI Availto Com Stockholders": NaN,
        "Net Income Common Stockholders": NaN,
        "Otherunder Preferred Stock Dividend": NaN,
        "Net Income": NaN,
        "Net Income Including Noncontrolling Interests": NaN,
        "Net Income Continuous Operations": NaN,
        "Tax Provision": NaN,
        "Pretax Income": NaN,
        "Special Income Charges": NaN,
        "Other Special Charges": 184000.0,
        "Write Off": NaN,
        "Impairment Of Capital Assets": NaN,
        "Gain On Sale Of Security": NaN,
        "Depreciation Amortization Depletion Income Statement": NaN,
        "Depreciation And Amortization In Income Statement": NaN,
        "Amortization": NaN,
        "Amortization Of Intangibles Income Statement": NaN,
        "Selling General And Administration": NaN,
        "Selling And Marketing Expense": NaN,
        "General And Administrative Expense": NaN,
        "Insurance And Claims": NaN,
        "Salaries And Wages": NaN,
        "Total Revenue": NaN,
        "Operating Revenue": NaN,
        "Occupancy And Equipment": NaN,
        "Professional Expense And Contract Services Expense": NaN,
        "Other Non Interest Expense": NaN
    },
    "2022-09-30": {
        "Tax Effect Of Unusual Items": NaN,
        "Tax Rate For Calcs": NaN,
        "Total Unusual Items": NaN,
        "Total Unusual Items Excluding Goodwill": NaN,
        "Net Income From Continuing Operation Net Minority Interest": NaN,
        "Reconciled Depreciation": NaN,
        "Net Interest Income": NaN,
        "Interest Expense": NaN,
        "Interest Income": NaN,
        "Normalized Income": NaN,
        "Net Income From Continuing And Discontinued Operation": NaN,
        "Diluted Average Shares": NaN,
        "Basic Average Shares": NaN,
        "Diluted EPS": NaN,
        "Basic EPS": NaN,
        "Diluted NI Availto Com Stockholders": NaN,
        "Net Income Common Stockholders": NaN,
        "Otherunder Preferred Stock Dividend": NaN,
        "Net Income": NaN,
        "Net Income Including Noncontrolling Interests": NaN,
        "Net Income Continuous Operations": NaN,
        "Tax Provision": NaN,
        "Pretax Income": NaN,
        "Special Income Charges": NaN,
        "Other Special Charges": NaN,
        "Write Off": 0.0,
        "Impairment Of Capital Assets": NaN,
        "Gain On Sale Of Security": NaN,
        "Depreciation Amortization Depletion Income Statement": NaN,
        "Depreciation And Amortization In Income Statement": NaN,
        "Amortization": NaN,
        "Amortization Of Intangibles Income Statement": NaN,
        "Selling General And Administration": NaN,
        "Selling And Marketing Expense": NaN,
        "General And Administrative Expense": NaN,
        "Other Gand A": 6545000.0,
        "Insurance And Claims": NaN,
        "Salaries And Wages": NaN,
        "Total Revenue": NaN,
        "Operating Revenue": NaN
    },
    "2022-06-30": {
        "Tax Effect Of Unusual Items": -9476.0,
        "Tax Rate For Calcs": 0.206,
        "Total Unusual Items": -46000.0,
        "Total Unusual Items Excluding Goodwill": -46000.0,
        "Net Income From Continuing Operation Net Minority Interest": 52360000.0,
        "Reconciled Depreciation": 6268000.0,
        "Net Interest Income": 137999000.0,
        "Interest Expense": 12697000.0,
        "Interest Income": 150696000.0,
        "Normalized Income": 52396524.0,
        "Net Income From Continuing And Discontinued Operation": 52360000.0,
        "Diluted Average Shares": 41473493.0,
        "Basic Average Shares": 41397584.0,
        "Diluted EPS": 1.25,
        "Basic EPS": 1.25,
        "Diluted NI Availto Com Stockholders": 52360000.0,
        "Net Income Common Stockholders": 52360000.0,
        "Otherunder Preferred Stock Dividend": NaN,
        "Net Income": 52360000.0,
        "Net Income Including Noncontrolling Interests": 52360000.0,
        "Net Income Continuous Operations": 52360000.0,
        "Tax Provision": 13591000.0,
        "Pretax Income": 65951000.0,
        "Special Income Charges": -46000.0,
        "Other Special Charges": 46000.0,
        "Write Off": NaN,
        "Gain On Sale Of Security": NaN,
        "Depreciation Amortization Depletion Income Statement": 3118000.0,
        "Depreciation And Amortization In Income Statement": 3118000.0,
        "Amortization": 3118000.0,
        "Amortization Of Intangibles Income Statement": 3118000.0,
        "Selling General And Administration": 59252000.0,
        "Selling And Marketing Expense": 703000.0,
        "General And Administrative Expense": 58549000.0,
        "Other Gand A": 5830000.0,
        "Insurance And Claims": 1589000.0,
        "Salaries And Wages": 51130000.0,
        "Total Revenue": 151922000.0,
        "Operating Revenue": 151922000.0
    },
    "2022-03-31": {
        "Diluted EPS": 1.18,
        "Total Revenue": 154,
        "Gross Profit": 144,
        "Operating Income": 63,
        "EBIT": NaN,
        "Net Income": 51
    },
    "2021-12-31": {
        "Diluted EPS": 1.26,
        "Total Revenue": 161,
        "Gross Profit": 148,
        "Operating Income": 68,
        "EBIT": NaN,
        "Net Income": 53
    },
    "2021-09-30": {
        "Diluted EPS": 1.21,
        "Total Revenue": 161,
        "Gross Profit": 146,
        "Operating Income": 65,
        "EBIT": NaN,
        "Net Income": 52
    },
    "2021-06-30": {
        "Diluted EPS": 1.35,
        "Total Revenue": 162,
        "Gross Profit": 145,
        "Operating Income": 74,
        "EBIT": NaN,
        "Net Income": 58
    },
    "2021-03-31": {
        "Diluted EPS": 1.39,
        "Total Revenue": 166,
        "Gross Profit": 148,
        "Operating Income": 76,
        "EBIT": NaN,
        "Net Income": 60
    },
    "2020-12-31": {
        "Diluted EPS": 1.35,
        "Total Revenue": 172,
        "Gross Profit": 153,
        "Operating Income": 74,
        "EBIT": NaN,
        "Net Income": 57
    },
    "2020-09-30": {
        "Diluted EPS": 1.39,
        "Total Revenue": 177,
        "Gross Profit": 157,
        "Operating Income": 76,
        "EBIT": NaN,
        "Net Income": 60
    },
    "2020-06-30": {
        "Diluted EPS": 0.9,
        "Total Revenue": 177,
        "Gross Profit": 154,
        "Operating Income": 64,
        "EBIT": NaN,
        "Net Income": 39
    },
    "2020-03-31": {
        "Diluted EPS": 1.03,
        "Total Revenue": 171,
        "Gross Profit": 138,
        "Operating Income": 56,
        "EBIT": NaN,
        "Net Income": 44
    },
    "2019-12-31": {
        "Diluted EPS": 1.16,
        "Total Revenue": 183,
        "Gross Profit": 146,
        "Operating Income": 70,
        "EBIT": NaN,
        "Net Income": 49
    },
    "2019-09-30": {
        "Diluted EPS": 1.3,
        "Total Revenue": 193,
        "Gross Profit": 153,
        "Operating Income": 80,
        "EBIT": NaN,
        "Net Income": 56
    },
    "2019-06-30": {
        "Diluted EPS": 1.15,
        "Total Revenue": 184,
        "Gross Profit": 146,
        "Operating Income": 68,
        "EBIT": NaN,
        "Net Income": 50
    },
    "2019-03-31": {
        "Diluted EPS": 0.85,
        "Total Revenue": 172,
        "Gross Profit": 138,
        "Operating Income": 64,
        "EBIT": NaN,
        "Net Income": 37
    },
    "2018-12-31": {
        "Diluted EPS": 1.12,
        "Total Revenue": 123,
        "Gross Profit": 97,
        "Operating Income": 43,
        "EBIT": NaN,
        "Net Income": 34
    },
    "2018-09-30": {
        "Diluted EPS": 1.17,
        "Total Revenue": 122,
        "Gross Profit": 99,
        "Operating Income": 47,
        "EBIT": NaN,
        "Net Income": 35
    },
    "2018-06-30": {
        "Diluted EPS": 1.02,
        "Total Revenue": 107,
        "Gross Profit": 89,
        "Operating Income": 41,
        "EBIT": NaN,
        "Net Income": 29
    },
    "2018-03-31": {
        "Diluted EPS": 1.02,
        "Total Revenue": 98,
        "Gross Profit": 83,
        "Operating Income": 36,
        "EBIT": NaN,
        "Net Income": 29
    },
    "2017-12-31": {
        "Diluted EPS": 0.66,
        "Total Revenue": 101,
        "Gross Profit": 89,
        "Operating Income": 42,
        "EBIT": NaN,
        "Net Income": 19
    },
    "2017-09-30": {
        "Diluted EPS": 0.84,
        "Total Revenue": 97,
        "Gross Profit": 85,
        "Operating Income": 39,
        "EBIT": NaN,
        "Net Income": 24
    },
    "2017-06-30": {
        "Diluted EPS": 0.65,
        "Total Revenue": 91,
        "Gross Profit": 80,
        "Operating Income": 33,
        "EBIT": NaN,
        "Net Income": 18
    },
    "2017-03-31": {
        "Diluted EPS": 0.82,
        "Total Revenue": 61,
        "Gross Profit": 52,
        "Operating Income": 23,
        "EBIT": NaN,
        "Net Income": 15
    },
    "2016-12-31": {
        "Diluted EPS": 0.79,
        "Total Revenue": 59,
        "Gross Profit": 52,
        "Operating Income": 23,
        "EBIT": NaN,
        "Net Income": 14
    },
    "2016-09-30": {
        "Diluted EPS": 0.78,
        "Total Revenue": 58,
        "Gross Profit": 51,
        "Operating Income": 22,
        "EBIT": NaN,
        "Net Income": 14
    },
    "2016-06-30": {
        "Diluted EPS": 0.64,
        "Total Revenue": 57,
        "Gross Profit": 51,
        "Operating Income": 18,
        "EBIT": NaN,
        "Net Income": 12
    },
    "2016-03-31": {
        "Diluted EPS": 0.67,
        "Total Revenue": 56,
        "Gross Profit": 50,
        "Operating Income": 19,
        "EBIT": NaN,
        "Net Income": 12
    },
    "2015-12-31": {
        "Diluted EPS": 0.58,
        "Total Revenue": 52,
        "Gross Profit": 46,
        "Operating Income": 17,
        "EBIT": NaN,
        "Net Income": 10
    },
    "2015-09-30": {
        "Diluted EPS": 0.47,
        "Total Revenue": 47,
        "Gross Profit": 42,
        "Operating Income": 12,
        "EBIT": NaN,
        "Net Income": 8
    },
    "2015-06-30": {
        "Diluted EPS": 0.61,
        "Total Revenue": 47,
        "Gross Profit": 42,
        "Operating Income": 16,
        "EBIT": NaN,
        "Net Income": 10
    },
    "2015-03-31": {
        "Diluted EPS": 0.55,
        "Total Revenue": 45,
        "Gross Profit": 40,
        "Operating Income": 14,
        "EBIT": NaN,
        "Net Income": 9
    },
    "2014-12-31": {
        "Diluted EPS": 0.61,
        "Total Revenue": 47,
        "Gross Profit": 42,
        "Operating Income": 16,
        "EBIT": NaN,
        "Net Income": 10
    },
    "2014-09-30": {
        "Diluted EPS": 0.54,
        "Total Revenue": 41,
        "Gross Profit": 37,
        "Operating Income": 14,
        "EBIT": NaN,
        "Net Income": 9
    },
    "2014-06-30": {
        "Diluted EPS": 0.32,
        "Total Revenue": 38,
        "Gross Profit": 35,
        "Operating Income": 9,
        "EBIT": NaN,
        "Net Income": 5
    },
    "2014-03-31": {
        "Diluted EPS": 0.38,
        "Total Revenue": 27,
        "Gross Profit": 24,
        "Operating Income": 8,
        "EBIT": NaN,
        "Net Income": 5
    },
    "2013-12-31": {
        "Diluted EPS": 0.27,
        "Total Revenue": 26,
        "Gross Profit": 23,
        "Operating Income": 8,
        "EBIT": NaN,
        "Net Income": 4
    },
    "2013-09-30": {
        "Diluted EPS": 0.33,
        "Total Revenue": 24,
        "Gross Profit": 21,
        "Operating Income": 6,
        "EBIT": NaN,
        "Net Income": 4
    },
    "2013-06-30": {
        "Diluted EPS": 0.49,
        "Total Revenue": 24,
        "Gross Profit": 21,
        "Operating Income": 6,
        "EBIT": NaN,
        "Net Income": 6
    },
    "2013-03-31": {
        "Diluted EPS": 0.68,
        "Total Revenue": 24,
        "Gross Profit": 21,
        "Operating Income": 6,
        "EBIT": NaN,
        "Net Income": 6
    },
    "2012-12-31": {
        "Diluted EPS": 0.74,
        "Total Revenue": 24,
        "Gross Profit": 21,
        "Operating Income": 4,
        "EBIT": NaN,
        "Net Income": 6
    },
    "2012-09-30": {
        "Diluted EPS": 0.57,
        "Total Revenue": 21,
        "Gross Profit": 17,
        "Operating Income": 5,
        "EBIT": NaN,
        "Net Income": 4
    },
    "2012-06-30": {
        "Diluted EPS": 0.47,
        "Total Revenue": 19,
        "Gross Profit": 16,
        "Operating Income": 4,
        "EBIT": NaN,
        "Net Income": 4
    },
    "2012-03-31": {
        "Diluted EPS": 0.43,
        "Total Revenue": 17,
        "Gross Profit": 14,
        "Operating Income": 3,
        "EBIT": NaN,
        "Net Income": 3
    },
    "2011-12-31": {
        "Diluted EPS": 0.0,
        "Total Revenue": NaN,
        "Gross Profit": NaN,
        "Operating Income": NaN,
        "EBIT": NaN,
        "Net Income": NaN
    },
    "2010-12-31": {
        "Diluted EPS": 0.0,
        "Total Revenue": NaN,
        "Gross Profit": NaN,
        "Operating Income": NaN,
        "EBIT": NaN,
        "Net Income": NaN
    },
    "2023-09-30": {
        "Tax Effect Of Unusual Items": -11256.0,
        "Tax Rate For Calcs": 0.201,
        "Total Unusual Items": -56000.0,
        "Total Unusual Items Excluding Goodwill": -56000.0,
        "Net Income From Continuing Operation Net Minority Interest": 32775000.0,
        "Reconciled Depreciation": 7802000.0,
        "Net Interest Income": 109049000.0,
        "Interest Expense": 113695000.0,
        "Interest Income": 222744000.0,
        "Normalized Income": 32819744.0,
        "Net Income From Continuing And Discontinued Operation": 32775000.0,
        "Diluted Average Shares": 41381034.0,
        "Basic Average Shares": 41284964.0,
        "Diluted EPS": 0.79,
        "Basic EPS": 0.79,
        "Diluted NI Availto Com Stockholders": 32715000.0,
        "Net Income Common Stockholders": 32715000.0,
        "Otherunder Preferred Stock Dividend": 60000.0,
        "Net Income": 32775000.0,
        "Net Income Including Noncontrolling Interests": 32775000.0,
        "Net Income Continuous Operations": 32775000.0,
        "Tax Provision": 8246000.0,
        "Pretax Income": 41021000.0,
        "Special Income Charges": -56000.0,
        "Other Special Charges": 56000.0,
        "Write Off": 0.0,
        "Impairment Of Capital Assets": 0.0,
        "Restructuring And Mergern Acquisition": 0.0,
        "Gain On Sale Of Security": 0.0,
        "Depreciation Amortization Depletion Income Statement": 3111000.0,
        "Depreciation And Amortization In Income Statement": 3111000.0,
        "Amortization": 3111000.0,
        "Amortization Of Intangibles Income Statement": 3111000.0,
        "Selling General And Administration": 47858000.0,
        "Selling And Marketing Expense": 587000.0,
        "General And Administrative Expense": 47271000.0,
        "Insurance And Claims": 3653000.0,
        "Salaries And Wages": 43618000.0,
        "Total Revenue": 122751000.0,
        "Operating Revenue": 122751000.0,
        "Occupancy And Equipment": 12408000.0,
        "Professional Expense And Contract Services Expense": 1262000.0,
        "Other Non Interest Expense": 16695000.0
    },
    "2023-12-31": {
        "Tax Effect Of Unusual Items": -911950.966474,
        "Tax Rate For Calcs": 0.188653,
        "Total Unusual Items": -4834000.0,
        "Total Unusual Items Excluding Goodwill": -4834000.0,
        "Net Income From Continuing Operation Net Minority Interest": 14859000.0,
        "Reconciled Depreciation": 7952000.0,
        "Net Interest Income": 106305000.0,
        "Interest Expense": 126217000.0,
        "Interest Income": 232522000.0,
        "Normalized Income": 18781049.033526,
        "Net Income From Continuing And Discontinued Operation": 14859000.0,
        "Diluted Average Shares": 41388564.0,
        "Basic Average Shares": 41283041.0,
        "Diluted EPS": 0.36,
        "Basic EPS": 0.36,
        "Diluted NI Availto Com Stockholders": 14829000.0,
        "Net Income Common Stockholders": 14829000.0,
        "Otherunder Preferred Stock Dividend": 30000.0,
        "Net Income": 14859000.0,
        "Net Income Including Noncontrolling Interests": 14859000.0,
        "Net Income Continuous Operations": 14859000.0,
        "Tax Provision": 3455000.0,
        "Pretax Income": 18314000.0,
        "Special Income Charges": -3037000.0,
        "Other Special Charges": 22000.0,
        "Write Off": 3015000.0,
        "Impairment Of Capital Assets": 3015000.0,
        "Restructuring And Mergern Acquisition": NaN,
        "Gain On Sale Of Security": NaN,
        "Depreciation Amortization Depletion Income Statement": 3106000.0,
        "Depreciation And Amortization In Income Statement": 3106000.0,
        "Amortization": 3106000.0,
        "Amortization Of Intangibles Income Statement": 3106000.0,
        "Selling General And Administration": 57006000.0,
        "Selling And Marketing Expense": 412000.0,
        "General And Administrative Expense": 56594000.0,
        "Insurance And Claims": 11982000.0,
        "Salaries And Wages": 44612000.0,
        "Total Revenue": 116941000.0,
        "Operating Revenue": 116941000.0,
        "Occupancy And Equipment": 11823000.0,
        "Professional Expense And Contract Services Expense": 1837000.0,
        "Other Non Interest Expense": 18338000.0
    },
    "2024-03-31": {
        "Tax Effect Of Unusual Items": -70384.0,
        "Tax Rate For Calcs": 0.212,
        "Total Unusual Items": -332000.0,
        "Total Unusual Items Excluding Goodwill": -332000.0,
        "Net Income From Continuing Operation Net Minority Interest": 24150000.0,
        "Reconciled Depreciation": 7986000.0,
        "Net Interest Income": 103031000.0,
        "Interest Expense": 132174000.0,
        "Interest Income": 235205000.0,
        "Normalized Income": 24411616.0,
        "Net Income From Continuing And Discontinued Operation": 24150000.0,
        "Diluted Average Shares": 41314378.0,
        "Basic Average Shares": 41205080.0,
        "Diluted EPS": 0.58,
        "Basic EPS": 0.58,
        "Diluted NI Availto Com Stockholders": 24081000.0,
        "Net Income Common Stockholders": 24081000.0,
        "Otherunder Preferred Stock Dividend": 69000.0,
        "Net Income": 24150000.0,
        "Net Income Including Noncontrolling Interests": 24150000.0,
        "Net Income Continuous Operations": 24150000.0,
        "Tax Provision": 6478000.0,
        "Pretax Income": 30628000.0,
        "Special Income Charges": -345000.0,
        "Other Special Charges": NaN,
        "Write Off": NaN,
        "Impairment Of Capital Assets": 345000.0,
        "Restructuring And Mergern Acquisition": NaN,
        "Gain On Sale Of Security": 0.0,
        "Depreciation Amortization Depletion Income Statement": 3075000.0,
        "Depreciation And Amortization In Income Statement": 3075000.0,
        "Amortization": 3075000.0,
        "Amortization Of Intangibles Income Statement": 3075000.0,
        "Selling General And Administration": 53890000.0,
        "Selling And Marketing Expense": 415000.0,
        "General And Administrative Expense": 53475000.0,
        "Insurance And Claims": 6142000.0,
        "Salaries And Wages": 47333000.0,
        "Total Revenue": 115901000.0,
        "Operating Revenue": 115901000.0,
        "Occupancy And Equipment": 12549000.0,
        "Professional Expense And Contract Services Expense": 1809000.0,
        "Other Non Interest Expense": 16805000.0
    },
    "2024-06-30": {
        "Tax Effect Of Unusual Items": -109273290.0,
        "Tax Rate For Calcs": 0.21,
        "Total Unusual Items": -520349000.0,
        "Total Unusual Items Excluding Goodwill": -520349000.0,
        "Net Income From Continuing Operation Net Minority Interest": -493455000.0,
        "Reconciled Depreciation": 7847000.0,
        "Net Interest Income": 105148000.0,
        "Interest Expense": 133937000.0,
        "Interest Income": 239085000.0,
        "Normalized Income": -82379290.0,
        "Net Income From Continuing And Discontinued Operation": -493455000.0,
        "Diluted Average Shares": 41194804.0,
        "Basic Average Shares": 41194804.0,
        "Diluted EPS": -11.93,
        "Basic EPS": -11.93,
        "Diluted NI Availto Com Stockholders": -491271000.0,
        "Net Income Common Stockholders": -491271000.0,
        "Otherunder Preferred Stock Dividend": -2184000.0,
        "Net Income": -493455000.0,
        "Net Income Including Noncontrolling Interests": -493455000.0,
        "Net Income Continuous Operations": -493455000.0,
        "Tax Provision": 5125000.0,
        "Pretax Income": -488330000.0,
        "Special Income Charges": -520349000.0,
        "Other Special Charges": 11000.0,
        "Write Off": NaN,
        "Impairment Of Capital Assets": 518000000.0,
        "Restructuring And Mergern Acquisition": 2338000.0,
        "Gain On Sale Of Security": 0.0,
        "Depreciation Amortization Depletion Income Statement": 2953000.0,
        "Depreciation And Amortization In Income Statement": 2953000.0,
        "Amortization": 2953000.0,
        "Amortization Of Intangibles Income Statement": 2953000.0,
        "Selling General And Administration": 52729000.0,
        "Selling And Marketing Expense": 853000.0,
        "General And Administrative Expense": 51876000.0,
        "Insurance And Claims": 2816000.0,
        "Salaries And Wages": 49060000.0,
        "Total Revenue": 118592000.0,
        "Operating Revenue": 118592000.0,
        "Occupancy And Equipment": 12076000.0,
        "Professional Expense And Contract Services Expense": 1301000.0,
        "Other Non Interest Expense": 17514000.0
    },
    "2024-09-30": {
        "Tax Effect Of Unusual Items": -96145.0,
        "Tax Rate For Calcs": 0.205,
        "Total Unusual Items": -469000.0,
        "Total Unusual Items Excluding Goodwill": -469000.0,
        "Net Income From Continuing Operation Net Minority Interest": 20437000.0,
        "Reconciled Depreciation": 7782000.0,
        "Net Interest Income": 106838000.0,
        "Interest Expense": 134878000.0,
        "Interest Income": 241716000.0,
        "Normalized Income": 20809855.0,
        "Net Income From Continuing And Discontinued Operation": 20437000.0,
        "Diluted Average Shares": 41231067.0,
        "Basic Average Shares": 41166190.0,
        "Diluted EPS": 0.49,
        "Basic EPS": 0.49,
        "Diluted NI Availto Com Stockholders": 20306000.0,
        "Net Income Common Stockholders": 20306000.0,
        "Otherunder Preferred Stock Dividend": 131000.0,
        "Net Income": 20437000.0,
        "Net Income Including Noncontrolling Interests": 20437000.0,
        "Net Income Continuous Operations": 20437000.0,
        "Tax Provision": 5266000.0,
        "Pretax Income": 25703000.0,
        "Special Income Charges": -469000.0,
        "Other Special Charges": 9000.0,
        "Write Off": NaN,
        "Impairment Of Capital Assets": 0.0,
        "Restructuring And Mergern Acquisition": 460000.0,
        "Gain On Sale Of Security": 0.0,
        "Depreciation Amortization Depletion Income Statement": 2893000.0,
        "Depreciation And Amortization In Income Statement": 2893000.0,
        "Amortization": 2893000.0,
        "Amortization Of Intangibles Income Statement": 2893000.0,
        "Selling General And Administration": 54714000.0,
        "Selling And Marketing Expense": 479000.0,
        "General And Administrative Expense": 54235000.0,
        "Insurance And Claims": 4196000.0,
        "Salaries And Wages": 50039000.0,
        "Total Revenue": 120308000.0,
        "Operating Revenue": 120308000.0,
        "Occupancy And Equipment": 12326000.0,
        "Professional Expense And Contract Services Expense": 1296000.0,
        "Other Non Interest Expense": 18207000.0
    }
}