{
    "2023-03-31": {
        "Tax Effect Of Unusual Items": 5600.0,
        "Tax Rate For Calcs": 0.4,
        "Normalized EBITDA": 19569000.0,
        "Total Unusual Items": 14000.0,
        "Total Unusual Items Excluding Goodwill": 14000.0,
        "Net Income From Continuing Operation Net Minority Interest": 12000.0,
        "Reconciled Depreciation": 10854000.0,
        "Reconciled Cost Of Revenue": 48314000.0,
        "EBITDA": 19583000.0,
        "EBIT": 8729000.0,
        "Net Interest Income": -8719000.0,
        "Interest Expense": 8719000.0,
        "Normalized Income": 3600.0,
        "Net Income From Continuing And Discontinued Operation": 12000.0,
        "Total Expenses": 55041000.0,
        "Total Operating Income As Reported": 8729000.0,
        "Diluted Average Shares": 13881000.0,
        "Basic Average Shares": 13865000.0,
        "Diluted EPS": 0.000864,
        "Basic EPS": 0.000865,
        "Diluted NI Availto Com Stockholders": 12000.0,
        "Net Income Common Stockholders": 12000.0,
        "Net Income": 12000.0,
        "Net Income Including Noncontrolling Interests": 12000.0,
        "Net Income Continuous Operations": 12000.0,
        "Tax Provision": -2000.0,
        "Pretax Income": 10000.0,
        "Other Income Expense": 14000.0,
        "Special Income Charges": 14000.0,
        "Gain On Sale Of Ppe": 14000.0,
        "Other Special Charges": NaN,
        "Impairment Of Capital Assets": 0.0,
        "Gain On Sale Of Security": NaN,
        "Net Non Operating Interest Income Expense": -8719000.0,
        "Interest Expense Non Operating": 8719000.0,
        "Operating Income": 8715000.0,
        "Operating Expense": 6727000.0,
        "Selling General And Administration": 6727000.0,
        "Gross Profit": 15442000.0,
        "Cost Of Revenue": 48314000.0,
        "Total Revenue": 63756000.0,
        "Operating Revenue": 63756000.0
    },
    "2022-12-31": {
        "Tax Effect Of Unusual Items": -327600.0,
        "Tax Rate For Calcs": 0.4,
        "Normalized EBITDA": 5871000.0,
        "Total Unusual Items": -819000.0,
        "Total Unusual Items Excluding Goodwill": -819000.0,
        "Net Income From Continuing Operation Net Minority Interest": 3461000.0,
        "Reconciled Depreciation": 10724000.0,
        "Reconciled Cost Of Revenue": 46674000.0,
        "EBITDA": 5052000.0,
        "EBIT": 5052000.0,
        "Net Interest Income": -8570000.0,
        "Interest Expense": 8570000.0,
        "Normalized Income": 3952400.0,
        "Net Income From Continuing And Discontinued Operation": 3461000.0,
        "Total Expenses": 54388000.0,
        "Total Operating Income As Reported": 5052000.0,
        "Diluted Average Shares": 13596000.0,
        "Basic Average Shares": 13596000.0,
        "Diluted EPS": 0.2,
        "Basic EPS": 0.25,
        "Diluted NI Availto Com Stockholders": 3461000.0,
        "Net Income Common Stockholders": 3461000.0,
        "Net Income": 3461000.0,
        "Net Income Including Noncontrolling Interests": 3461000.0,
        "Net Income Continuous Operations": 3461000.0,
        "Tax Provision": -6979000.0,
        "Pretax Income": -3518000.0,
        "Other Income Expense": -819000.0,
        "Special Income Charges": -819000.0,
        "Gain On Sale Of Ppe": -469000.0,
        "Other Special Charges": 0.0,
        "Impairment Of Capital Assets": 350000.0,
        "Gain On Sale Of Security": 0.0,
        "Net Non Operating Interest Income Expense": -8570000.0,
        "Interest Expense Non Operating": 8570000.0,
        "Operating Income": 5871000.0,
        "Operating Expense": 7714000.0,
        "Selling General And Administration": 7714000.0,
        "Gross Profit": 13585000.0,
        "Cost Of Revenue": 46674000.0,
        "Total Revenue": 60259000.0,
        "Operating Revenue": 60259000.0
    },
    "2022-09-30": {
        "Tax Effect Of Unusual Items": -38104.0,
        "Tax Rate For Calcs": 0.088,
        "Normalized EBITDA": 10761000.0,
        "Total Unusual Items": -433000.0,
        "Total Unusual Items Excluding Goodwill": -433000.0,
        "Net Income From Continuing Operation Net Minority Interest": -7194000.0,
        "Reconciled Depreciation": 10120000.0,
        "Reconciled Cost Of Revenue": 41499000.0,
        "EBITDA": 10328000.0,
        "EBIT": 208000.0,
        "Net Interest Income": -8098000.0,
        "Interest Expense": 8098000.0,
        "Normalized Income": -6799104.0,
        "Net Income From Continuing And Discontinued Operation": -7194000.0,
        "Total Expenses": 48506000.0,
        "Total Operating Income As Reported": 208000.0,
        "Diluted Average Shares": 13590000.0,
        "Basic Average Shares": 13590000.0,
        "Diluted EPS": -0.53,
        "Basic EPS": -0.53,
        "Diluted NI Availto Com Stockholders": -7194000.0,
        "Net Income Common Stockholders": -7194000.0,
        "Net Income": -7194000.0,
        "Net Income Including Noncontrolling Interests": -7194000.0,
        "Net Income Continuous Operations": -7194000.0,
        "Tax Provision": -696000.0,
        "Pretax Income": -7890000.0,
        "Other Income Expense": -433000.0,
        "Special Income Charges": -433000.0,
        "Gain On Sale Of Ppe": -433000.0,
        "Other Special Charges": NaN,
        "Impairment Of Capital Assets": 0.0,
        "Gain On Sale Of Security": NaN,
        "Net Non Operating Interest Income Expense": -8098000.0,
        "Interest Expense Non Operating": 8098000.0,
        "Operating Income": 641000.0,
        "Operating Expense": 7007000.0,
        "Selling General And Administration": 7007000.0,
        "Gross Profit": 7648000.0,
        "Cost Of Revenue": 41499000.0,
        "Total Revenue": 49147000.0,
        "Operating Revenue": 46597000.0
    },
    "2022-06-30": {
        "Tax Effect Of Unusual Items": 3575600.0,
        "Tax Rate For Calcs": 0.4,
        "Normalized EBITDA": 8549000.0,
        "Total Unusual Items": 8939000.0,
        "Total Unusual Items Excluding Goodwill": 8939000.0,
        "Net Income From Continuing Operation Net Minority Interest": -2791000.0,
        "Reconciled Depreciation": 9848000.0,
        "Reconciled Cost Of Revenue": 38752000.0,
        "EBITDA": 17488000.0,
        "EBIT": 7640000.0,
        "Net Interest Income": -8232000.0,
        "Interest Expense": 8232000.0,
        "Normalized Income": -8154400.0,
        "Net Income From Continuing And Discontinued Operation": -2791000.0,
        "Total Expenses": 43612000.0,
        "Total Operating Income As Reported": -717000.0,
        "Diluted Average Shares": 13590000.0,
        "Basic Average Shares": 13590000.0,
        "Diluted EPS": -0.21,
        "Basic EPS": -0.21,
        "Diluted NI Availto Com Stockholders": -2791000.0,
        "Net Income Common Stockholders": -2791000.0,
        "Net Income": -2791000.0,
        "Net Income Including Noncontrolling Interests": -2791000.0,
        "Net Income Continuous Operations": -2791000.0,
        "Tax Provision": 2199000.0,
        "Pretax Income": -592000.0,
        "Other Income Expense": 8939000.0,
        "Special Income Charges": 582000.0,
        "Gain On Sale Of Ppe": 582000.0,
        "Other Special Charges": NaN,
        "Impairment Of Capital Assets": 0.0,
        "Gain On Sale Of Security": 8357000.0,
        "Net Non Operating Interest Income Expense": -8232000.0,
        "Interest Expense Non Operating": 8232000.0,
        "Operating Income": -1299000.0,
        "Operating Expense": 4860000.0,
        "Selling General And Administration": 4860000.0,
        "Gross Profit": 3561000.0,
        "Cost Of Revenue": 38752000.0,
        "Total Revenue": 42313000.0,
        "Operating Revenue": 40060000.0
    },
    "2022-03-31": {
        "Diluted EPS": -5.2,
        "Total Revenue": 35,
        "Gross Profit": 8,
        "Operating Income": -7,
        "EBIT": 4,
        "Net Income": -59
    },
    "2021-12-31": {
        "Diluted EPS": -3.5,
        "Total Revenue": 29,
        "Gross Profit": 5,
        "Operating Income": -9,
        "EBIT": 1,
        "Net Income": -31
    },
    "2021-09-30": {
        "Diluted EPS": -0.59,
        "Total Revenue": 24,
        "Gross Profit": 4,
        "Operating Income": -11,
        "EBIT": -1,
        "Net Income": -4
    },
    "2021-06-30": {
        "Diluted EPS": -2.22,
        "Total Revenue": 20,
        "Gross Profit": 3,
        "Operating Income": -11,
        "EBIT": -1,
        "Net Income": -15
    },
    "2021-03-31": {
        "Diluted EPS": -2.58,
        "Total Revenue": 16,
        "Gross Profit": 1,
        "Operating Income": -12,
        "EBIT": -2,
        "Net Income": -16
    },
    "2020-12-31": {
        "Diluted EPS": -6.97,
        "Total Revenue": 13,
        "Gross Profit": 1,
        "Operating Income": -39,
        "EBIT": -28,
        "Net Income": -43
    },
    "2020-09-30": {
        "Diluted EPS": -2.67,
        "Total Revenue": 10,
        "Gross Profit": 2,
        "Operating Income": -12,
        "EBIT": -1,
        "Net Income": -15
    },
    "2020-06-30": {
        "Diluted EPS": -2.52,
        "Total Revenue": 21,
        "Gross Profit": 7,
        "Operating Income": -6,
        "EBIT": 5,
        "Net Income": -10
    },
    "2020-03-31": {
        "Diluted EPS": -7.53,
        "Total Revenue": 38,
        "Gross Profit": 8,
        "Operating Income": -25,
        "EBIT": -13,
        "Net Income": -28
    },
    "2019-12-31": {
        "Diluted EPS": -9.28,
        "Total Revenue": 45,
        "Gross Profit": 11,
        "Operating Income": -32,
        "EBIT": -20,
        "Net Income": -35
    },
    "2019-09-30": {
        "Diluted EPS": -2.8,
        "Total Revenue": 45,
        "Gross Profit": 11,
        "Operating Income": -7,
        "EBIT": 5,
        "Net Income": -11
    },
    "2019-06-30": {
        "Diluted EPS": -3.4,
        "Total Revenue": 53,
        "Gross Profit": 15,
        "Operating Income": -6,
        "EBIT": 5,
        "Net Income": -13
    },
    "2019-03-31": {
        "Diluted EPS": -0.63,
        "Total Revenue": 60,
        "Gross Profit": 21,
        "Operating Income": -1,
        "EBIT": 10,
        "Net Income": -2
    },
    "2018-12-31": {
        "Diluted EPS": -2.4,
        "Total Revenue": 63,
        "Gross Profit": 23,
        "Operating Income": -4,
        "EBIT": 7,
        "Net Income": -9
    },
    "2018-09-30": {
        "Diluted EPS": -2.0,
        "Total Revenue": 28,
        "Gross Profit": 10,
        "Operating Income": -3,
        "EBIT": 4,
        "Net Income": -4
    },
    "2018-06-30": {
        "Diluted EPS": -1.8,
        "Total Revenue": 26,
        "Gross Profit": 8,
        "Operating Income": -2,
        "EBIT": 4,
        "Net Income": -3
    },
    "2018-03-31": {
        "Diluted EPS": -2.2,
        "Total Revenue": 26,
        "Gross Profit": 7,
        "Operating Income": -3,
        "EBIT": 3,
        "Net Income": -4
    },
    "2017-12-31": {
        "Diluted EPS": -2.8,
        "Total Revenue": 25,
        "Gross Profit": 6,
        "Operating Income": -5,
        "EBIT": 2,
        "Net Income": -6
    },
    "2017-09-30": {
        "Diluted EPS": -3.2,
        "Total Revenue": 23,
        "Gross Profit": 5,
        "Operating Income": -5,
        "EBIT": 1,
        "Net Income": -6
    },
    "2017-06-30": {
        "Diluted EPS": -3.4,
        "Total Revenue": 21,
        "Gross Profit": 5,
        "Operating Income": -6,
        "EBIT": 1,
        "Net Income": -6
    },
    "2017-03-31": {
        "Diluted EPS": -3.4,
        "Total Revenue": 20,
        "Gross Profit": 5,
        "Operating Income": -6,
        "EBIT": 1,
        "Net Income": -6
    },
    "2016-12-31": {
        "Diluted EPS": -6.8,
        "Total Revenue": 18,
        "Gross Profit": 6,
        "Operating Income": -10,
        "EBIT": -3,
        "Net Income": -10
    },
    "2016-09-30": {
        "Diluted EPS": -3.8,
        "Total Revenue": 14,
        "Gross Profit": 3,
        "Operating Income": -7,
        "EBIT": -1,
        "Net Income": -7
    },
    "2016-06-30": {
        "Diluted EPS": -2.4,
        "Total Revenue": 15,
        "Gross Profit": 8,
        "Operating Income": -3,
        "EBIT": 3,
        "Net Income": -4
    },
    "2016-03-31": {
        "Diluted EPS": -0.4,
        "Total Revenue": 22,
        "Gross Profit": 10,
        "Operating Income": 1,
        "EBIT": 7,
        "Net Income": 0
    },
    "2015-12-31": {
        "Diluted EPS": -4.4,
        "Total Revenue": 24,
        "Gross Profit": 9,
        "Operating Income": -4,
        "EBIT": 2,
        "Net Income": -5
    },
    "2015-09-30": {
        "Diluted EPS": -2.8,
        "Total Revenue": 21,
        "Gross Profit": 9,
        "Operating Income": -3,
        "EBIT": 3,
        "Net Income": -3
    },
    "2015-06-30": {
        "Diluted EPS": -0.6,
        "Total Revenue": 21,
        "Gross Profit": 9,
        "Operating Income": 0,
        "EBIT": 5,
        "Net Income": -1
    },
    "2015-03-31": {
        "Diluted EPS": 1.2,
        "Total Revenue": 22,
        "Gross Profit": 9,
        "Operating Income": 2,
        "EBIT": 6,
        "Net Income": 1
    },
    "2014-12-31": {
        "Diluted EPS": -28.2,
        "Total Revenue": 23,
        "Gross Profit": 10,
        "Operating Income": -29,
        "EBIT": 7,
        "Net Income": -25
    },
    "2014-09-30": {
        "Diluted EPS": -1.4,
        "Total Revenue": 19,
        "Gross Profit": 7,
        "Operating Income": -1,
        "EBIT": 4,
        "Net Income": -1
    },
    "2014-06-30": {
        "Diluted EPS": 2.6,
        "Total Revenue": 15,
        "Gross Profit": 5,
        "Operating Income": 1,
        "EBIT": 6,
        "Net Income": 2
    },
    "2014-03-31": {
        "Diluted EPS": -6.0,
        "Total Revenue": 14,
        "Gross Profit": 5,
        "Operating Income": -5,
        "EBIT": -2,
        "Net Income": -4
    },
    "2013-12-31": {
        "Diluted EPS": -0.4,
        "Total Revenue": 13,
        "Gross Profit": 5,
        "Operating Income": -1,
        "EBIT": 2,
        "Net Income": 0
    },
    "2013-09-30": {
        "Diluted EPS": 1.0,
        "Total Revenue": 12,
        "Gross Profit": 4,
        "Operating Income": 0,
        "EBIT": 2,
        "Net Income": 1
    },
    "2013-06-30": {
        "Diluted EPS": -1.0,
        "Total Revenue": 10,
        "Gross Profit": 3,
        "Operating Income": -1,
        "EBIT": 1,
        "Net Income": -1
    },
    "2013-03-31": {
        "Diluted EPS": -2.8,
        "Total Revenue": 8,
        "Gross Profit": 2,
        "Operating Income": -2,
        "EBIT": 0,
        "Net Income": -2
    },
    "2012-12-31": {
        "Diluted EPS": 0.0,
        "Total Revenue": NaN,
        "Gross Profit": NaN,
        "Operating Income": NaN,
        "EBIT": NaN,
        "Net Income": NaN
    },
    "2023-06-30": {
        "Tax Effect Of Unusual Items": -90315.0,
        "Tax Rate For Calcs": 0.045,
        "Normalized EBITDA": 17305000.0,
        "Total Unusual Items": -2007000.0,
        "Total Unusual Items Excluding Goodwill": -2007000.0,
        "Net Income From Continuing Operation Net Minority Interest": -4161000.0,
        "Reconciled Depreciation": 11405000.0,
        "Reconciled Cost Of Revenue": 45232000.0,
        "EBITDA": 15298000.0,
        "EBIT": 3893000.0,
        "Net Interest Income": -8251000.0,
        "Interest Expense": 8251000.0,
        "Normalized Income": -2244315.0,
        "Net Income From Continuing And Discontinued Operation": -4161000.0,
        "Total Expenses": 50456000.0,
        "Total Operating Income As Reported": 3893000.0,
        "Diluted Average Shares": 14050000.0,
        "Basic Average Shares": 14050000.0,
        "Diluted EPS": -0.3,
        "Basic EPS": -0.3,
        "Diluted NI Availto Com Stockholders": -4161000.0,
        "Net Income Common Stockholders": -4161000.0,
        "Net Income": -4161000.0,
        "Net Income Including Noncontrolling Interests": -4161000.0,
        "Net Income Continuous Operations": -4161000.0,
        "Tax Provision": -197000.0,
        "Pretax Income": -4358000.0,
        "Other Income Expense": -2007000.0,
        "Special Income Charges": -2007000.0,
        "Gain On Sale Of Ppe": -2007000.0,
        "Other Special Charges": NaN,
        "Impairment Of Capital Assets": NaN,
        "Gain On Sale Of Security": NaN,
        "Net Non Operating Interest Income Expense": -8251000.0,
        "Interest Expense Non Operating": 8251000.0,
        "Operating Income": 5900000.0,
        "Operating Expense": 5224000.0,
        "Selling General And Administration": 5224000.0,
        "Gross Profit": 11124000.0,
        "Cost Of Revenue": 45232000.0,
        "Total Revenue": 56356000.0,
        "Operating Revenue": 48960000.0
    }
}