{
    "2023-03-31": {
        "Tax Effect Of Unusual Items": NaN,
        "Tax Rate For Calcs": NaN,
        "Normalized EBITDA": NaN,
        "Total Unusual Items": NaN,
        "Total Unusual Items Excluding Goodwill": NaN,
        "Net Income From Continuing Operation Net Minority Interest": NaN,
        "Reconciled Depreciation": NaN,
        "Reconciled Cost Of Revenue": NaN,
        "EBITDA": NaN,
        "EBIT": NaN,
        "Net Interest Income": NaN,
        "Interest Expense": NaN,
        "Interest Income": NaN,
        "Normalized Income": NaN,
        "Net Income From Continuing And Discontinued Operation": NaN,
        "Total Expenses": NaN,
        "Rent Expense Supplemental": NaN,
        "Total Operating Income As Reported": NaN,
        "Diluted Average Shares": 561000000.0,
        "Basic Average Shares": 559000000.0,
        "Diluted EPS": 1.17,
        "Basic EPS": 1.17,
        "Diluted NI Availto Com Stockholders": NaN,
        "Net Income Common Stockholders": NaN,
        "Net Income": NaN,
        "Minority Interests": NaN,
        "Net Income Including Noncontrolling Interests": NaN,
        "Net Income Continuous Operations": NaN,
        "Tax Provision": NaN,
        "Pretax Income": NaN,
        "Other Income Expense": NaN,
        "Other Non Operating Income Expenses": NaN,
        "Special Income Charges": NaN,
        "Restructuring And Mergern Acquisition": NaN,
        "Net Non Operating Interest Income Expense": NaN,
        "Interest Expense Non Operating": NaN,
        "Interest Income Non Operating": NaN,
        "Operating Income": NaN,
        "Operating Expense": NaN,
        "Depreciation Amortization Depletion Income Statement": NaN,
        "Depreciation And Amortization In Income Statement": NaN,
        "Selling General And Administration": NaN,
        "General And Administrative Expense": NaN,
        "Other Gand A": NaN,
        "Rent And Landing Fees": NaN,
        "Gross Profit": NaN,
        "Cost Of Revenue": NaN,
        "Total Revenue": NaN,
        "Operating Revenue": NaN
    },
    "2022-12-31": {
        "Tax Effect Of Unusual Items": NaN,
        "Tax Rate For Calcs": NaN,
        "Normalized EBITDA": NaN,
        "Total Unusual Items": NaN,
        "Total Unusual Items Excluding Goodwill": NaN,
        "Net Income From Continuing Operation Net Minority Interest": NaN,
        "Reconciled Depreciation": NaN,
        "Reconciled Cost Of Revenue": NaN,
        "EBITDA": NaN,
        "EBIT": NaN,
        "Net Interest Income": NaN,
        "Interest Expense": NaN,
        "Interest Income": NaN,
        "Normalized Income": NaN,
        "Net Income From Continuing And Discontinued Operation": NaN,
        "Total Expenses": NaN,
        "Rent Expense Supplemental": NaN,
        "Total Operating Income As Reported": NaN,
        "Diluted Average Shares": 560000000.0,
        "Basic Average Shares": 559000000.0,
        "Diluted EPS": 0.76,
        "Basic EPS": 0.76,
        "Diluted NI Availto Com Stockholders": NaN,
        "Net Income Common Stockholders": NaN,
        "Net Income": NaN,
        "Minority Interests": NaN,
        "Net Income Including Noncontrolling Interests": NaN,
        "Net Income Continuous Operations": NaN,
        "Tax Provision": NaN,
        "Pretax Income": NaN,
        "Other Income Expense": NaN,
        "Other Non Operating Income Expenses": NaN,
        "Special Income Charges": NaN,
        "Restructuring And Mergern Acquisition": NaN,
        "Net Non Operating Interest Income Expense": NaN,
        "Interest Expense Non Operating": NaN,
        "Interest Income Non Operating": NaN,
        "Operating Income": NaN,
        "Operating Expense": NaN,
        "Depreciation Amortization Depletion Income Statement": NaN,
        "Depreciation And Amortization In Income Statement": NaN,
        "Selling General And Administration": NaN,
        "General And Administrative Expense": NaN,
        "Other Gand A": NaN,
        "Rent And Landing Fees": NaN,
        "Gross Profit": NaN,
        "Cost Of Revenue": NaN,
        "Total Revenue": NaN,
        "Operating Revenue": NaN
    },
    "2022-09-30": {
        "Tax Effect Of Unusual Items": -7600000.0,
        "Tax Rate For Calcs": 0.4,
        "Normalized EBITDA": 126000000.0,
        "Total Unusual Items": -19000000.0,
        "Total Unusual Items Excluding Goodwill": -19000000.0,
        "Net Income From Continuing Operation Net Minority Interest": -191000000.0,
        "Reconciled Depreciation": 258000000.0,
        "Reconciled Cost Of Revenue": 1089000000.0,
        "EBITDA": 107000000.0,
        "EBIT": -151000000.0,
        "Net Interest Income": -143000000.0,
        "Interest Expense": 176000000.0,
        "Interest Income": 33000000.0,
        "Normalized Income": -179600000.0,
        "Net Income From Continuing And Discontinued Operation": -191000000.0,
        "Total Expenses": 1455000000.0,
        "Rent Expense Supplemental": 22000000.0,
        "Total Operating Income As Reported": 913000000.0,
        "Diluted Average Shares": 560000000.0,
        "Basic Average Shares": 558000000.0,
        "Diluted EPS": -0.34,
        "Basic EPS": -0.34,
        "Diluted NI Availto Com Stockholders": -191000000.0,
        "Net Income Common Stockholders": -191000000.0,
        "Net Income": -191000000.0,
        "Minority Interests": -16000000.0,
        "Net Income Including Noncontrolling Interests": -175000000.0,
        "Net Income Continuous Operations": -175000000.0,
        "Tax Provision": -152000000.0,
        "Pretax Income": -327000000.0,
        "Other Income Expense": -1116000000.0,
        "Other Non Operating Income Expenses": -1097000000.0,
        "Special Income Charges": -19000000.0,
        "Restructuring And Mergern Acquisition": 19000000.0,
        "Net Non Operating Interest Income Expense": -143000000.0,
        "Interest Expense Non Operating": 176000000.0,
        "Interest Income Non Operating": 33000000.0,
        "Operating Income": 932000000.0,
        "Operating Expense": 366000000.0,
        "Depreciation Amortization Depletion Income Statement": 258000000.0,
        "Depreciation And Amortization In Income Statement": 258000000.0,
        "Selling General And Administration": 108000000.0,
        "General And Administrative Expense": 108000000.0,
        "Other Gand A": 86000000.0,
        "Rent And Landing Fees": 22000000.0,
        "Gross Profit": 1298000000.0,
        "Cost Of Revenue": 1089000000.0,
        "Total Revenue": 2387000000.0,
        "Operating Revenue": 2387000000.0
    },
    "2022-06-30": {
        "Tax Effect Of Unusual Items": -12190000.0,
        "Tax Rate For Calcs": 0.23,
        "Normalized EBITDA": 1209000000.0,
        "Total Unusual Items": -53000000.0,
        "Total Unusual Items Excluding Goodwill": -53000000.0,
        "Net Income From Continuing Operation Net Minority Interest": 555000000.0,
        "Reconciled Depreciation": 256000000.0,
        "Reconciled Cost Of Revenue": 1123000000.0,
        "EBITDA": 1156000000.0,
        "EBIT": 900000000.0,
        "Net Interest Income": -153000000.0,
        "Interest Expense": 161000000.0,
        "Interest Income": 8000000.0,
        "Normalized Income": 595810000.0,
        "Net Income From Continuing And Discontinued Operation": 555000000.0,
        "Total Expenses": 1491000000.0,
        "Rent Expense Supplemental": 20000000.0,
        "Total Operating Income As Reported": 869000000.0,
        "Diluted Average Shares": 560000000.0,
        "Basic Average Shares": 558000000.0,
        "Diluted EPS": 0.99,
        "Basic EPS": 0.99,
        "Diluted NI Availto Com Stockholders": 555000000.0,
        "Net Income Common Stockholders": 555000000.0,
        "Net Income": 555000000.0,
        "Minority Interests": -11000000.0,
        "Net Income Including Noncontrolling Interests": 566000000.0,
        "Net Income Continuous Operations": 566000000.0,
        "Tax Provision": 173000000.0,
        "Pretax Income": 739000000.0,
        "Other Income Expense": -30000000.0,
        "Other Non Operating Income Expenses": 23000000.0,
        "Special Income Charges": -53000000.0,
        "Restructuring And Mergern Acquisition": 53000000.0,
        "Net Non Operating Interest Income Expense": -153000000.0,
        "Interest Expense Non Operating": 161000000.0,
        "Interest Income Non Operating": 8000000.0,
        "Operating Income": 922000000.0,
        "Operating Expense": 368000000.0,
        "Depreciation Amortization Depletion Income Statement": 256000000.0,
        "Depreciation And Amortization In Income Statement": 256000000.0,
        "Selling General And Administration": 112000000.0,
        "General And Administrative Expense": 112000000.0,
        "Other Gand A": 92000000.0,
        "Rent And Landing Fees": 20000000.0,
        "Gross Profit": 1290000000.0,
        "Cost Of Revenue": 1123000000.0,
        "Total Revenue": 2413000000.0,
        "Operating Revenue": 2413000000.0
    },
    "2023-06-30": {
        "Tax Effect Of Unusual Items": NaN,
        "Tax Rate For Calcs": NaN,
        "Normalized EBITDA": NaN,
        "Total Unusual Items": NaN,
        "Total Unusual Items Excluding Goodwill": NaN,
        "Net Income From Continuing Operation Net Minority Interest": NaN,
        "Reconciled Depreciation": NaN,
        "Reconciled Cost Of Revenue": NaN,
        "EBITDA": NaN,
        "EBIT": NaN,
        "Net Interest Income": NaN,
        "Interest Expense": NaN,
        "Interest Income": NaN,
        "Normalized Income": NaN,
        "Net Income From Continuing And Discontinued Operation": NaN,
        "Total Expenses": NaN,
        "Rent Expense Supplemental": NaN,
        "Total Operating Income As Reported": NaN,
        "Diluted Average Shares": 561000000.0,
        "Basic Average Shares": 560000000.0,
        "Diluted EPS": 1.42,
        "Basic EPS": 1.43,
        "Diluted NI Availto Com Stockholders": NaN,
        "Net Income Common Stockholders": NaN,
        "Net Income": NaN,
        "Minority Interests": NaN,
        "Net Income Including Noncontrolling Interests": NaN,
        "Net Income Continuous Operations": NaN,
        "Tax Provision": NaN,
        "Pretax Income": NaN,
        "Other Income Expense": NaN,
        "Other Non Operating Income Expenses": NaN,
        "Special Income Charges": NaN,
        "Restructuring And Mergern Acquisition": NaN,
        "Net Non Operating Interest Income Expense": NaN,
        "Interest Expense Non Operating": NaN,
        "Interest Income Non Operating": NaN,
        "Operating Income": NaN,
        "Operating Expense": NaN,
        "Depreciation Amortization Depletion Income Statement": NaN,
        "Depreciation And Amortization In Income Statement": NaN,
        "Selling General And Administration": NaN,
        "General And Administrative Expense": NaN,
        "Other Gand A": NaN,
        "Rent And Landing Fees": NaN,
        "Gross Profit": NaN,
        "Cost Of Revenue": NaN,
        "Total Revenue": NaN,
        "Operating Revenue": NaN
    },
    "2022-03-31": {
        "Diluted EPS": 1.16,
        "Total Revenue": NaN,
        "Gross Profit": NaN,
        "Operating Income": 992,
        "EBIT": NaN,
        "Net Income": 657
    },
    "2021-12-31": {
        "Diluted EPS": 2.7,
        "Total Revenue": NaN,
        "Gross Profit": NaN,
        "Operating Income": 880,
        "EBIT": NaN,
        "Net Income": NaN
    },
    "2021-09-30": {
        "Diluted EPS": 1.12,
        "Total Revenue": NaN,
        "Gross Profit": NaN,
        "Operating Income": 878,
        "EBIT": NaN,
        "Net Income": 633
    },
    "2021-06-30": {
        "Diluted EPS": 2.22,
        "Total Revenue": NaN,
        "Gross Profit": NaN,
        "Operating Income": 799,
        "EBIT": NaN,
        "Net Income": NaN
    },
    "2021-03-31": {
        "Diluted EPS": 1.14,
        "Total Revenue": NaN,
        "Gross Profit": NaN,
        "Operating Income": 892,
        "EBIT": NaN,
        "Net Income": 646
    },
    "2020-12-31": {
        "Diluted EPS": 0.94,
        "Total Revenue": NaN,
        "Gross Profit": NaN,
        "Operating Income": 780,
        "EBIT": NaN,
        "Net Income": 526
    },
    "2020-09-30": {
        "Diluted EPS": 0.71,
        "Total Revenue": NaN,
        "Gross Profit": NaN,
        "Operating Income": 627,
        "EBIT": 807,
        "Net Income": 390
    },
    "2020-06-30": {
        "Diluted EPS": 0.95,
        "Total Revenue": NaN,
        "Gross Profit": NaN,
        "Operating Income": 744,
        "EBIT": 901,
        "Net Income": 523
    },
    "2020-03-31": {
        "Diluted EPS": 1.17,
        "Total Revenue": NaN,
        "Gross Profit": NaN,
        "Operating Income": 882,
        "EBIT": NaN,
        "Net Income": 650
    },
    "2019-12-31": {
        "Diluted EPS": 0.79,
        "Total Revenue": NaN,
        "Gross Profit": NaN,
        "Operating Income": 622,
        "EBIT": 811,
        "Net Income": 448
    },
    "2019-09-30": {
        "Diluted EPS": 0.94,
        "Total Revenue": NaN,
        "Gross Profit": NaN,
        "Operating Income": 706,
        "EBIT": 864,
        "Net Income": 529
    },
    "2019-06-30": {
        "Diluted EPS": 0.84,
        "Total Revenue": NaN,
        "Gross Profit": NaN,
        "Operating Income": 680,
        "EBIT": 837,
        "Net Income": 472
    },
    "2019-03-31": {
        "Diluted EPS": 0.85,
        "Total Revenue": NaN,
        "Gross Profit": NaN,
        "Operating Income": 665,
        "EBIT": 823,
        "Net Income": 484
    },
    "2018-12-31": {
        "Diluted EPS": 1.07,
        "Total Revenue": NaN,
        "Gross Profit": NaN,
        "Operating Income": 676,
        "EBIT": 833,
        "Net Income": 611
    },
    "2018-09-30": {
        "Diluted EPS": 0.79,
        "Total Revenue": NaN,
        "Gross Profit": NaN,
        "Operating Income": 602,
        "EBIT": 750,
        "Net Income": 458
    },
    "2018-06-30": {
        "Diluted EPS": 0.78,
        "Total Revenue": NaN,
        "Gross Profit": NaN,
        "Operating Income": 655,
        "EBIT": 798,
        "Net Income": 455
    },
    "2018-03-31": {
        "Diluted EPS": 0.79,
        "Total Revenue": NaN,
        "Gross Profit": NaN,
        "Operating Income": 650,
        "EBIT": 788,
        "Net Income": 464
    },
    "2017-12-31": {
        "Diluted EPS": 2.07,
        "Total Revenue": NaN,
        "Gross Profit": NaN,
        "Operating Income": 592,
        "EBIT": 723,
        "Net Income": NaN
    },
    "2017-09-30": {
        "Diluted EPS": 0.63,
        "Total Revenue": NaN,
        "Gross Profit": NaN,
        "Operating Income": 596,
        "EBIT": 724,
        "Net Income": 371
    },
    "2017-06-30": {
        "Diluted EPS": 0.71,
        "Total Revenue": NaN,
        "Gross Profit": NaN,
        "Operating Income": 609,
        "EBIT": 751,
        "Net Income": 419
    },
    "2017-03-31": {
        "Diluted EPS": 0.84,
        "Total Revenue": NaN,
        "Gross Profit": NaN,
        "Operating Income": 582,
        "EBIT": 716,
        "Net Income": 503
    },
    "2016-12-31": {
        "Diluted EPS": 0.6,
        "Total Revenue": NaN,
        "Gross Profit": NaN,
        "Operating Income": 563,
        "EBIT": 703,
        "Net Income": 360
    },
    "2016-09-30": {
        "Diluted EPS": 0.57,
        "Total Revenue": NaN,
        "Gross Profit": NaN,
        "Operating Income": 474,
        "EBIT": 655,
        "Net Income": 344
    },
    "2016-06-30": {
        "Diluted EPS": 0.6,
        "Total Revenue": NaN,
        "Gross Profit": NaN,
        "Operating Income": 551,
        "EBIT": 697,
        "Net Income": 357
    },
    "2016-03-31": {
        "Diluted EPS": 0.62,
        "Total Revenue": NaN,
        "Gross Profit": NaN,
        "Operating Income": 584,
        "EBIT": 727,
        "Net Income": 369
    },
    "2015-12-31": {
        "Diluted EPS": 0.66,
        "Total Revenue": 875,
        "Gross Profit": 838,
        "Operating Income": 418,
        "EBIT": 516,
        "Net Income": 370
    },
    "2015-09-30": {
        "Diluted EPS": 0.55,
        "Total Revenue": 816,
        "Gross Profit": 779,
        "Operating Income": 440,
        "EBIT": 534,
        "Net Income": 306
    },
    "2015-06-30": {
        "Diluted EPS": 0.51,
        "Total Revenue": 797,
        "Gross Profit": 765,
        "Operating Income": 430,
        "EBIT": 512,
        "Net Income": 283
    },
    "2015-03-31": {
        "Diluted EPS": 0.56,
        "Total Revenue": 850,
        "Gross Profit": 817,
        "Operating Income": 462,
        "EBIT": 539,
        "Net Income": 315
    },
    "2014-12-31": {
        "Diluted EPS": 0.51,
        "Total Revenue": 800,
        "Gross Profit": 769,
        "Operating Income": 400,
        "EBIT": 476,
        "Net Income": 288
    },
    "2014-09-30": {
        "Diluted EPS": 0.36,
        "Total Revenue": 745,
        "Gross Profit": 698,
        "Operating Income": 330,
        "EBIT": 399,
        "Net Income": 206
    },
    "2014-06-30": {
        "Diluted EPS": 0.39,
        "Total Revenue": 750,
        "Gross Profit": 701,
        "Operating Income": 327,
        "EBIT": 394,
        "Net Income": 226
    },
    "2014-03-31": {
        "Diluted EPS": 0.45,
        "Total Revenue": 797,
        "Gross Profit": 743,
        "Operating Income": 391,
        "EBIT": 457,
        "Net Income": 261
    },
    "2013-12-31": {
        "Diluted EPS": -0.53,
        "Total Revenue": 536,
        "Gross Profit": 505,
        "Operating Income": 163,
        "EBIT": 212,
        "Net Income": -176
    },
    "2013-09-30": {
        "Diluted EPS": 0.38,
        "Total Revenue": 338,
        "Gross Profit": 331,
        "Operating Income": 202,
        "EBIT": 237,
        "Net Income": 141
    },
    "2013-06-30": {
        "Diluted EPS": 0.42,
        "Total Revenue": 372,
        "Gross Profit": 364,
        "Operating Income": 225,
        "EBIT": 258,
        "Net Income": 154
    },
    "2013-03-31": {
        "Diluted EPS": 0.37,
        "Total Revenue": 352,
        "Gross Profit": 344,
        "Operating Income": 200,
        "EBIT": 232,
        "Net Income": 135
    },
    "2012-12-31": {
        "Diluted EPS": 0.35,
        "Total Revenue": 323,
        "Gross Profit": 316,
        "Operating Income": 192,
        "EBIT": 223,
        "Net Income": 130
    },
    "2012-09-30": {
        "Diluted EPS": 0.36,
        "Total Revenue": 323,
        "Gross Profit": 315,
        "Operating Income": 194,
        "EBIT": 228,
        "Net Income": 131
    },
    "2012-06-30": {
        "Diluted EPS": 0.39,
        "Total Revenue": 351,
        "Gross Profit": 343,
        "Operating Income": 215,
        "EBIT": 249,
        "Net Income": 143
    },
    "2012-03-31": {
        "Diluted EPS": 0.4,
        "Total Revenue": 365,
        "Gross Profit": 356,
        "Operating Income": 225,
        "EBIT": 258,
        "Net Income": 148
    },
    "2011-12-31": {
        "Diluted EPS": 0.34,
        "Total Revenue": 327,
        "Gross Profit": 317,
        "Operating Income": 195,
        "EBIT": 221,
        "Net Income": 127
    },
    "2011-09-30": {
        "Diluted EPS": 0.36,
        "Total Revenue": 341,
        "Gross Profit": 332,
        "Operating Income": 204,
        "EBIT": 239,
        "Net Income": 133
    },
    "2011-06-30": {
        "Diluted EPS": 0.33,
        "Total Revenue": 325,
        "Gross Profit": 317,
        "Operating Income": 191,
        "EBIT": 225,
        "Net Income": 121
    },
    "2011-03-31": {
        "Diluted EPS": 0.35,
        "Total Revenue": 334,
        "Gross Profit": 326,
        "Operating Income": 203,
        "EBIT": 238,
        "Net Income": 129
    },
    "2010-12-31": {
        "Diluted EPS": 0.27,
        "Total Revenue": 285,
        "Gross Profit": 277,
        "Operating Income": 159,
        "EBIT": 194,
        "Net Income": 99
    },
    "2010-09-30": {
        "Diluted EPS": 0.26,
        "Total Revenue": 287,
        "Gross Profit": 279,
        "Operating Income": 152,
        "EBIT": 185,
        "Net Income": 96
    },
    "2010-06-30": {
        "Diluted EPS": 0.27,
        "Total Revenue": 296,
        "Gross Profit": 288,
        "Operating Income": 178,
        "EBIT": 208,
        "Net Income": 102
    },
    "2010-03-31": {
        "Diluted EPS": 0.27,
        "Total Revenue": 282,
        "Gross Profit": 273,
        "Operating Income": 164,
        "EBIT": 194,
        "Net Income": 101
    },
    "2009-12-31": {
        "Diluted EPS": 0.23,
        "Total Revenue": 257,
        "Gross Profit": 247,
        "Operating Income": 124,
        "EBIT": 154,
        "Net Income": 84
    },
    "2009-09-30": {
        "Diluted EPS": 0.24,
        "Total Revenue": 256,
        "Gross Profit": 246,
        "Operating Income": 140,
        "EBIT": 169,
        "Net Income": 87
    },
    "2009-06-30": {
        "Diluted EPS": 0.19,
        "Total Revenue": 250,
        "Gross Profit": 242,
        "Operating Income": 135,
        "EBIT": 164,
        "Net Income": 72
    },
    "2009-03-31": {
        "Diluted EPS": 0.2,
        "Total Revenue": 232,
        "Gross Profit": 224,
        "Operating Income": 114,
        "EBIT": 142,
        "Net Income": 72
    },
    "2023-09-30": {
        "Tax Effect Of Unusual Items": NaN,
        "Tax Rate For Calcs": NaN,
        "Normalized EBITDA": NaN,
        "Total Unusual Items": NaN,
        "Total Unusual Items Excluding Goodwill": NaN,
        "Net Income From Continuing Operation Net Minority Interest": NaN,
        "Reconciled Depreciation": NaN,
        "Reconciled Cost Of Revenue": NaN,
        "EBITDA": NaN,
        "EBIT": NaN,
        "Net Interest Income": NaN,
        "Interest Expense": NaN,
        "Interest Income": NaN,
        "Normalized Income": NaN,
        "Net Income From Continuing And Discontinued Operation": NaN,
        "Total Expenses": NaN,
        "Rent Expense Supplemental": NaN,
        "Total Operating Income As Reported": NaN,
        "Diluted Average Shares": 565000000.0,
        "Basic Average Shares": 563000000.0,
        "Diluted EPS": 0.96,
        "Basic EPS": 0.96,
        "Diluted NI Availto Com Stockholders": NaN,
        "Net Income Common Stockholders": NaN,
        "Net Income": NaN,
        "Minority Interests": NaN,
        "Net Income Including Noncontrolling Interests": NaN,
        "Net Income Continuous Operations": NaN,
        "Tax Provision": NaN,
        "Pretax Income": NaN,
        "Other Income Expense": NaN,
        "Other Non Operating Income Expenses": NaN,
        "Special Income Charges": NaN,
        "Restructuring And Mergern Acquisition": NaN,
        "Net Non Operating Interest Income Expense": NaN,
        "Interest Expense Non Operating": NaN,
        "Interest Income Non Operating": NaN,
        "Operating Income": NaN,
        "Operating Expense": NaN,
        "Depreciation Amortization Depletion Income Statement": NaN,
        "Depreciation And Amortization In Income Statement": NaN,
        "Selling General And Administration": NaN,
        "General And Administrative Expense": NaN,
        "Other Gand A": NaN,
        "Rent And Landing Fees": NaN,
        "Gross Profit": NaN,
        "Cost Of Revenue": NaN,
        "Total Revenue": NaN,
        "Operating Revenue": NaN
    },
    "2023-12-31": {
        "Tax Effect Of Unusual Items": -16604651.162791,
        "Tax Rate For Calcs": 0.244186,
        "Normalized EBITDA": 1214000000.0,
        "Total Unusual Items": -68000000.0,
        "Total Unusual Items Excluding Goodwill": -68000000.0,
        "Net Income From Continuing Operation Net Minority Interest": 373000000.0,
        "Reconciled Depreciation": 379000000.0,
        "Reconciled Cost Of Revenue": 1162000000.0,
        "EBITDA": 1146000000.0,
        "EBIT": 767000000.0,
        "Net Interest Income": -219000000.0,
        "Interest Expense": 251000000.0,
        "Interest Income": 32000000.0,
        "Normalized Income": 424395348.837209,
        "Net Income From Continuing And Discontinued Operation": 373000000.0,
        "Total Expenses": 1673000000.0,
        "Rent Expense Supplemental": 27000000.0,
        "Total Operating Income As Reported": 925000000.0,
        "Diluted Average Shares": NaN,
        "Basic Average Shares": NaN,
        "Diluted EPS": NaN,
        "Basic EPS": NaN,
        "Diluted NI Availto Com Stockholders": 373000000.0,
        "Net Income Common Stockholders": 373000000.0,
        "Net Income": 373000000.0,
        "Minority Interests": -17000000.0,
        "Net Income Including Noncontrolling Interests": 390000000.0,
        "Net Income Continuous Operations": 390000000.0,
        "Tax Provision": 126000000.0,
        "Pretax Income": 516000000.0,
        "Other Income Expense": -258000000.0,
        "Other Non Operating Income Expenses": -190000000.0,
        "Special Income Charges": -68000000.0,
        "Restructuring And Mergern Acquisition": 68000000.0,
        "Net Non Operating Interest Income Expense": -219000000.0,
        "Interest Expense Non Operating": 251000000.0,
        "Interest Income Non Operating": 32000000.0,
        "Operating Income": 993000000.0,
        "Operating Expense": 511000000.0,
        "Depreciation Amortization Depletion Income Statement": 379000000.0,
        "Depreciation And Amortization In Income Statement": 379000000.0,
        "Selling General And Administration": 132000000.0,
        "General And Administrative Expense": 132000000.0,
        "Other Gand A": 105000000.0,
        "Rent And Landing Fees": 27000000.0,
        "Gross Profit": 1504000000.0,
        "Cost Of Revenue": 1162000000.0,
        "Total Revenue": 2666000000.0,
        "Operating Revenue": 2666000000.0
    },
    "2024-03-31": {
        "Tax Effect Of Unusual Items": -6840000.0,
        "Tax Rate For Calcs": 0.19,
        "Normalized EBITDA": 1622000000.0,
        "Total Unusual Items": -36000000.0,
        "Total Unusual Items Excluding Goodwill": -36000000.0,
        "Net Income From Continuing Operation Net Minority Interest": 767000000.0,
        "Reconciled Depreciation": 381000000.0,
        "Reconciled Cost Of Revenue": 1178000000.0,
        "EBITDA": 1586000000.0,
        "EBIT": 1205000000.0,
        "Net Interest Income": -211000000.0,
        "Interest Expense": 241000000.0,
        "Interest Income": 30000000.0,
        "Normalized Income": 796160000.0,
        "Net Income From Continuing And Discontinued Operation": 767000000.0,
        "Total Expenses": 1702000000.0,
        "Rent Expense Supplemental": 29000000.0,
        "Total Operating Income As Reported": 1063000000.0,
        "Diluted Average Shares": 575000000.0,
        "Basic Average Shares": 573000000.0,
        "Diluted EPS": 1.33,
        "Basic EPS": 1.34,
        "Diluted NI Availto Com Stockholders": 767000000.0,
        "Net Income Common Stockholders": 767000000.0,
        "Net Income": 767000000.0,
        "Minority Interests": -16000000.0,
        "Net Income Including Noncontrolling Interests": 783000000.0,
        "Net Income Continuous Operations": 783000000.0,
        "Tax Provision": 181000000.0,
        "Pretax Income": 964000000.0,
        "Other Income Expense": 76000000.0,
        "Other Non Operating Income Expenses": 112000000.0,
        "Special Income Charges": -36000000.0,
        "Restructuring And Mergern Acquisition": 36000000.0,
        "Net Non Operating Interest Income Expense": -211000000.0,
        "Interest Expense Non Operating": 241000000.0,
        "Interest Income Non Operating": 30000000.0,
        "Operating Income": 1099000000.0,
        "Operating Expense": 524000000.0,
        "Depreciation Amortization Depletion Income Statement": 381000000.0,
        "Depreciation And Amortization In Income Statement": 381000000.0,
        "Selling General And Administration": 143000000.0,
        "General And Administrative Expense": 143000000.0,
        "Other Gand A": 114000000.0,
        "Rent And Landing Fees": 29000000.0,
        "Gross Profit": 1623000000.0,
        "Cost Of Revenue": 1178000000.0,
        "Total Revenue": 2801000000.0,
        "Operating Revenue": 2801000000.0
    },
    "2024-06-30": {
        "Tax Effect Of Unusual Items": -3900000.0,
        "Tax Rate For Calcs": 0.26,
        "Normalized EBITDA": 1490000000.0,
        "Total Unusual Items": -15000000.0,
        "Total Unusual Items Excluding Goodwill": -15000000.0,
        "Net Income From Continuing Operation Net Minority Interest": 632000000.0,
        "Reconciled Depreciation": 381000000.0,
        "Reconciled Cost Of Revenue": 1267000000.0,
        "EBITDA": 1475000000.0,
        "EBIT": 1094000000.0,
        "Net Interest Income": -197000000.0,
        "Interest Expense": 233000000.0,
        "Interest Income": 36000000.0,
        "Normalized Income": 643100000.0,
        "Net Income From Continuing And Discontinued Operation": 632000000.0,
        "Total Expenses": 1816000000.0,
        "Rent Expense Supplemental": 30000000.0,
        "Total Operating Income As Reported": 1066000000.0,
        "Diluted Average Shares": 575000000.0,
        "Basic Average Shares": 573000000.0,
        "Diluted EPS": 1.1,
        "Basic EPS": 1.1,
        "Diluted NI Availto Com Stockholders": 632000000.0,
        "Net Income Common Stockholders": 632000000.0,
        "Net Income": 632000000.0,
        "Minority Interests": -7000000.0,
        "Net Income Including Noncontrolling Interests": 639000000.0,
        "Net Income Continuous Operations": 639000000.0,
        "Tax Provision": 222000000.0,
        "Pretax Income": 861000000.0,
        "Other Income Expense": -23000000.0,
        "Other Non Operating Income Expenses": -8000000.0,
        "Special Income Charges": -15000000.0,
        "Restructuring And Mergern Acquisition": 15000000.0,
        "Net Non Operating Interest Income Expense": -197000000.0,
        "Interest Expense Non Operating": 233000000.0,
        "Interest Income Non Operating": 36000000.0,
        "Operating Income": 1081000000.0,
        "Operating Expense": 549000000.0,
        "Depreciation Amortization Depletion Income Statement": 381000000.0,
        "Depreciation And Amortization In Income Statement": 381000000.0,
        "Selling General And Administration": 168000000.0,
        "General And Administrative Expense": 168000000.0,
        "Other Gand A": 138000000.0,
        "Rent And Landing Fees": 30000000.0,
        "Gross Profit": 1630000000.0,
        "Cost Of Revenue": 1267000000.0,
        "Total Revenue": 2897000000.0,
        "Operating Revenue": 2897000000.0
    },
    "2024-09-30": {
        "Tax Effect Of Unusual Items": -9250000.0,
        "Tax Rate For Calcs": 0.25,
        "Normalized EBITDA": 1544000000.0,
        "Total Unusual Items": -37000000.0,
        "Total Unusual Items Excluding Goodwill": -37000000.0,
        "Net Income From Continuing Operation Net Minority Interest": 657000000.0,
        "Reconciled Depreciation": 386000000.0,
        "Reconciled Cost Of Revenue": 1383000000.0,
        "EBITDA": 1507000000.0,
        "EBIT": 1121000000.0,
        "Net Interest Income": -184000000.0,
        "Interest Expense": 223000000.0,
        "Interest Income": 39000000.0,
        "Normalized Income": 684750000.0,
        "Net Income From Continuing And Discontinued Operation": 657000000.0,
        "Total Expenses": 1893000000.0,
        "Rent Expense Supplemental": 30000000.0,
        "Total Operating Income As Reported": 1103000000.0,
        "Diluted Average Shares": 577000000.0,
        "Basic Average Shares": 574000000.0,
        "Diluted EPS": 1.14,
        "Basic EPS": 1.15,
        "Diluted NI Availto Com Stockholders": 657000000.0,
        "Net Income Common Stockholders": 657000000.0,
        "Net Income": 657000000.0,
        "Minority Interests": -14000000.0,
        "Net Income Including Noncontrolling Interests": 671000000.0,
        "Net Income Continuous Operations": 671000000.0,
        "Tax Provision": 227000000.0,
        "Pretax Income": 898000000.0,
        "Other Income Expense": -58000000.0,
        "Other Non Operating Income Expenses": -21000000.0,
        "Special Income Charges": -37000000.0,
        "Restructuring And Mergern Acquisition": 37000000.0,
        "Net Non Operating Interest Income Expense": -184000000.0,
        "Interest Expense Non Operating": 223000000.0,
        "Interest Income Non Operating": 39000000.0,
        "Operating Income": 1140000000.0,
        "Operating Expense": 510000000.0,
        "Depreciation Amortization Depletion Income Statement": 386000000.0,
        "Depreciation And Amortization In Income Statement": 386000000.0,
        "Selling General And Administration": 124000000.0,
        "General And Administrative Expense": 124000000.0,
        "Other Gand A": 94000000.0,
        "Rent And Landing Fees": 30000000.0,
        "Gross Profit": 1650000000.0,
        "Cost Of Revenue": 1383000000.0,
        "Total Revenue": 3033000000.0,
        "Operating Revenue": 3033000000.0
    },
    "2024-12-31": {
        "Tax Effect Of Unusual Items": -3465193.370166,
        "Tax Rate For Calcs": 0.216575,
        "Normalized EBITDA": 1523000000.0,
        "Total Unusual Items": -16000000.0,
        "Total Unusual Items Excluding Goodwill": -16000000.0,
        "Net Income From Continuing Operation Net Minority Interest": 698000000.0,
        "Reconciled Depreciation": 389000000.0,
        "Reconciled Cost Of Revenue": 1411000000.0,
        "EBITDA": 1507000000.0,
        "EBIT": 1118000000.0,
        "Net Interest Income": -177000000.0,
        "Interest Expense": 213000000.0,
        "Interest Income": 36000000.0,
        "Normalized Income": 710534806.629834,
        "Net Income From Continuing And Discontinued Operation": 698000000.0,
        "Total Expenses": 1937000000.0,
        "Rent Expense Supplemental": 22000000.0,
        "Total Operating Income As Reported": 1077000000.0,
        "Diluted Average Shares": NaN,
        "Basic Average Shares": NaN,
        "Diluted EPS": NaN,
        "Basic EPS": NaN,
        "Diluted NI Availto Com Stockholders": 698000000.0,
        "Net Income Common Stockholders": 698000000.0,
        "Net Income": 698000000.0,
        "Minority Interests": -11000000.0,
        "Net Income Including Noncontrolling Interests": 709000000.0,
        "Net Income Continuous Operations": 709000000.0,
        "Tax Provision": 196000000.0,
        "Pretax Income": 905000000.0,
        "Other Income Expense": -11000000.0,
        "Other Non Operating Income Expenses": 5000000.0,
        "Special Income Charges": -16000000.0,
        "Restructuring And Mergern Acquisition": 16000000.0,
        "Net Non Operating Interest Income Expense": -177000000.0,
        "Interest Expense Non Operating": 213000000.0,
        "Interest Income Non Operating": 36000000.0,
        "Operating Income": 1093000000.0,
        "Operating Expense": 526000000.0,
        "Depreciation Amortization Depletion Income Statement": 389000000.0,
        "Depreciation And Amortization In Income Statement": 389000000.0,
        "Selling General And Administration": 137000000.0,
        "General And Administrative Expense": 137000000.0,
        "Other Gand A": 115000000.0,
        "Rent And Landing Fees": 22000000.0,
        "Gross Profit": 1619000000.0,
        "Cost Of Revenue": 1411000000.0,
        "Total Revenue": 3030000000.0,
        "Operating Revenue": 3030000000.0
    }
}