{
    "2023-06-30": {
        "Tax Effect Of Unusual Items": -3723874.0,
        "Tax Rate For Calcs": 0.077,
        "Normalized EBITDA": 403854000.0,
        "Total Unusual Items": -48362000.0,
        "Total Unusual Items Excluding Goodwill": -48362000.0,
        "Net Income From Continuing Operation Net Minority Interest": 115598000.0,
        "Reconciled Depreciation": 145059000.0,
        "Reconciled Cost Of Revenue": 1429540000.0,
        "EBITDA": 355492000.0,
        "EBIT": 210433000.0,
        "Net Interest Income": -84257000.0,
        "Interest Expense": 85206000.0,
        "Interest Income": 949000.0,
        "Normalized Income": 160236126.0,
        "Net Income From Continuing And Discontinued Operation": 115598000.0,
        "Total Expenses": 1762405000.0,
        "Total Operating Income As Reported": 209484000.0,
        "Diluted NI Availto Com Stockholders": 115598000.0,
        "Net Income Common Stockholders": 115598000.0,
        "Net Income": 115598000.0,
        "Net Income Including Noncontrolling Interests": 115598000.0,
        "Net Income Continuous Operations": 115598000.0,
        "Earnings From Equity Interest Net Of Tax": 0.0,
        "Tax Provision": 9629000.0,
        "Pretax Income": 125227000.0,
        "Other Income Expense": -48362000.0,
        "Special Income Charges": -48362000.0,
        "Restructuring And Mergern Acquisition": 48362000.0,
        "Net Non Operating Interest Income Expense": -84257000.0,
        "Interest Expense Non Operating": 85206000.0,
        "Interest Income Non Operating": 949000.0,
        "Operating Income": 257846000.0,
        "Operating Expense": 332865000.0,
        "Depreciation Amortization Depletion Income Statement": 145059000.0,
        "Depreciation And Amortization In Income Statement": 145059000.0,
        "Amortization": NaN,
        "Amortization Of Intangibles Income Statement": NaN,
        "Depreciation Income Statement": NaN,
        "Selling General And Administration": 187806000.0,
        "Gross Profit": 590711000.0,
        "Cost Of Revenue": 1429540000.0,
        "Total Revenue": 2020251000.0,
        "Operating Revenue": 2020251000.0
    },
    "2023-03-31": {
        "Tax Effect Of Unusual Items": -2301099.0,
        "Tax Rate For Calcs": 0.109,
        "Normalized EBITDA": 384098000.0,
        "Total Unusual Items": -21111000.0,
        "Total Unusual Items Excluding Goodwill": -21111000.0,
        "Net Income From Continuing Operation Net Minority Interest": 116654000.0,
        "Reconciled Depreciation": 145126000.0,
        "Reconciled Cost Of Revenue": 1395546000.0,
        "EBITDA": 362987000.0,
        "EBIT": 217861000.0,
        "Net Interest Income": -85479000.0,
        "Interest Expense": 86551000.0,
        "Interest Income": 1072000.0,
        "Normalized Income": 135463901.0,
        "Net Income From Continuing And Discontinued Operation": 116654000.0,
        "Total Expenses": 1740678000.0,
        "Total Operating Income As Reported": 216789000.0,
        "Diluted NI Availto Com Stockholders": 116654000.0,
        "Net Income Common Stockholders": 116654000.0,
        "Net Income": 116654000.0,
        "Net Income Including Noncontrolling Interests": 116654000.0,
        "Net Income Continuous Operations": 116654000.0,
        "Earnings From Equity Interest Net Of Tax": -383000.0,
        "Tax Provision": 14273000.0,
        "Pretax Income": 131310000.0,
        "Other Income Expense": -21111000.0,
        "Special Income Charges": -21111000.0,
        "Restructuring And Mergern Acquisition": 21111000.0,
        "Net Non Operating Interest Income Expense": -85479000.0,
        "Interest Expense Non Operating": 86551000.0,
        "Interest Income Non Operating": 1072000.0,
        "Operating Income": 237900000.0,
        "Operating Expense": 345132000.0,
        "Depreciation Amortization Depletion Income Statement": 145126000.0,
        "Depreciation And Amortization In Income Statement": 145126000.0,
        "Amortization": NaN,
        "Amortization Of Intangibles Income Statement": NaN,
        "Depreciation Income Statement": NaN,
        "Selling General And Administration": 200006000.0,
        "Gross Profit": 583032000.0,
        "Cost Of Revenue": 1395546000.0,
        "Total Revenue": 1978578000.0,
        "Operating Revenue": 1978578000.0
    },
    "2022-12-31": {
        "Tax Effect Of Unusual Items": -756943.888445,
        "Tax Rate For Calcs": 0.084311,
        "Normalized EBITDA": 334646000.0,
        "Total Unusual Items": -8978000.0,
        "Total Unusual Items Excluding Goodwill": -8978000.0,
        "Net Income From Continuing Operation Net Minority Interest": 117445000.0,
        "Reconciled Depreciation": 142228000.0,
        "Reconciled Cost Of Revenue": 1380679000.0,
        "EBITDA": 325668000.0,
        "EBIT": 183440000.0,
        "Net Interest Income": -74567000.0,
        "Interest Expense": 54643000.0,
        "Interest Income": 618000.0,
        "Normalized Income": 125666056.111555,
        "Net Income From Continuing And Discontinued Operation": 117445000.0,
        "Total Expenses": 1749660000.0,
        "Total Operating Income As Reported": 203364000.0,
        "Diluted NI Availto Com Stockholders": 117445000.0,
        "Net Income Common Stockholders": 117445000.0,
        "Net Income": 117445000.0,
        "Net Income Including Noncontrolling Interests": 117445000.0,
        "Net Income Continuous Operations": 117445000.0,
        "Earnings From Equity Interest Net Of Tax": -493000.0,
        "Tax Provision": 10859000.0,
        "Pretax Income": 128797000.0,
        "Other Income Expense": -8978000.0,
        "Special Income Charges": -8978000.0,
        "Restructuring And Mergern Acquisition": 8978000.0,
        "Net Non Operating Interest Income Expense": -74567000.0,
        "Interest Expense Non Operating": 54643000.0,
        "Interest Income Non Operating": 618000.0,
        "Operating Income": 212342000.0,
        "Operating Expense": 368981000.0,
        "Depreciation Amortization Depletion Income Statement": 142228000.0,
        "Depreciation And Amortization In Income Statement": 142228000.0,
        "Amortization": NaN,
        "Amortization Of Intangibles Income Statement": NaN,
        "Depreciation Income Statement": NaN,
        "Selling General And Administration": 226753000.0,
        "Gross Profit": 581323000.0,
        "Cost Of Revenue": 1380679000.0,
        "Total Revenue": 1962002000.0,
        "Operating Revenue": 1962002000.0
    },
    "2022-09-30": {
        "Tax Effect Of Unusual Items": -1637655.219358,
        "Tax Rate For Calcs": 0.115344,
        "Normalized EBITDA": 401237000.0,
        "Total Unusual Items": -14198000.0,
        "Total Unusual Items Excluding Goodwill": -14198000.0,
        "Net Income From Continuing Operation Net Minority Interest": 160154000.0,
        "Reconciled Depreciation": 141861000.0,
        "Reconciled Cost Of Revenue": 1375837000.0,
        "EBITDA": 387039000.0,
        "EBIT": 245178000.0,
        "Net Interest Income": -61576000.0,
        "Interest Expense": 63010000.0,
        "Interest Income": 1434000.0,
        "Normalized Income": 172714344.780642,
        "Net Income From Continuing And Discontinued Operation": 160154000.0,
        "Total Expenses": 1684485000.0,
        "Total Operating Income As Reported": 243744000.0,
        "Diluted Average Shares": 82493211.0,
        "Basic Average Shares": 81582375.0,
        "Diluted EPS": 1.94,
        "Basic EPS": 1.96,
        "Diluted NI Availto Com Stockholders": 160154000.0,
        "Net Income Common Stockholders": 160154000.0,
        "Net Income": 160154000.0,
        "Net Income Including Noncontrolling Interests": 160154000.0,
        "Net Income Continuous Operations": 160154000.0,
        "Earnings From Equity Interest Net Of Tax": -1002000.0,
        "Tax Provision": 21012000.0,
        "Pretax Income": 182168000.0,
        "Other Income Expense": -14198000.0,
        "Special Income Charges": -14198000.0,
        "Restructuring And Mergern Acquisition": 14198000.0,
        "Net Non Operating Interest Income Expense": -61576000.0,
        "Interest Expense Non Operating": 63010000.0,
        "Interest Income Non Operating": 1434000.0,
        "Operating Income": 257942000.0,
        "Operating Expense": 308648000.0,
        "Depreciation Amortization Depletion Income Statement": 141861000.0,
        "Depreciation And Amortization In Income Statement": 141861000.0,
        "Amortization": 114991000.0,
        "Amortization Of Intangibles Income Statement": 114991000.0,
        "Depreciation Income Statement": 26870000.0,
        "Selling General And Administration": 166787000.0,
        "Gross Profit": 566590000.0,
        "Cost Of Revenue": 1375837000.0,
        "Total Revenue": 1942427000.0,
        "Operating Revenue": 1942427000.0
    },
    "2022-06-30": {
        "Tax Effect Of Unusual Items": -3417412.949772,
        "Tax Rate For Calcs": 0.108939,
        "Normalized EBITDA": 353344000.0,
        "Total Unusual Items": -31370000.0,
        "Total Unusual Items Excluding Goodwill": -31370000.0,
        "Net Income From Continuing Operation Net Minority Interest": 115734000.0,
        "Reconciled Depreciation": 144019000.0,
        "Reconciled Cost Of Revenue": 1392062000.0,
        "EBITDA": 321974000.0,
        "EBIT": 177955000.0,
        "Net Interest Income": -46945000.0,
        "Interest Expense": 47111000.0,
        "Interest Income": 166000.0,
        "Normalized Income": 143686587.050228,
        "Net Income From Continuing And Discontinued Operation": 115734000.0,
        "Total Expenses": 1726034000.0,
        "Total Operating Income As Reported": 177789000.0,
        "Diluted Average Shares": 82312946.0,
        "Basic Average Shares": 81398071.0,
        "Diluted EPS": 1.41,
        "Basic EPS": 1.42,
        "Diluted NI Availto Com Stockholders": 115734000.0,
        "Net Income Common Stockholders": 115734000.0,
        "Net Income": 115734000.0,
        "Net Income Including Noncontrolling Interests": 115734000.0,
        "Net Income Continuous Operations": 115734000.0,
        "Earnings From Equity Interest Net Of Tax": -856000.0,
        "Tax Provision": 14254000.0,
        "Pretax Income": 130844000.0,
        "Other Income Expense": -31370000.0,
        "Special Income Charges": -31370000.0,
        "Restructuring And Mergern Acquisition": 31370000.0,
        "Net Non Operating Interest Income Expense": -46945000.0,
        "Interest Expense Non Operating": 47111000.0,
        "Interest Income Non Operating": 166000.0,
        "Operating Income": 209159000.0,
        "Operating Expense": 333972000.0,
        "Depreciation Amortization Depletion Income Statement": 144019000.0,
        "Depreciation And Amortization In Income Statement": 144019000.0,
        "Amortization": NaN,
        "Amortization Of Intangibles Income Statement": NaN,
        "Depreciation Income Statement": NaN,
        "Selling General And Administration": 189953000.0,
        "Gross Profit": 543131000.0,
        "Cost Of Revenue": 1392062000.0,
        "Total Revenue": 1935193000.0,
        "Operating Revenue": 1935193000.0
    },
    "2022-03-31": {
        "Diluted EPS": 1.36,
        "Total Revenue": NaN,
        "Gross Profit": 523,
        "Operating Income": 170,
        "EBIT": 312,
        "Net Income": 112
    },
    "2021-12-31": {
        "Diluted EPS": 0.22,
        "Total Revenue": NaN,
        "Gross Profit": 528,
        "Operating Income": 145,
        "EBIT": 284,
        "Net Income": 76
    },
    "2021-09-30": {
        "Diluted EPS": -1.17,
        "Total Revenue": NaN,
        "Gross Profit": 508,
        "Operating Income": 5,
        "EBIT": 146,
        "Net Income": -94
    },
    "2021-06-30": {
        "Diluted EPS": 1.38,
        "Total Revenue": 871,
        "Gross Profit": 240,
        "Operating Income": 113,
        "EBIT": 128,
        "Net Income": 74
    },
    "2021-03-31": {
        "Diluted EPS": 1.82,
        "Total Revenue": 858,
        "Gross Profit": 232,
        "Operating Income": 116,
        "EBIT": 136,
        "Net Income": 97
    },
    "2020-12-31": {
        "Diluted EPS": 1.91,
        "Total Revenue": 760,
        "Gross Profit": 225,
        "Operating Income": 120,
        "EBIT": 137,
        "Net Income": 101
    },
    "2020-09-30": {
        "Diluted EPS": 1.72,
        "Total Revenue": 702,
        "Gross Profit": 208,
        "Operating Income": 108,
        "EBIT": 111,
        "Net Income": 92
    },
    "2020-06-30": {
        "Diluted EPS": 0.9,
        "Total Revenue": 620,
        "Gross Profit": 174,
        "Operating Income": 57,
        "EBIT": 87,
        "Net Income": 48
    },
    "2020-03-31": {
        "Diluted EPS": 1.62,
        "Total Revenue": 715,
        "Gross Profit": 210,
        "Operating Income": 106,
        "EBIT": 123,
        "Net Income": 92
    },
    "2019-12-31": {
        "Diluted EPS": 1.75,
        "Total Revenue": 725,
        "Gross Profit": 217,
        "Operating Income": 115,
        "EBIT": 139,
        "Net Income": 99
    },
    "2019-09-30": {
        "Diluted EPS": 1.72,
        "Total Revenue": 710,
        "Gross Profit": 211,
        "Operating Income": 110,
        "EBIT": 133,
        "Net Income": 95
    },
    "2019-06-30": {
        "Diluted EPS": 1.69,
        "Total Revenue": 695,
        "Gross Profit": 204,
        "Operating Income": 106,
        "EBIT": 129,
        "Net Income": 92
    },
    "2019-03-31": {
        "Diluted EPS": 1.63,
        "Total Revenue": 675,
        "Gross Profit": 199,
        "Operating Income": 102,
        "EBIT": 125,
        "Net Income": 88
    },
    "2018-12-31": {
        "Diluted EPS": 1.62,
        "Total Revenue": 679,
        "Gross Profit": 200,
        "Operating Income": 102,
        "EBIT": 117,
        "Net Income": 88
    },
    "2018-09-30": {
        "Diluted EPS": 1.54,
        "Total Revenue": 655,
        "Gross Profit": 196,
        "Operating Income": 98,
        "EBIT": 115,
        "Net Income": 85
    },
    "2018-06-30": {
        "Diluted EPS": 1.31,
        "Total Revenue": 642,
        "Gross Profit": 192,
        "Operating Income": 82,
        "EBIT": 99,
        "Net Income": 72
    },
    "2018-03-31": {
        "Diluted EPS": 1.42,
        "Total Revenue": 620,
        "Gross Profit": 190,
        "Operating Income": 92,
        "EBIT": 109,
        "Net Income": 78
    },
    "2017-12-31": {
        "Diluted EPS": 1.3,
        "Total Revenue": 455,
        "Gross Profit": 188,
        "Operating Income": 90,
        "EBIT": 106,
        "Net Income": 71
    },
    "2017-09-30": {
        "Diluted EPS": 1.35,
        "Total Revenue": 440,
        "Gross Profit": 181,
        "Operating Income": 85,
        "EBIT": 101,
        "Net Income": 74
    },
    "2017-06-30": {
        "Diluted EPS": 1.19,
        "Total Revenue": 431,
        "Gross Profit": 181,
        "Operating Income": 78,
        "EBIT": 92,
        "Net Income": 65
    },
    "2017-03-31": {
        "Diluted EPS": 1.29,
        "Total Revenue": 432,
        "Gross Profit": 181,
        "Operating Income": 86,
        "EBIT": 100,
        "Net Income": 71
    },
    "2016-12-31": {
        "Diluted EPS": 1.32,
        "Total Revenue": 435,
        "Gross Profit": 184,
        "Operating Income": 85,
        "EBIT": 100,
        "Net Income": 74
    },
    "2016-09-30": {
        "Diluted EPS": 1.13,
        "Total Revenue": 420,
        "Gross Profit": 177,
        "Operating Income": 77,
        "EBIT": 92,
        "Net Income": 64
    },
    "2016-06-30": {
        "Diluted EPS": 1.08,
        "Total Revenue": 411,
        "Gross Profit": 173,
        "Operating Income": 74,
        "EBIT": 88,
        "Net Income": 61
    },
    "2016-03-31": {
        "Diluted EPS": 1.12,
        "Total Revenue": 401,
        "Gross Profit": 172,
        "Operating Income": 76,
        "EBIT": 91,
        "Net Income": 63
    },
    "2015-12-31": {
        "Diluted EPS": 1.1,
        "Total Revenue": 403,
        "Gross Profit": 174,
        "Operating Income": 75,
        "EBIT": 91,
        "Net Income": 64
    },
    "2015-09-30": {
        "Diluted EPS": 1.02,
        "Total Revenue": 395,
        "Gross Profit": 168,
        "Operating Income": 71,
        "EBIT": 86,
        "Net Income": 62
    },
    "2015-06-30": {
        "Diluted EPS": 0.95,
        "Total Revenue": 389,
        "Gross Profit": 164,
        "Operating Income": 68,
        "EBIT": 82,
        "Net Income": 59
    },
    "2015-03-31": {
        "Diluted EPS": 0.9,
        "Total Revenue": 388,
        "Gross Profit": 160,
        "Operating Income": 67,
        "EBIT": 81,
        "Net Income": 56
    },
    "2014-12-31": {
        "Diluted EPS": 0.87,
        "Total Revenue": 390,
        "Gross Profit": 160,
        "Operating Income": 52,
        "EBIT": 66,
        "Net Income": 54
    },
    "2014-09-30": {
        "Diluted EPS": 0.79,
        "Total Revenue": 388,
        "Gross Profit": 158,
        "Operating Income": 59,
        "EBIT": 73,
        "Net Income": 50
    },
    "2014-06-30": {
        "Diluted EPS": 0.64,
        "Total Revenue": 376,
        "Gross Profit": 149,
        "Operating Income": 48,
        "EBIT": 61,
        "Net Income": 41
    },
    "2014-03-31": {
        "Diluted EPS": 0.57,
        "Total Revenue": 350,
        "Gross Profit": 133,
        "Operating Income": 43,
        "EBIT": 54,
        "Net Income": 36
    },
    "2013-12-31": {
        "Diluted EPS": 0.53,
        "Total Revenue": 345,
        "Gross Profit": 130,
        "Operating Income": 30,
        "EBIT": 41,
        "Net Income": 33
    },
    "2013-09-30": {
        "Diluted EPS": 0.45,
        "Total Revenue": 340,
        "Gross Profit": 126,
        "Operating Income": 33,
        "EBIT": 45,
        "Net Income": 28
    },
    "2013-06-30": {
        "Diluted EPS": 0.36,
        "Total Revenue": 334,
        "Gross Profit": 120,
        "Operating Income": 31,
        "EBIT": 42,
        "Net Income": 22
    },
    "2013-03-31": {
        "Diluted EPS": 0.31,
        "Total Revenue": 419,
        "Gross Profit": 217,
        "Operating Income": 130,
        "EBIT": 141,
        "Net Income": 19
    },
    "2012-12-31": {
        "Diluted EPS": 0.34,
        "Total Revenue": 300,
        "Gross Profit": 108,
        "Operating Income": 19,
        "EBIT": 29,
        "Net Income": 21
    },
    "2012-09-30": {
        "Diluted EPS": 0.29,
        "Total Revenue": 286,
        "Gross Profit": 102,
        "Operating Income": 21,
        "EBIT": 31,
        "Net Income": 18
    },
    "2012-06-30": {
        "Diluted EPS": 0.21,
        "Total Revenue": 277,
        "Gross Profit": 97,
        "Operating Income": 17,
        "EBIT": 28,
        "Net Income": 13
    },
    "2012-03-31": {
        "Diluted EPS": 0.15,
        "Total Revenue": 343,
        "Gross Profit": 181,
        "Operating Income": 102,
        "EBIT": 113,
        "Net Income": 9
    },
    "2011-12-31": {
        "Diluted EPS": 0.07,
        "Total Revenue": 243,
        "Gross Profit": 84,
        "Operating Income": 7,
        "EBIT": 17,
        "Net Income": 4
    },
    "2011-09-30": {
        "Diluted EPS": -0.04,
        "Total Revenue": 241,
        "Gross Profit": 82,
        "Operating Income": 1,
        "EBIT": 11,
        "Net Income": -3
    },
    "2011-06-30": {
        "Diluted EPS": 0.21,
        "Total Revenue": 233,
        "Gross Profit": 82,
        "Operating Income": 16,
        "EBIT": 25,
        "Net Income": 13
    },
    "2011-03-31": {
        "Diluted EPS": 0.14,
        "Total Revenue": 306,
        "Gross Profit": 161,
        "Operating Income": 92,
        "EBIT": 101,
        "Net Income": 8
    },
    "2010-12-31": {
        "Diluted EPS": 0.36,
        "Total Revenue": 232,
        "Gross Profit": 92,
        "Operating Income": 112,
        "EBIT": 121,
        "Net Income": 22
    },
    "2010-09-30": {
        "Diluted EPS": 0.33,
        "Total Revenue": 225,
        "Gross Profit": 86,
        "Operating Income": 18,
        "EBIT": 26,
        "Net Income": 20
    },
    "2010-06-30": {
        "Diluted EPS": 0.38,
        "Total Revenue": 224,
        "Gross Profit": 93,
        "Operating Income": 26,
        "EBIT": 34,
        "Net Income": 23
    },
    "2010-03-31": {
        "Diluted EPS": 0.37,
        "Total Revenue": 310,
        "Gross Profit": 178,
        "Operating Income": 27,
        "EBIT": 36,
        "Net Income": 22
    },
    "2009-12-31": {
        "Diluted EPS": 0.51,
        "Total Revenue": 227,
        "Gross Profit": 96,
        "Operating Income": 30,
        "EBIT": 39,
        "Net Income": 31
    },
    "2009-09-30": {
        "Diluted EPS": 0.4,
        "Total Revenue": 220,
        "Gross Profit": 93,
        "Operating Income": 30,
        "EBIT": 39,
        "Net Income": 24
    },
    "2009-06-30": {
        "Diluted EPS": 0.31,
        "Total Revenue": 220,
        "Gross Profit": 95,
        "Operating Income": 29,
        "EBIT": 37,
        "Net Income": 19
    },
    "2009-03-31": {
        "Diluted EPS": 0.35,
        "Total Revenue": 220,
        "Gross Profit": 96,
        "Operating Income": 27,
        "EBIT": 34,
        "Net Income": 21
    },
    "2023-09-30": {
        "Tax Effect Of Unusual Items": -1032867.0,
        "Tax Rate For Calcs": 0.099,
        "Normalized EBITDA": 422049000.0,
        "Total Unusual Items": -10433000.0,
        "Total Unusual Items Excluding Goodwill": -10433000.0,
        "Net Income From Continuing Operation Net Minority Interest": 163665000.0,
        "Reconciled Depreciation": 146032000.0,
        "Reconciled Cost Of Revenue": 1449136000.0,
        "EBITDA": 411616000.0,
        "EBIT": 265584000.0,
        "Net Interest Income": -82635000.0,
        "Interest Expense": 83908000.0,
        "Interest Income": 1273000.0,
        "Normalized Income": 173065133.0,
        "Net Income From Continuing And Discontinued Operation": 163665000.0,
        "Total Expenses": 1780355000.0,
        "Total Operating Income As Reported": 264311000.0,
        "Diluted NI Availto Com Stockholders": 163665000.0,
        "Net Income Common Stockholders": 163665000.0,
        "Net Income": 163665000.0,
        "Net Income Including Noncontrolling Interests": 163665000.0,
        "Net Income Continuous Operations": 163665000.0,
        "Earnings From Equity Interest Net Of Tax": 0.0,
        "Tax Provision": 18011000.0,
        "Pretax Income": 181676000.0,
        "Other Income Expense": -10433000.0,
        "Special Income Charges": -10433000.0,
        "Restructuring And Mergern Acquisition": 10433000.0,
        "Net Non Operating Interest Income Expense": -82635000.0,
        "Interest Expense Non Operating": 83908000.0,
        "Interest Income Non Operating": 1273000.0,
        "Operating Income": 274744000.0,
        "Operating Expense": 331219000.0,
        "Depreciation Amortization Depletion Income Statement": 146032000.0,
        "Depreciation And Amortization In Income Statement": 146032000.0,
        "Amortization": 114573000.0,
        "Amortization Of Intangibles Income Statement": 114573000.0,
        "Depreciation Income Statement": 31459000.0,
        "Selling General And Administration": 185187000.0,
        "Gross Profit": 605963000.0,
        "Cost Of Revenue": 1449136000.0,
        "Total Revenue": 2055099000.0,
        "Operating Revenue": 2055099000.0
    }
}