{
    "2023-03-31": {
        "Tax Effect Of Unusual Items": -2820960.0,
        "Tax Rate For Calcs": 0.27,
        "Normalized EBITDA": 77069000.0,
        "Total Unusual Items": -10448000.0,
        "Total Unusual Items Excluding Goodwill": -10448000.0,
        "Net Income From Continuing Operation Net Minority Interest": -9812000.0,
        "Reconciled Depreciation": 55744000.0,
        "Reconciled Cost Of Revenue": 376608000.0,
        "EBITDA": 66621000.0,
        "EBIT": 10877000.0,
        "Net Interest Income": -22515000.0,
        "Interest Expense": 24266000.0,
        "Interest Income": 1751000.0,
        "Normalized Income": -2184960.0,
        "Net Income From Continuing And Discontinued Operation": -9812000.0,
        "Total Expenses": 548941000.0,
        "Total Operating Income As Reported": 9395000.0,
        "Diluted Average Shares": 24014000.0,
        "Basic Average Shares": 24014000.0,
        "Diluted EPS": -0.41,
        "Basic EPS": -0.41,
        "Diluted NI Availto Com Stockholders": -9812000.0,
        "Net Income Common Stockholders": -9812000.0,
        "Net Income": -9812000.0,
        "Net Income Including Noncontrolling Interests": -9812000.0,
        "Net Income Continuous Operations": -9812000.0,
        "Tax Provision": -3577000.0,
        "Pretax Income": -13389000.0,
        "Other Income Expense": -10582000.0,
        "Other Non Operating Income Expenses": -134000.0,
        "Special Income Charges": -10610000.0,
        "Gain On Sale Of Ppe": -297000.0,
        "Restructuring And Mergern Acquisition": 10313000.0,
        "Gain On Sale Of Security": 162000.0,
        "Net Non Operating Interest Income Expense": -22515000.0,
        "Interest Expense Non Operating": 24266000.0,
        "Interest Income Non Operating": 1751000.0,
        "Operating Income": 19708000.0,
        "Operating Expense": 172333000.0,
        "Research And Development": 19761000.0,
        "Selling General And Administration": 152572000.0,
        "Gross Profit": 192041000.0,
        "Cost Of Revenue": 376608000.0,
        "Total Revenue": 568649000.0,
        "Operating Revenue": 568649000.0
    },
    "2022-12-31": {
        "Tax Effect Of Unusual Items": -2817281.764349,
        "Tax Rate For Calcs": 0.27561,
        "Normalized EBITDA": 65325000.0,
        "Total Unusual Items": -10222000.0,
        "Total Unusual Items Excluding Goodwill": -10222000.0,
        "Net Income From Continuing Operation Net Minority Interest": -15536000.0,
        "Reconciled Depreciation": 56813000.0,
        "Reconciled Cost Of Revenue": 403069000.0,
        "EBITDA": 55103000.0,
        "EBIT": -1710000.0,
        "Net Interest Income": -20107000.0,
        "Interest Expense": 19737000.0,
        "Interest Income": -370000.0,
        "Normalized Income": -8131281.764349,
        "Net Income From Continuing And Discontinued Operation": -15536000.0,
        "Total Expenses": 569448000.0,
        "Total Operating Income As Reported": -222000.0,
        "Diluted Average Shares": 23988000.0,
        "Basic Average Shares": 23988000.0,
        "Diluted EPS": -0.65,
        "Basic EPS": -0.65,
        "Diluted NI Availto Com Stockholders": -15536000.0,
        "Net Income Common Stockholders": -15536000.0,
        "Net Income": -15536000.0,
        "Net Income Including Noncontrolling Interests": -15536000.0,
        "Net Income Continuous Operations": -15536000.0,
        "Tax Provision": -5911000.0,
        "Pretax Income": -21447000.0,
        "Other Income Expense": -9924000.0,
        "Other Non Operating Income Expenses": 298000.0,
        "Special Income Charges": -9042000.0,
        "Gain On Sale Of Ppe": -254000.0,
        "Restructuring And Mergern Acquisition": 8788000.0,
        "Gain On Sale Of Security": -1180000.0,
        "Net Non Operating Interest Income Expense": -20107000.0,
        "Interest Expense Non Operating": 19737000.0,
        "Interest Income Non Operating": -370000.0,
        "Operating Income": 8566000.0,
        "Operating Expense": 166379000.0,
        "Research And Development": 23446000.0,
        "Selling General And Administration": 142933000.0,
        "Gross Profit": 174945000.0,
        "Cost Of Revenue": 403069000.0,
        "Total Revenue": 578014000.0,
        "Operating Revenue": 578014000.0
    },
    "2022-09-30": {
        "Tax Effect Of Unusual Items": -3917411.836486,
        "Tax Rate For Calcs": 0.38011,
        "Normalized EBITDA": 68791000.0,
        "Total Unusual Items": -10306000.0,
        "Total Unusual Items Excluding Goodwill": -10306000.0,
        "Net Income From Continuing Operation Net Minority Interest": -13208000.0,
        "Reconciled Depreciation": 58641000.0,
        "Reconciled Cost Of Revenue": 411461000.0,
        "EBITDA": 58485000.0,
        "EBIT": -156000.0,
        "Net Interest Income": -21151000.0,
        "Interest Expense": 21151000.0,
        "Interest Income": NaN,
        "Normalized Income": -6819411.836486,
        "Net Income From Continuing And Discontinued Operation": -13208000.0,
        "Total Expenses": 588018000.0,
        "Total Operating Income As Reported": -467000.0,
        "Diluted Average Shares": 23908000.0,
        "Basic Average Shares": 23908000.0,
        "Diluted EPS": -0.55,
        "Basic EPS": -0.55,
        "Diluted NI Availto Com Stockholders": -13208000.0,
        "Net Income Common Stockholders": -13208000.0,
        "Net Income": -13208000.0,
        "Net Income Including Noncontrolling Interests": -13208000.0,
        "Net Income Continuous Operations": -13208000.0,
        "Tax Provision": -8099000.0,
        "Pretax Income": -21307000.0,
        "Other Income Expense": -9995000.0,
        "Other Non Operating Income Expenses": 311000.0,
        "Special Income Charges": -10306000.0,
        "Gain On Sale Of Ppe": NaN,
        "Restructuring And Mergern Acquisition": 10306000.0,
        "Gain On Sale Of Security": NaN,
        "Net Non Operating Interest Income Expense": -21151000.0,
        "Interest Expense Non Operating": 21151000.0,
        "Interest Income Non Operating": NaN,
        "Operating Income": 9839000.0,
        "Operating Expense": 176557000.0,
        "Research And Development": 23105000.0,
        "Selling General And Administration": 153452000.0,
        "Gross Profit": 186396000.0,
        "Cost Of Revenue": 411461000.0,
        "Total Revenue": 597857000.0,
        "Operating Revenue": 597857000.0
    },
    "2022-06-30": {
        "Tax Effect Of Unusual Items": 5467600.0,
        "Tax Rate For Calcs": 0.4,
        "Normalized EBITDA": -14250000.0,
        "Total Unusual Items": 13669000.0,
        "Total Unusual Items Excluding Goodwill": 13669000.0,
        "Net Income From Continuing Operation Net Minority Interest": -7474000.0,
        "Reconciled Depreciation": 66559000.0,
        "Reconciled Cost Of Revenue": 393411000.0,
        "EBITDA": -581000.0,
        "EBIT": -581000.0,
        "Net Interest Income": -16273000.0,
        "Interest Expense": 16273000.0,
        "Interest Income": 800000.0,
        "Normalized Income": -15675400.0,
        "Net Income From Continuing And Discontinued Operation": -7474000.0,
        "Total Expenses": 574721000.0,
        "Total Operating Income As Reported": -48000.0,
        "Diluted Average Shares": 23897000.0,
        "Basic Average Shares": 23897000.0,
        "Diluted EPS": -0.31,
        "Basic EPS": -0.31,
        "Diluted NI Availto Com Stockholders": -7474000.0,
        "Net Income Common Stockholders": -7474000.0,
        "Net Income": -7474000.0,
        "Net Income Including Noncontrolling Interests": -7474000.0,
        "Net Income Continuous Operations": -7474000.0,
        "Tax Provision": -9380000.0,
        "Pretax Income": -16854000.0,
        "Other Income Expense": 13136000.0,
        "Other Non Operating Income Expenses": -533000.0,
        "Special Income Charges": 13669000.0,
        "Gain On Sale Of Ppe": -600000.0,
        "Restructuring And Mergern Acquisition": -13669000.0,
        "Gain On Sale Of Security": -2700000.0,
        "Net Non Operating Interest Income Expense": -16273000.0,
        "Interest Expense Non Operating": 16273000.0,
        "Interest Income Non Operating": 800000.0,
        "Operating Income": -13717000.0,
        "Operating Expense": 181310000.0,
        "Research And Development": 22562000.0,
        "Selling General And Administration": 158748000.0,
        "Gross Profit": 167593000.0,
        "Cost Of Revenue": 393411000.0,
        "Total Revenue": 561004000.0,
        "Operating Revenue": 561004000.0
    },
    "2022-03-31": {
        "Diluted EPS": -1.61,
        "Total Revenue": 543,
        "Gross Profit": 169,
        "Operating Income": -42,
        "EBIT": 27,
        "Net Income": -38
    },
    "2021-12-31": {
        "Diluted EPS": 0.91,
        "Total Revenue": 341,
        "Gross Profit": 127,
        "Operating Income": 24,
        "EBIT": 47,
        "Net Income": 20
    },
    "2021-09-30": {
        "Diluted EPS": 1.43,
        "Total Revenue": 336,
        "Gross Profit": 128,
        "Operating Income": 38,
        "EBIT": 61,
        "Net Income": 31
    },
    "2021-06-30": {
        "Diluted EPS": 1.31,
        "Total Revenue": 322,
        "Gross Profit": 124,
        "Operating Income": 34,
        "EBIT": 55,
        "Net Income": 28
    },
    "2021-03-31": {
        "Diluted EPS": 1.09,
        "Total Revenue": 318,
        "Gross Profit": 113,
        "Operating Income": 27,
        "EBIT": 51,
        "Net Income": 24
    },
    "2020-12-31": {
        "Diluted EPS": 1.2,
        "Total Revenue": 320,
        "Gross Profit": 120,
        "Operating Income": 27,
        "EBIT": 49,
        "Net Income": 26
    },
    "2020-09-30": {
        "Diluted EPS": 1.16,
        "Total Revenue": 319,
        "Gross Profit": 114,
        "Operating Income": 26,
        "EBIT": 43,
        "Net Income": 25
    },
    "2020-06-30": {
        "Diluted EPS": 0.88,
        "Total Revenue": 303,
        "Gross Profit": 106,
        "Operating Income": 20,
        "EBIT": 43,
        "Net Income": 19
    },
    "2020-03-31": {
        "Diluted EPS": 0.78,
        "Total Revenue": 329,
        "Gross Profit": 121,
        "Operating Income": 26,
        "EBIT": 49,
        "Net Income": 17
    },
    "2019-12-31": {
        "Diluted EPS": 0.95,
        "Total Revenue": 316,
        "Gross Profit": 114,
        "Operating Income": 18,
        "EBIT": 32,
        "Net Income": 21
    },
    "2019-09-30": {
        "Diluted EPS": 1.24,
        "Total Revenue": 307,
        "Gross Profit": 119,
        "Operating Income": 33,
        "EBIT": 54,
        "Net Income": 27
    },
    "2019-06-30": {
        "Diluted EPS": 1.06,
        "Total Revenue": 312,
        "Gross Profit": 104,
        "Operating Income": 26,
        "EBIT": 49,
        "Net Income": 23
    },
    "2019-03-31": {
        "Diluted EPS": 1.44,
        "Total Revenue": 331,
        "Gross Profit": 135,
        "Operating Income": 30,
        "EBIT": 50,
        "Net Income": 31
    },
    "2018-12-31": {
        "Diluted EPS": -0.35,
        "Total Revenue": 340,
        "Gross Profit": 135,
        "Operating Income": -9,
        "EBIT": 11,
        "Net Income": -7
    },
    "2018-09-30": {
        "Diluted EPS": 0.01,
        "Total Revenue": 327,
        "Gross Profit": 135,
        "Operating Income": 2,
        "EBIT": 21,
        "Net Income": 0
    },
    "2018-06-30": {
        "Diluted EPS": 1.44,
        "Total Revenue": 360,
        "Gross Profit": 152,
        "Operating Income": 32,
        "EBIT": 49,
        "Net Income": 31
    },
    "2018-03-31": {
        "Diluted EPS": 0.23,
        "Total Revenue": 372,
        "Gross Profit": 149,
        "Operating Income": 5,
        "EBIT": 23,
        "Net Income": 5
    },
    "2017-12-31": {
        "Diluted EPS": 2.29,
        "Total Revenue": 370,
        "Gross Profit": 137,
        "Operating Income": 43,
        "EBIT": 63,
        "Net Income": 50
    },
    "2017-09-30": {
        "Diluted EPS": 0.01,
        "Total Revenue": 343,
        "Gross Profit": 112,
        "Operating Income": -4,
        "EBIT": 14,
        "Net Income": 0
    },
    "2017-06-30": {
        "Diluted EPS": -1.87,
        "Total Revenue": 332,
        "Gross Profit": 88,
        "Operating Income": -36,
        "EBIT": -18,
        "Net Income": -37
    },
    "2017-03-31": {
        "Diluted EPS": 2.86,
        "Total Revenue": 248,
        "Gross Profit": 89,
        "Operating Income": -17,
        "EBIT": -5,
        "Net Income": 56
    },
    "2016-12-31": {
        "Diluted EPS": 0.51,
        "Total Revenue": 96,
        "Gross Profit": 51,
        "Operating Income": 14,
        "EBIT": 19,
        "Net Income": 10
    },
    "2016-09-30": {
        "Diluted EPS": 1.09,
        "Total Revenue": 97,
        "Gross Profit": 51,
        "Operating Income": 22,
        "EBIT": 28,
        "Net Income": 19
    },
    "2016-06-30": {
        "Diluted EPS": 0.98,
        "Total Revenue": 97,
        "Gross Profit": 50,
        "Operating Income": 23,
        "EBIT": 27,
        "Net Income": 17
    },
    "2016-03-31": {
        "Diluted EPS": 1.08,
        "Total Revenue": 90,
        "Gross Profit": 49,
        "Operating Income": 24,
        "EBIT": 29,
        "Net Income": 18
    },
    "2015-12-31": {
        "Diluted EPS": 0.32,
        "Total Revenue": 90,
        "Gross Profit": 48,
        "Operating Income": 13,
        "EBIT": 18,
        "Net Income": 5
    },
    "2015-09-30": {
        "Diluted EPS": 0.98,
        "Total Revenue": 86,
        "Gross Profit": 46,
        "Operating Income": 25,
        "EBIT": 29,
        "Net Income": 16
    },
    "2015-06-30": {
        "Diluted EPS": 0.83,
        "Total Revenue": 84,
        "Gross Profit": 44,
        "Operating Income": 20,
        "EBIT": 25,
        "Net Income": 14
    },
    "2015-03-31": {
        "Diluted EPS": 0.6,
        "Total Revenue": 81,
        "Gross Profit": 43,
        "Operating Income": 11,
        "EBIT": 17,
        "Net Income": 10
    },
    "2014-12-31": {
        "Diluted EPS": 0.45,
        "Total Revenue": 80,
        "Gross Profit": 40,
        "Operating Income": 12,
        "EBIT": 17,
        "Net Income": 7
    },
    "2014-09-30": {
        "Diluted EPS": 0.42,
        "Total Revenue": 77,
        "Gross Profit": 38,
        "Operating Income": 8,
        "EBIT": 14,
        "Net Income": 6
    },
    "2014-06-30": {
        "Diluted EPS": 0.38,
        "Total Revenue": 79,
        "Gross Profit": 38,
        "Operating Income": 9,
        "EBIT": 14,
        "Net Income": 6
    },
    "2014-03-31": {
        "Diluted EPS": 0.43,
        "Total Revenue": 73,
        "Gross Profit": 36,
        "Operating Income": 10,
        "EBIT": 15,
        "Net Income": 7
    },
    "2013-12-31": {
        "Diluted EPS": 0.87,
        "Total Revenue": 78,
        "Gross Profit": 39,
        "Operating Income": 14,
        "EBIT": 19,
        "Net Income": 13
    },
    "2013-09-30": {
        "Diluted EPS": 0.72,
        "Total Revenue": 83,
        "Gross Profit": 41,
        "Operating Income": 15,
        "EBIT": 21,
        "Net Income": 11
    },
    "2013-06-30": {
        "Diluted EPS": 0.48,
        "Total Revenue": 79,
        "Gross Profit": 38,
        "Operating Income": 11,
        "EBIT": 16,
        "Net Income": 7
    },
    "2013-03-31": {
        "Diluted EPS": 0.58,
        "Total Revenue": 74,
        "Gross Profit": 37,
        "Operating Income": 12,
        "EBIT": 17,
        "Net Income": 9
    },
    "2012-12-31": {
        "Diluted EPS": 0.82,
        "Total Revenue": 83,
        "Gross Profit": 42,
        "Operating Income": 19,
        "EBIT": 24,
        "Net Income": 12
    },
    "2012-09-30": {
        "Diluted EPS": 0.82,
        "Total Revenue": 81,
        "Gross Profit": 41,
        "Operating Income": 18,
        "EBIT": 23,
        "Net Income": 12
    },
    "2012-06-30": {
        "Diluted EPS": 0.63,
        "Total Revenue": 77,
        "Gross Profit": 39,
        "Operating Income": 14,
        "EBIT": 19,
        "Net Income": 9
    },
    "2012-03-31": {
        "Diluted EPS": 0.53,
        "Total Revenue": 76,
        "Gross Profit": 35,
        "Operating Income": 11,
        "EBIT": 17,
        "Net Income": 8
    },
    "2011-12-31": {
        "Diluted EPS": 1.26,
        "Total Revenue": 76,
        "Gross Profit": 36,
        "Operating Income": 26,
        "EBIT": 31,
        "Net Income": 18
    },
    "2011-09-30": {
        "Diluted EPS": 0.65,
        "Total Revenue": 76,
        "Gross Profit": 36,
        "Operating Income": 13,
        "EBIT": 18,
        "Net Income": 9
    },
    "2011-06-30": {
        "Diluted EPS": 0.67,
        "Total Revenue": 78,
        "Gross Profit": 36,
        "Operating Income": 14,
        "EBIT": 19,
        "Net Income": 9
    },
    "2011-03-31": {
        "Diluted EPS": 0.57,
        "Total Revenue": 71,
        "Gross Profit": 35,
        "Operating Income": 12,
        "EBIT": 17,
        "Net Income": 8
    },
    "2010-12-31": {
        "Diluted EPS": 0.65,
        "Total Revenue": 74,
        "Gross Profit": 36,
        "Operating Income": 15,
        "EBIT": 19,
        "Net Income": 9
    },
    "2010-09-30": {
        "Diluted EPS": 0.65,
        "Total Revenue": 76,
        "Gross Profit": 34,
        "Operating Income": 15,
        "EBIT": 19,
        "Net Income": 9
    },
    "2010-06-30": {
        "Diluted EPS": 0.56,
        "Total Revenue": 69,
        "Gross Profit": 32,
        "Operating Income": 12,
        "EBIT": 16,
        "Net Income": 8
    },
    "2010-03-31": {
        "Diluted EPS": 0.3,
        "Total Revenue": 64,
        "Gross Profit": 27,
        "Operating Income": 6,
        "EBIT": 11,
        "Net Income": 4
    },
    "2009-12-31": {
        "Diluted EPS": 0.4,
        "Total Revenue": 67,
        "Gross Profit": 29,
        "Operating Income": 8,
        "EBIT": 14,
        "Net Income": 6
    },
    "2009-09-30": {
        "Diluted EPS": 0.42,
        "Total Revenue": 54,
        "Gross Profit": 25,
        "Operating Income": 8,
        "EBIT": 12,
        "Net Income": 6
    },
    "2009-06-30": {
        "Diluted EPS": 0.38,
        "Total Revenue": 53,
        "Gross Profit": 26,
        "Operating Income": 9,
        "EBIT": 14,
        "Net Income": 6
    },
    "2009-03-31": {
        "Diluted EPS": 0.47,
        "Total Revenue": 54,
        "Gross Profit": 27,
        "Operating Income": 11,
        "EBIT": 14,
        "Net Income": 7
    },
    "2023-06-30": {
        "Tax Effect Of Unusual Items": -3591000.0,
        "Tax Rate For Calcs": 0.21,
        "Normalized EBITDA": 77570000.0,
        "Total Unusual Items": -17100000.0,
        "Total Unusual Items Excluding Goodwill": -17100000.0,
        "Net Income From Continuing Operation Net Minority Interest": -9934000.0,
        "Reconciled Depreciation": 57500000.0,
        "Reconciled Cost Of Revenue": 356983000.0,
        "EBITDA": 60470000.0,
        "EBIT": 2970000.0,
        "Net Interest Income": -24121000.0,
        "Interest Expense": 25833000.0,
        "Interest Income": 1712000.0,
        "Normalized Income": 3575000.0,
        "Net Income From Continuing And Discontinued Operation": -9934000.0,
        "Total Expenses": 530180000.0,
        "Total Operating Income As Reported": 2760000.0,
        "Diluted Average Shares": 24075000.0,
        "Basic Average Shares": 24075000.0,
        "Diluted EPS": -0.41,
        "Basic EPS": -0.41,
        "Diluted NI Availto Com Stockholders": -9934000.0,
        "Net Income Common Stockholders": -9934000.0,
        "Net Income": -9934000.0,
        "Net Income Including Noncontrolling Interests": -9934000.0,
        "Net Income Continuous Operations": -9934000.0,
        "Tax Provision": -12929000.0,
        "Pretax Income": -22863000.0,
        "Other Income Expense": -17872000.0,
        "Other Non Operating Income Expenses": -772000.0,
        "Special Income Charges": -16599000.0,
        "Gain On Sale Of Ppe": -229000.0,
        "Restructuring And Mergern Acquisition": 16370000.0,
        "Gain On Sale Of Security": -501000.0,
        "Net Non Operating Interest Income Expense": -24121000.0,
        "Interest Expense Non Operating": 25833000.0,
        "Interest Income Non Operating": 1712000.0,
        "Operating Income": 19130000.0,
        "Operating Expense": 173197000.0,
        "Research And Development": 22302000.0,
        "Selling General And Administration": 150895000.0,
        "Gross Profit": 192327000.0,
        "Cost Of Revenue": 356983000.0,
        "Total Revenue": 549310000.0,
        "Operating Revenue": 549310000.0
    },
    "2023-09-30": {
        "Tax Effect Of Unusual Items": 1040760.0,
        "Tax Rate For Calcs": 0.21,
        "Normalized EBITDA": 73970000.0,
        "Total Unusual Items": 4956000.0,
        "Total Unusual Items Excluding Goodwill": 4956000.0,
        "Net Income From Continuing Operation Net Minority Interest": 7238000.0,
        "Reconciled Depreciation": 58371000.0,
        "Reconciled Cost Of Revenue": 369391000.0,
        "EBITDA": 78926000.0,
        "EBIT": 20555000.0,
        "Net Interest Income": -24175000.0,
        "Interest Expense": 25921000.0,
        "Interest Income": 1746000.0,
        "Normalized Income": 3322760.0,
        "Net Income From Continuing And Discontinued Operation": 7238000.0,
        "Total Expenses": 538870000.0,
        "Total Operating Income As Reported": 22853000.0,
        "Diluted Average Shares": 24368000.0,
        "Basic Average Shares": 24132000.0,
        "Diluted EPS": 0.3,
        "Basic EPS": 0.3,
        "Diluted NI Availto Com Stockholders": 7238000.0,
        "Net Income Common Stockholders": 7238000.0,
        "Net Income": 7238000.0,
        "Net Income Including Noncontrolling Interests": 7238000.0,
        "Net Income Continuous Operations": 7238000.0,
        "Tax Provision": -12604000.0,
        "Pretax Income": -5366000.0,
        "Other Income Expense": 4368000.0,
        "Other Non Operating Income Expenses": -588000.0,
        "Special Income Charges": 7966000.0,
        "Gain On Sale Of Ppe": -446000.0,
        "Restructuring And Mergern Acquisition": -8412000.0,
        "Gain On Sale Of Security": -3010000.0,
        "Net Non Operating Interest Income Expense": -24175000.0,
        "Interest Expense Non Operating": 25921000.0,
        "Interest Income Non Operating": 1746000.0,
        "Operating Income": 14441000.0,
        "Operating Expense": 169479000.0,
        "Research And Development": 20870000.0,
        "Selling General And Administration": 148609000.0,
        "Gross Profit": 183920000.0,
        "Cost Of Revenue": 369391000.0,
        "Total Revenue": 553311000.0,
        "Operating Revenue": 553311000.0
    },
    "2023-12-31": {
        "Tax Effect Of Unusual Items": -1782690.0,
        "Tax Rate For Calcs": 0.21,
        "Normalized EBITDA": 55673000.0,
        "Total Unusual Items": -8489000.0,
        "Total Unusual Items Excluding Goodwill": -8489000.0,
        "Net Income From Continuing Operation Net Minority Interest": -17147000.0,
        "Reconciled Depreciation": 57159000.0,
        "Reconciled Cost Of Revenue": 416271000.0,
        "EBITDA": 47184000.0,
        "EBIT": -9975000.0,
        "Net Interest Income": -24408000.0,
        "Interest Expense": 26706000.0,
        "Interest Income": 2298000.0,
        "Normalized Income": -10440690.0,
        "Net Income From Continuing And Discontinued Operation": -17147000.0,
        "Total Expenses": 593299000.0,
        "Total Operating Income As Reported": -12183000.0,
        "Diluted Average Shares": NaN,
        "Basic Average Shares": NaN,
        "Diluted EPS": NaN,
        "Basic EPS": NaN,
        "Diluted NI Availto Com Stockholders": -17147000.0,
        "Net Income Common Stockholders": -17147000.0,
        "Net Income": -17147000.0,
        "Net Income Including Noncontrolling Interests": -17147000.0,
        "Net Income Continuous Operations": -17147000.0,
        "Tax Provision": -19534000.0,
        "Pretax Income": -36681000.0,
        "Other Income Expense": -6830000.0,
        "Other Non Operating Income Expenses": 1659000.0,
        "Special Income Charges": -5920000.0,
        "Gain On Sale Of Ppe": 820000.0,
        "Restructuring And Mergern Acquisition": 6740000.0,
        "Gain On Sale Of Security": -2569000.0,
        "Net Non Operating Interest Income Expense": -24408000.0,
        "Interest Expense Non Operating": 26706000.0,
        "Interest Income Non Operating": 2298000.0,
        "Operating Income": -5443000.0,
        "Operating Expense": 177028000.0,
        "Research And Development": 22411000.0,
        "Selling General And Administration": 154617000.0,
        "Gross Profit": 171585000.0,
        "Cost Of Revenue": 416271000.0,
        "Total Revenue": 587856000.0,
        "Operating Revenue": 587856000.0
    }
}