{
    "2023-03-31": {
        "Tax Effect Of Unusual Items": 1113725.819484,
        "Tax Rate For Calcs": 0.112407,
        "Normalized EBITDA": 125115000.0,
        "Total Unusual Items": 9908000.0,
        "Total Unusual Items Excluding Goodwill": 9908000.0,
        "Net Income From Continuing Operation Net Minority Interest": 56098000.0,
        "Reconciled Depreciation": 46409000.0,
        "Reconciled Cost Of Revenue": 360511000.0,
        "EBITDA": 135023000.0,
        "EBIT": 88614000.0,
        "Net Interest Income": -25495000.0,
        "Interest Expense": 25495000.0,
        "Normalized Income": 47303725.819484,
        "Net Income From Continuing And Discontinued Operation": 56098000.0,
        "Total Expenses": 361556000.0,
        "Total Operating Income As Reported": 68103000.0,
        "Diluted Average Shares": 50723000.0,
        "Basic Average Shares": 50688000.0,
        "Diluted EPS": 1.11,
        "Basic EPS": 1.11,
        "Diluted NI Availto Com Stockholders": 56098000.0,
        "Net Income Common Stockholders": 56098000.0,
        "Net Income": 56098000.0,
        "Minority Interests": 74000.0,
        "Net Income Including Noncontrolling Interests": 56024000.0,
        "Net Income Continuous Operations": 56024000.0,
        "Tax Provision": 7095000.0,
        "Pretax Income": 63119000.0,
        "Other Income Expense": 20511000.0,
        "Other Non Operating Income Expenses": 8149000.0,
        "Special Income Charges": 9908000.0,
        "Other Special Charges": -9908000.0,
        "Earnings From Equity Interest": 2454000.0,
        "Net Non Operating Interest Income Expense": -25495000.0,
        "Interest Expense Non Operating": 25495000.0,
        "Operating Income": 68103000.0,
        "Operating Expense": 1045000.0,
        "Other Operating Expenses": 1045000.0,
        "Gross Profit": 69148000.0,
        "Cost Of Revenue": 360511000.0,
        "Total Revenue": 429659000.0,
        "Operating Revenue": 429338000.0
    },
    "2022-12-31": {
        "Tax Effect Of Unusual Items": 3612697.760526,
        "Tax Rate For Calcs": 0.160764,
        "Normalized EBITDA": 97357000.0,
        "Total Unusual Items": 22472000.0,
        "Total Unusual Items Excluding Goodwill": 22472000.0,
        "Net Income From Continuing Operation Net Minority Interest": 42054000.0,
        "Reconciled Depreciation": 46220000.0,
        "Reconciled Cost Of Revenue": 365122000.0,
        "EBITDA": 119829000.0,
        "EBIT": 73609000.0,
        "Net Interest Income": -23374000.0,
        "Interest Expense": 23374000.0,
        "Normalized Income": 23194697.760526,
        "Net Income From Continuing And Discontinued Operation": 42054000.0,
        "Total Expenses": 375374000.0,
        "Total Operating Income As Reported": 56780000.0,
        "Diluted Average Shares": NaN,
        "Basic Average Shares": NaN,
        "Diluted EPS": NaN,
        "Basic EPS": NaN,
        "Diluted NI Availto Com Stockholders": 42054000.0,
        "Net Income Common Stockholders": 42054000.0,
        "Net Income": 42054000.0,
        "Minority Interests": -105000.0,
        "Net Income Including Noncontrolling Interests": 42159000.0,
        "Net Income Continuous Operations": 42159000.0,
        "Tax Provision": 8076000.0,
        "Pretax Income": 50235000.0,
        "Other Income Expense": 26025000.0,
        "Other Non Operating Income Expenses": 736000.0,
        "Special Income Charges": 16520000.0,
        "Other Special Charges": -16520000.0,
        "Earnings From Equity Interest": 2817000.0,
        "Net Non Operating Interest Income Expense": -23374000.0,
        "Interest Expense Non Operating": 23374000.0,
        "Operating Income": 47584000.0,
        "Operating Expense": 10252000.0,
        "Other Operating Expenses": 1056000.0,
        "Gross Profit": 57836000.0,
        "Cost Of Revenue": 365122000.0,
        "Total Revenue": 422958000.0,
        "Operating Revenue": 422350000.0
    },
    "2022-09-30": {
        "Tax Effect Of Unusual Items": 1197369.304871,
        "Tax Rate For Calcs": 0.126558,
        "Normalized EBITDA": 181348000.0,
        "Total Unusual Items": 9461000.0,
        "Total Unusual Items Excluding Goodwill": 9461000.0,
        "Net Income From Continuing Operation Net Minority Interest": 106380000.0,
        "Reconciled Depreciation": 45984000.0,
        "Reconciled Cost Of Revenue": 389411000.0,
        "EBITDA": 190809000.0,
        "EBIT": 144825000.0,
        "Net Interest Income": -22747000.0,
        "Interest Expense": 22747000.0,
        "Normalized Income": 98116369.304871,
        "Net Income From Continuing And Discontinued Operation": 106380000.0,
        "Total Expenses": 389788000.0,
        "Total Operating Income As Reported": 128224000.0,
        "Diluted Average Shares": 50722000.0,
        "Basic Average Shares": 50668000.0,
        "Diluted EPS": 2.1,
        "Basic EPS": 2.1,
        "Diluted NI Availto Com Stockholders": 106380000.0,
        "Net Income Common Stockholders": 106380000.0,
        "Net Income": 106380000.0,
        "Minority Interests": -248000.0,
        "Net Income Including Noncontrolling Interests": 106628000.0,
        "Net Income Continuous Operations": 106628000.0,
        "Tax Provision": 15450000.0,
        "Pretax Income": 122078000.0,
        "Other Income Expense": 16601000.0,
        "Other Non Operating Income Expenses": 3042000.0,
        "Special Income Charges": 9461000.0,
        "Other Special Charges": -9461000.0,
        "Earnings From Equity Interest": 4098000.0,
        "Net Non Operating Interest Income Expense": -22747000.0,
        "Interest Expense Non Operating": 22747000.0,
        "Operating Income": 128224000.0,
        "Operating Expense": 377000.0,
        "Other Operating Expenses": 377000.0,
        "Gross Profit": 128601000.0,
        "Cost Of Revenue": 389411000.0,
        "Total Revenue": 518012000.0,
        "Operating Revenue": 517101000.0
    },
    "2022-06-30": {
        "Tax Effect Of Unusual Items": 1056525.432566,
        "Tax Rate For Calcs": 0.113764,
        "Normalized EBITDA": 121202000.0,
        "Total Unusual Items": 9287000.0,
        "Total Unusual Items Excluding Goodwill": 9287000.0,
        "Net Income From Continuing Operation Net Minority Interest": 64287000.0,
        "Reconciled Depreciation": 35857000.0,
        "Reconciled Cost Of Revenue": 276578000.0,
        "EBITDA": 130489000.0,
        "EBIT": 94632000.0,
        "Net Interest Income": -21753000.0,
        "Interest Expense": 21753000.0,
        "Normalized Income": 56056525.432566,
        "Net Income From Continuing And Discontinued Operation": 64287000.0,
        "Total Expenses": 277217000.0,
        "Total Operating Income As Reported": 81506000.0,
        "Diluted Average Shares": 50687000.0,
        "Basic Average Shares": 50668000.0,
        "Diluted EPS": 1.27,
        "Basic EPS": 1.27,
        "Diluted NI Availto Com Stockholders": 64287000.0,
        "Net Income Common Stockholders": 64287000.0,
        "Net Income": 64287000.0,
        "Minority Interests": -301000.0,
        "Net Income Including Noncontrolling Interests": 64588000.0,
        "Net Income Continuous Operations": 64588000.0,
        "Tax Provision": 8291000.0,
        "Pretax Income": 72879000.0,
        "Other Income Expense": 13126000.0,
        "Other Non Operating Income Expenses": 1551000.0,
        "Special Income Charges": 9287000.0,
        "Other Special Charges": -9287000.0,
        "Earnings From Equity Interest": 2288000.0,
        "Net Non Operating Interest Income Expense": -21753000.0,
        "Interest Expense Non Operating": 21753000.0,
        "Operating Income": 81506000.0,
        "Operating Expense": 639000.0,
        "Other Operating Expenses": 639000.0,
        "Gross Profit": 82145000.0,
        "Cost Of Revenue": 276578000.0,
        "Total Revenue": 358723000.0,
        "Operating Revenue": 357668000.0
    },
    "2023-06-30": {
        "Tax Effect Of Unusual Items": 1179916.397169,
        "Tax Rate For Calcs": 0.105604,
        "Normalized EBITDA": 142117000.0,
        "Total Unusual Items": 11173000.0,
        "Total Unusual Items Excluding Goodwill": 11173000.0,
        "Net Income From Continuing Operation Net Minority Interest": 68574000.0,
        "Reconciled Depreciation": 48268000.0,
        "Reconciled Cost Of Revenue": 330831000.0,
        "EBITDA": 153290000.0,
        "EBIT": 105022000.0,
        "Net Interest Income": -28027000.0,
        "Interest Expense": 28027000.0,
        "Normalized Income": 58580916.397169,
        "Net Income From Continuing And Discontinued Operation": 68574000.0,
        "Total Expenses": 331544000.0,
        "Total Operating Income As Reported": 82294000.0,
        "Diluted Average Shares": 50758000.0,
        "Basic Average Shares": 50725000.0,
        "Diluted EPS": 1.35,
        "Basic EPS": 1.35,
        "Diluted NI Availto Com Stockholders": 68574000.0,
        "Net Income Common Stockholders": 68574000.0,
        "Net Income": 68574000.0,
        "Minority Interests": -290000.0,
        "Net Income Including Noncontrolling Interests": 68864000.0,
        "Net Income Continuous Operations": 68864000.0,
        "Tax Provision": 8131000.0,
        "Pretax Income": 76995000.0,
        "Other Income Expense": 22728000.0,
        "Other Non Operating Income Expenses": 8816000.0,
        "Special Income Charges": 11173000.0,
        "Other Special Charges": -11173000.0,
        "Earnings From Equity Interest": 2739000.0,
        "Net Non Operating Interest Income Expense": -28027000.0,
        "Interest Expense Non Operating": 28027000.0,
        "Operating Income": 82294000.0,
        "Operating Expense": 713000.0,
        "Other Operating Expenses": 713000.0,
        "Gross Profit": 83007000.0,
        "Cost Of Revenue": 330831000.0,
        "Total Revenue": 413838000.0,
        "Operating Revenue": 412727000.0
    },
    "2022-03-31": {
        "Diluted EPS": 0.91,
        "Total Revenue": 344,
        "Gross Profit": 214,
        "Operating Income": 61,
        "EBIT": 106,
        "Net Income": 46
    },
    "2021-12-31": {
        "Diluted EPS": 0.65,
        "Total Revenue": 335,
        "Gross Profit": 211,
        "Operating Income": 52,
        "EBIT": 97,
        "Net Income": 33
    },
    "2021-09-30": {
        "Diluted EPS": 1.93,
        "Total Revenue": 447,
        "Gross Profit": 272,
        "Operating Income": 124,
        "EBIT": 169,
        "Net Income": 98
    },
    "2021-06-30": {
        "Diluted EPS": 1.38,
        "Total Revenue": 360,
        "Gross Profit": 241,
        "Operating Income": 92,
        "EBIT": 137,
        "Net Income": 70
    },
    "2021-03-31": {
        "Diluted EPS": 0.89,
        "Total Revenue": 316,
        "Gross Profit": 209,
        "Operating Income": 61,
        "EBIT": 105,
        "Net Income": 45
    },
    "2020-12-31": {
        "Diluted EPS": 0.74,
        "Total Revenue": 316,
        "Gross Profit": 213,
        "Operating Income": 54,
        "EBIT": 98,
        "Net Income": 38
    },
    "2020-09-30": {
        "Diluted EPS": 2.02,
        "Total Revenue": 425,
        "Gross Profit": 271,
        "Operating Income": 125,
        "EBIT": 169,
        "Net Income": 102
    },
    "2020-06-30": {
        "Diluted EPS": 1.19,
        "Total Revenue": 319,
        "Gross Profit": 227,
        "Operating Income": 79,
        "EBIT": 124,
        "Net Income": 60
    },
    "2020-03-31": {
        "Diluted EPS": 0.74,
        "Total Revenue": 291,
        "Gross Profit": 203,
        "Operating Income": 52,
        "EBIT": 95,
        "Net Income": 37
    },
    "2019-12-31": {
        "Diluted EPS": 0.94,
        "Total Revenue": 293,
        "Gross Profit": 217,
        "Operating Income": 54,
        "EBIT": 99,
        "Net Income": 47
    },
    "2019-09-30": {
        "Diluted EPS": 1.78,
        "Total Revenue": 386,
        "Gross Profit": 254,
        "Operating Income": 114,
        "EBIT": 158,
        "Net Income": 90
    },
    "2019-06-30": {
        "Diluted EPS": 1.05,
        "Total Revenue": 317,
        "Gross Profit": 222,
        "Operating Income": 72,
        "EBIT": 114,
        "Net Income": 53
    },
    "2019-03-31": {
        "Diluted EPS": 0.84,
        "Total Revenue": 350,
        "Gross Profit": 209,
        "Operating Income": 58,
        "EBIT": 101,
        "Net Income": 43
    },
    "2018-12-31": {
        "Diluted EPS": 0.52,
        "Total Revenue": 312,
        "Gross Profit": 203,
        "Operating Income": 48,
        "EBIT": 91,
        "Net Income": 26
    },
    "2018-09-30": {
        "Diluted EPS": 2.02,
        "Total Revenue": 409,
        "Gross Profit": 268,
        "Operating Income": 115,
        "EBIT": 158,
        "Net Income": 102
    },
    "2018-06-30": {
        "Diluted EPS": 1.23,
        "Total Revenue": 340,
        "Gross Profit": 235,
        "Operating Income": 83,
        "EBIT": 125,
        "Net Income": 62
    },
    "2018-03-31": {
        "Diluted EPS": 0.72,
        "Total Revenue": 310,
        "Gross Profit": 195,
        "Operating Income": 51,
        "EBIT": 92,
        "Net Income": 36
    },
    "2017-12-31": {
        "Diluted EPS": 0.76,
        "Total Revenue": 306,
        "Gross Profit": 207,
        "Operating Income": 56,
        "EBIT": 97,
        "Net Income": 39
    },
    "2017-09-30": {
        "Diluted EPS": 1.8,
        "Total Revenue": 408,
        "Gross Profit": 267,
        "Operating Income": 124,
        "EBIT": 165,
        "Net Income": 91
    },
    "2017-06-30": {
        "Diluted EPS": 0.99,
        "Total Revenue": 333,
        "Gross Profit": 234,
        "Operating Income": 82,
        "EBIT": 128,
        "Net Income": 50
    },
    "2017-03-31": {
        "Diluted EPS": 0.66,
        "Total Revenue": 303,
        "Gross Profit": 194,
        "Operating Income": 54,
        "EBIT": 91,
        "Net Income": 33
    },
    "2016-12-31": {
        "Diluted EPS": 0.66,
        "Total Revenue": 294,
        "Gross Profit": 196,
        "Operating Income": 65,
        "EBIT": 102,
        "Net Income": 33
    },
    "2016-09-30": {
        "Diluted EPS": 1.65,
        "Total Revenue": 372,
        "Gross Profit": 242,
        "Operating Income": 98,
        "EBIT": 135,
        "Net Income": 83
    },
    "2016-06-30": {
        "Diluted EPS": 1.12,
        "Total Revenue": 315,
        "Gross Profit": 220,
        "Operating Income": 77,
        "EBIT": 114,
        "Net Income": 56
    },
    "2016-03-31": {
        "Diluted EPS": 0.51,
        "Total Revenue": 281,
        "Gross Profit": 184,
        "Operating Income": 44,
        "EBIT": 80,
        "Net Income": 26
    },
    "2015-12-31": {
        "Diluted EPS": 0.63,
        "Total Revenue": 285,
        "Gross Profit": 193,
        "Operating Income": 49,
        "EBIT": 85,
        "Net Income": 32
    },
    "2015-09-30": {
        "Diluted EPS": 1.46,
        "Total Revenue": 369,
        "Gross Profit": 243,
        "Operating Income": 105,
        "EBIT": 140,
        "Net Income": 73
    },
    "2015-06-30": {
        "Diluted EPS": 1.31,
        "Total Revenue": 336,
        "Gross Profit": 228,
        "Operating Income": 86,
        "EBIT": 121,
        "Net Income": 66
    },
    "2015-03-31": {
        "Diluted EPS": 0.47,
        "Total Revenue": 279,
        "Gross Profit": 177,
        "Operating Income": 43,
        "EBIT": 78,
        "Net Income": 23
    },
    "2014-12-31": {
        "Diluted EPS": 0.68,
        "Total Revenue": 290,
        "Gross Profit": 183,
        "Operating Income": 28,
        "EBIT": 62,
        "Net Income": 35
    },
    "2014-09-30": {
        "Diluted EPS": 1.73,
        "Total Revenue": 382,
        "Gross Profit": 241,
        "Operating Income": 106,
        "EBIT": 140,
        "Net Income": 87
    },
    "2014-06-30": {
        "Diluted EPS": 0.89,
        "Total Revenue": 318,
        "Gross Profit": 212,
        "Operating Income": 72,
        "EBIT": 106,
        "Net Income": 45
    },
    "2014-03-31": {
        "Diluted EPS": 0.55,
        "Total Revenue": 293,
        "Gross Profit": 179,
        "Operating Income": 49,
        "EBIT": 82,
        "Net Income": 27
    },
    "2013-12-31": {
        "Diluted EPS": 0.55,
        "Total Revenue": 296,
        "Gross Profit": 188,
        "Operating Income": 37,
        "EBIT": 72,
        "Net Income": 28
    },
    "2013-09-30": {
        "Diluted EPS": 1.46,
        "Total Revenue": 381,
        "Gross Profit": 249,
        "Operating Income": 116,
        "EBIT": 149,
        "Net Income": 73
    },
    "2013-06-30": {
        "Diluted EPS": 0.93,
        "Total Revenue": 304,
        "Gross Profit": 226,
        "Operating Income": 79,
        "EBIT": 112,
        "Net Income": 47
    },
    "2013-03-31": {
        "Diluted EPS": 0.7,
        "Total Revenue": 265,
        "Gross Profit": 188,
        "Operating Income": 59,
        "EBIT": 93,
        "Net Income": 35
    },
    "2012-12-31": {
        "Diluted EPS": 0.41,
        "Total Revenue": 251,
        "Gross Profit": 180,
        "Operating Income": 37,
        "EBIT": 70,
        "Net Income": 21
    },
    "2012-09-30": {
        "Diluted EPS": 1.84,
        "Total Revenue": 334,
        "Gross Profit": 249,
        "Operating Income": 109,
        "EBIT": 142,
        "Net Income": 92
    },
    "2012-06-30": {
        "Diluted EPS": 0.71,
        "Total Revenue": 255,
        "Gross Profit": 191,
        "Operating Income": 56,
        "EBIT": 88,
        "Net Income": 35
    },
    "2012-03-31": {
        "Diluted EPS": 0.5,
        "Total Revenue": 241,
        "Gross Profit": 165,
        "Operating Income": 40,
        "EBIT": 72,
        "Net Income": 25
    },
    "2011-12-31": {
        "Diluted EPS": 0.25,
        "Total Revenue": 231,
        "Gross Profit": 152,
        "Operating Income": 0,
        "EBIT": 32,
        "Net Income": 12
    },
    "2011-09-30": {
        "Diluted EPS": 2.16,
        "Total Revenue": 310,
        "Gross Profit": 212,
        "Operating Income": 71,
        "EBIT": 103,
        "Net Income": 107
    },
    "2011-06-30": {
        "Diluted EPS": 0.42,
        "Total Revenue": 235,
        "Gross Profit": 163,
        "Operating Income": 34,
        "EBIT": 64,
        "Net Income": 21
    },
    "2011-03-31": {
        "Diluted EPS": 0.6,
        "Total Revenue": 251,
        "Gross Profit": 165,
        "Operating Income": 50,
        "EBIT": 82,
        "Net Income": 30
    },
    "2010-12-31": {
        "Diluted EPS": 0.4,
        "Total Revenue": 232,
        "Gross Profit": 163,
        "Operating Income": 32,
        "EBIT": 63,
        "Net Income": 20
    },
    "2010-09-30": {
        "Diluted EPS": 1.39,
        "Total Revenue": 309,
        "Gross Profit": 217,
        "Operating Income": 89,
        "EBIT": 119,
        "Net Income": 67
    },
    "2010-06-30": {
        "Diluted EPS": 0.82,
        "Total Revenue": 242,
        "Gross Profit": 156,
        "Operating Income": 37,
        "EBIT": 67,
        "Net Income": 39
    },
    "2010-03-31": {
        "Diluted EPS": 0.34,
        "Total Revenue": 253,
        "Gross Profit": 146,
        "Operating Income": 34,
        "EBIT": 64,
        "Net Income": 16
    },
    "2009-12-31": {
        "Diluted EPS": 0.5,
        "Total Revenue": 253,
        "Gross Profit": 164,
        "Operating Income": 39,
        "EBIT": 71,
        "Net Income": 24
    },
    "2009-09-30": {
        "Diluted EPS": 1.16,
        "Total Revenue": 325,
        "Gross Profit": 197,
        "Operating Income": 80,
        "EBIT": 111,
        "Net Income": 54
    },
    "2009-06-30": {
        "Diluted EPS": 0.58,
        "Total Revenue": 244,
        "Gross Profit": 166,
        "Operating Income": 49,
        "EBIT": 77,
        "Net Income": 27
    },
    "2009-03-31": {
        "Diluted EPS": 0.4,
        "Total Revenue": 229,
        "Gross Profit": 140,
        "Operating Income": 36,
        "EBIT": 64,
        "Net Income": 19
    },
    "2023-09-30": {
        "Tax Effect Of Unusual Items": 1273813.282421,
        "Tax Rate For Calcs": 0.11534,
        "Normalized EBITDA": 190375000.0,
        "Total Unusual Items": 11044000.0,
        "Total Unusual Items Excluding Goodwill": 11044000.0,
        "Net Income From Continuing Operation Net Minority Interest": 105264000.0,
        "Reconciled Depreciation": 51968000.0,
        "Reconciled Cost Of Revenue": 383924000.0,
        "EBITDA": 201419000.0,
        "EBIT": 149451000.0,
        "Net Interest Income": -30030000.0,
        "Interest Expense": 30030000.0,
        "Normalized Income": 95493813.282421,
        "Net Income From Continuing And Discontinued Operation": 105264000.0,
        "Total Expenses": 384618000.0,
        "Total Operating Income As Reported": 126288000.0,
        "Diluted Average Shares": 50805000.0,
        "Basic Average Shares": 50726000.0,
        "Diluted EPS": 2.07,
        "Basic EPS": 2.08,
        "Diluted NI Availto Com Stockholders": 105264000.0,
        "Net Income Common Stockholders": 105264000.0,
        "Net Income": 105264000.0,
        "Minority Interests": -383000.0,
        "Net Income Including Noncontrolling Interests": 105647000.0,
        "Net Income Continuous Operations": 105647000.0,
        "Tax Provision": 13774000.0,
        "Pretax Income": 119421000.0,
        "Other Income Expense": 23163000.0,
        "Other Non Operating Income Expenses": 7924000.0,
        "Special Income Charges": 11044000.0,
        "Other Special Charges": -11044000.0,
        "Earnings From Equity Interest": 4195000.0,
        "Net Non Operating Interest Income Expense": -30030000.0,
        "Interest Expense Non Operating": 30030000.0,
        "Operating Income": 126288000.0,
        "Operating Expense": 694000.0,
        "Other Operating Expenses": 694000.0,
        "Gross Profit": 126982000.0,
        "Cost Of Revenue": 383924000.0,
        "Total Revenue": 510906000.0,
        "Operating Revenue": 509635000.0
    },
    "2023-12-31": {
        "Tax Effect Of Unusual Items": 4090800.0,
        "Tax Rate For Calcs": 0.21,
        "Normalized EBITDA": 96342000.0,
        "Total Unusual Items": 19480000.0,
        "Total Unusual Items Excluding Goodwill": 19480000.0,
        "Net Income From Continuing Operation Net Minority Interest": 31259000.0,
        "Reconciled Depreciation": 53263000.0,
        "Reconciled Cost Of Revenue": 374250000.0,
        "EBITDA": 115822000.0,
        "EBIT": 62559000.0,
        "Net Interest Income": -17639000.0,
        "Interest Expense": 32905000.0,
        "Normalized Income": 15869800.0,
        "Net Income From Continuing And Discontinued Operation": 31259000.0,
        "Total Expenses": 381674000.0,
        "Total Operating Income As Reported": 36792000.0,
        "Diluted Average Shares": NaN,
        "Basic Average Shares": NaN,
        "Diluted EPS": NaN,
        "Basic EPS": NaN,
        "Diluted NI Availto Com Stockholders": 31259000.0,
        "Net Income Common Stockholders": 31259000.0,
        "Net Income": 31259000.0,
        "Minority Interests": -99000.0,
        "Net Income Including Noncontrolling Interests": 31358000.0,
        "Net Income Continuous Operations": 31358000.0,
        "Tax Provision": -1704000.0,
        "Pretax Income": 29654000.0,
        "Other Income Expense": 17014000.0,
        "Other Non Operating Income Expenses": -5505000.0,
        "Special Income Charges": 19480000.0,
        "Other Special Charges": -19480000.0,
        "Earnings From Equity Interest": 3039000.0,
        "Net Non Operating Interest Income Expense": -17639000.0,
        "Interest Expense Non Operating": 32905000.0,
        "Operating Income": 30279000.0,
        "Operating Expense": 7424000.0,
        "Other Operating Expenses": 911000.0,
        "Gross Profit": 37703000.0,
        "Cost Of Revenue": 374250000.0,
        "Total Revenue": 411953000.0,
        "Operating Revenue": 411194000.0
    }
}