{
    "2023-03-31": {
        "Tax Effect Of Unusual Items": NaN,
        "Tax Rate For Calcs": NaN,
        "Normalized EBITDA": NaN,
        "Total Unusual Items": 0.0,
        "Total Unusual Items Excluding Goodwill": 0.0,
        "Net Income From Continuing Operation Net Minority Interest": NaN,
        "Reconciled Depreciation": NaN,
        "Reconciled Cost Of Revenue": NaN,
        "EBITDA": NaN,
        "EBIT": NaN,
        "Net Interest Income": NaN,
        "Interest Expense": NaN,
        "Interest Income": NaN,
        "Normalized Income": NaN,
        "Net Income From Continuing And Discontinued Operation": NaN,
        "Total Expenses": NaN,
        "Total Operating Income As Reported": NaN,
        "Diluted Average Shares": 29372000.0,
        "Basic Average Shares": 28780000.0,
        "Diluted EPS": 3.58,
        "Basic EPS": 3.66,
        "Diluted NI Availto Com Stockholders": NaN,
        "Net Income Common Stockholders": NaN,
        "Net Income": NaN,
        "Minority Interests": NaN,
        "Net Income Including Noncontrolling Interests": NaN,
        "Net Income Continuous Operations": NaN,
        "Tax Provision": NaN,
        "Pretax Income": NaN,
        "Other Income Expense": NaN,
        "Other Non Operating Income Expenses": NaN,
        "Special Income Charges": 0.0,
        "Impairment Of Capital Assets": NaN,
        "Restructuring And Mergern Acquisition": 0.0,
        "Net Non Operating Interest Income Expense": NaN,
        "Interest Expense Non Operating": NaN,
        "Interest Income Non Operating": NaN,
        "Operating Income": NaN,
        "Operating Expense": NaN,
        "Research And Development": NaN,
        "Selling General And Administration": NaN,
        "General And Administrative Expense": NaN,
        "Other Gand A": NaN,
        "Gross Profit": NaN,
        "Cost Of Revenue": NaN,
        "Total Revenue": NaN,
        "Operating Revenue": NaN
    },
    "2022-12-31": {
        "Tax Effect Of Unusual Items": NaN,
        "Tax Rate For Calcs": NaN,
        "Normalized EBITDA": NaN,
        "Total Unusual Items": 0.0,
        "Total Unusual Items Excluding Goodwill": 0.0,
        "Net Income From Continuing Operation Net Minority Interest": NaN,
        "Reconciled Depreciation": NaN,
        "Reconciled Cost Of Revenue": NaN,
        "EBITDA": NaN,
        "EBIT": NaN,
        "Net Interest Income": NaN,
        "Interest Expense": NaN,
        "Interest Income": NaN,
        "Normalized Income": NaN,
        "Net Income From Continuing And Discontinued Operation": NaN,
        "Total Expenses": NaN,
        "Total Operating Income As Reported": NaN,
        "Diluted Average Shares": NaN,
        "Basic Average Shares": NaN,
        "Diluted EPS": NaN,
        "Basic EPS": NaN,
        "Diluted NI Availto Com Stockholders": NaN,
        "Net Income Common Stockholders": NaN,
        "Net Income": NaN,
        "Minority Interests": NaN,
        "Net Income Including Noncontrolling Interests": NaN,
        "Net Income Continuous Operations": NaN,
        "Tax Provision": NaN,
        "Pretax Income": NaN,
        "Other Income Expense": NaN,
        "Other Non Operating Income Expenses": NaN,
        "Special Income Charges": 0.0,
        "Other Special Charges": 0.0,
        "Impairment Of Capital Assets": 0.0,
        "Restructuring And Mergern Acquisition": 0.0,
        "Net Non Operating Interest Income Expense": NaN,
        "Interest Expense Non Operating": NaN,
        "Interest Income Non Operating": NaN,
        "Operating Income": NaN,
        "Operating Expense": NaN,
        "Research And Development": NaN,
        "Selling General And Administration": NaN,
        "General And Administrative Expense": NaN,
        "Other Gand A": NaN,
        "Gross Profit": NaN,
        "Cost Of Revenue": NaN,
        "Total Revenue": NaN,
        "Operating Revenue": NaN
    },
    "2022-09-30": {
        "Tax Effect Of Unusual Items": NaN,
        "Tax Rate For Calcs": NaN,
        "Normalized EBITDA": NaN,
        "Total Unusual Items": NaN,
        "Total Unusual Items Excluding Goodwill": NaN,
        "Net Income From Continuing Operation Net Minority Interest": NaN,
        "Reconciled Depreciation": NaN,
        "Reconciled Cost Of Revenue": NaN,
        "EBITDA": NaN,
        "EBIT": NaN,
        "Net Interest Income": NaN,
        "Interest Expense": NaN,
        "Interest Income": NaN,
        "Normalized Income": NaN,
        "Net Income From Continuing And Discontinued Operation": NaN,
        "Total Expenses": NaN,
        "Total Operating Income As Reported": NaN,
        "Diluted Average Shares": NaN,
        "Basic Average Shares": NaN,
        "Diluted EPS": NaN,
        "Basic EPS": NaN,
        "Diluted NI Availto Com Stockholders": NaN,
        "Net Income Common Stockholders": NaN,
        "Net Income": NaN,
        "Minority Interests": NaN,
        "Net Income Including Noncontrolling Interests": NaN,
        "Net Income Continuous Operations": NaN,
        "Tax Provision": NaN,
        "Pretax Income": NaN,
        "Other Income Expense": NaN,
        "Other Non Operating Income Expenses": NaN,
        "Special Income Charges": NaN,
        "Other Special Charges": NaN,
        "Impairment Of Capital Assets": 0.0,
        "Restructuring And Mergern Acquisition": NaN,
        "Net Non Operating Interest Income Expense": NaN,
        "Interest Expense Non Operating": NaN,
        "Interest Income Non Operating": NaN,
        "Operating Income": NaN,
        "Operating Expense": NaN,
        "Research And Development": NaN,
        "Selling General And Administration": NaN,
        "General And Administrative Expense": NaN,
        "Other Gand A": NaN,
        "Gross Profit": NaN,
        "Cost Of Revenue": NaN,
        "Total Revenue": NaN,
        "Operating Revenue": NaN
    },
    "2022-06-30": {
        "Tax Effect Of Unusual Items": -3913768.0,
        "Tax Rate For Calcs": 0.281,
        "Normalized EBITDA": 69966000.0,
        "Total Unusual Items": -13928000.0,
        "Total Unusual Items Excluding Goodwill": -13928000.0,
        "Net Income From Continuing Operation Net Minority Interest": 21069000.0,
        "Reconciled Depreciation": 21154000.0,
        "Reconciled Cost Of Revenue": 45417000.0,
        "EBITDA": 56038000.0,
        "EBIT": 34884000.0,
        "Net Interest Income": -5975000.0,
        "Interest Expense": 6272000.0,
        "Interest Income": 297000.0,
        "Normalized Income": 31083232.0,
        "Net Income From Continuing And Discontinued Operation": 21069000.0,
        "Total Expenses": 72019000.0,
        "Total Operating Income As Reported": 49900000.0,
        "Diluted Average Shares": 30710000.0,
        "Basic Average Shares": 30413000.0,
        "Diluted EPS": 0.69,
        "Basic EPS": 0.69,
        "Diluted NI Availto Com Stockholders": 21069000.0,
        "Net Income Common Stockholders": 21069000.0,
        "Net Income": 21069000.0,
        "Minority Interests": 485000.0,
        "Net Income Including Noncontrolling Interests": 20584000.0,
        "Net Income Continuous Operations": 20584000.0,
        "Tax Provision": 8028000.0,
        "Pretax Income": 28612000.0,
        "Other Income Expense": -18051000.0,
        "Other Non Operating Income Expenses": -4123000.0,
        "Special Income Charges": -13928000.0,
        "Other Special Charges": 11190000.0,
        "Impairment Of Capital Assets": 2427000.0,
        "Restructuring And Mergern Acquisition": 311000.0,
        "Earnings From Equity Interest": -532000.0,
        "Net Non Operating Interest Income Expense": -5975000.0,
        "Interest Expense Non Operating": 6272000.0,
        "Interest Income Non Operating": 297000.0,
        "Operating Income": 52638000.0,
        "Operating Expense": 26602000.0,
        "Research And Development": 17086000.0,
        "Selling General And Administration": 9516000.0,
        "General And Administrative Expense": NaN,
        "Other Gand A": NaN,
        "Gross Profit": 79240000.0,
        "Cost Of Revenue": 45417000.0,
        "Total Revenue": 124657000.0,
        "Operating Revenue": 124657000.0
    },
    "2023-06-30": {
        "Tax Effect Of Unusual Items": 0.0,
        "Tax Rate For Calcs": 0.169,
        "Normalized EBITDA": 57408000.0,
        "Total Unusual Items": 0.0,
        "Total Unusual Items Excluding Goodwill": 0.0,
        "Net Income From Continuing Operation Net Minority Interest": 21783000.0,
        "Reconciled Depreciation": 19645000.0,
        "Reconciled Cost Of Revenue": 16644000.0,
        "EBITDA": 57408000.0,
        "EBIT": 37763000.0,
        "Net Interest Income": -1887000.0,
        "Interest Expense": 12141000.0,
        "Interest Income": 10254000.0,
        "Normalized Income": 21783000.0,
        "Net Income From Continuing And Discontinued Operation": 21783000.0,
        "Total Expenses": 78215000.0,
        "Total Operating Income As Reported": 23376000.0,
        "Diluted Average Shares": 27655000.0,
        "Basic Average Shares": 26768000.0,
        "Diluted EPS": 0.79,
        "Basic EPS": 0.81,
        "Diluted NI Availto Com Stockholders": 21783000.0,
        "Net Income Common Stockholders": 21783000.0,
        "Net Income": 21783000.0,
        "Minority Interests": 490000.0,
        "Net Income Including Noncontrolling Interests": 21293000.0,
        "Net Income Continuous Operations": 21293000.0,
        "Tax Provision": 4329000.0,
        "Pretax Income": 25622000.0,
        "Other Income Expense": 4133000.0,
        "Other Non Operating Income Expenses": 4133000.0,
        "Special Income Charges": 0.0,
        "Impairment Of Capital Assets": 0.0,
        "Restructuring And Mergern Acquisition": 0.0,
        "Net Non Operating Interest Income Expense": -1887000.0,
        "Interest Expense Non Operating": 12141000.0,
        "Interest Income Non Operating": 10254000.0,
        "Operating Income": 23376000.0,
        "Operating Expense": 61571000.0,
        "Research And Development": 49878000.0,
        "Selling General And Administration": 11693000.0,
        "General And Administrative Expense": 11693000.0,
        "Other Gand A": 11693000.0,
        "Gross Profit": 84947000.0,
        "Cost Of Revenue": 16644000.0,
        "Total Revenue": 101591000.0,
        "Operating Revenue": 101591000.0
    },
    "2022-03-31": {
        "Diluted EPS": 0.58,
        "Total Revenue": 101,
        "Gross Profit": 101,
        "Operating Income": 30,
        "EBIT": 49,
        "Net Income": 18
    },
    "2021-12-31": {
        "Diluted EPS": 0.71,
        "Total Revenue": 112,
        "Gross Profit": 112,
        "Operating Income": 26,
        "EBIT": 45,
        "Net Income": 22
    },
    "2021-09-30": {
        "Diluted EPS": 0.83,
        "Total Revenue": 143,
        "Gross Profit": 143,
        "Operating Income": 37,
        "EBIT": 56,
        "Net Income": 26
    },
    "2021-06-30": {
        "Diluted EPS": 0.05,
        "Total Revenue": 88,
        "Gross Profit": 88,
        "Operating Income": -3,
        "EBIT": 17,
        "Net Income": 2
    },
    "2021-03-31": {
        "Diluted EPS": 0.18,
        "Total Revenue": 82,
        "Gross Profit": 82,
        "Operating Income": 12,
        "EBIT": 32,
        "Net Income": 6
    },
    "2020-12-31": {
        "Diluted EPS": -0.04,
        "Total Revenue": 91,
        "Gross Profit": 91,
        "Operating Income": 3,
        "EBIT": 23,
        "Net Income": -1
    },
    "2020-09-30": {
        "Diluted EPS": 0.76,
        "Total Revenue": 87,
        "Gross Profit": 87,
        "Operating Income": 15,
        "EBIT": 36,
        "Net Income": 24
    },
    "2020-06-30": {
        "Diluted EPS": 0.72,
        "Total Revenue": 104,
        "Gross Profit": 104,
        "Operating Income": 32,
        "EBIT": 53,
        "Net Income": 22
    },
    "2020-03-31": {
        "Diluted EPS": 0.0,
        "Total Revenue": 76,
        "Gross Profit": 76,
        "Operating Income": 5,
        "EBIT": 24,
        "Net Income": 0
    },
    "2019-12-31": {
        "Diluted EPS": 0.44,
        "Total Revenue": 102,
        "Gross Profit": 102,
        "Operating Income": 25,
        "EBIT": 45,
        "Net Income": 14
    },
    "2019-09-30": {
        "Diluted EPS": 0.07,
        "Total Revenue": 73,
        "Gross Profit": 73,
        "Operating Income": 4,
        "EBIT": 23,
        "Net Income": 2
    },
    "2019-06-30": {
        "Diluted EPS": 0.24,
        "Total Revenue": 76,
        "Gross Profit": 76,
        "Operating Income": 9,
        "EBIT": 28,
        "Net Income": 8
    },
    "2019-03-31": {
        "Diluted EPS": -0.09,
        "Total Revenue": 69,
        "Gross Profit": 69,
        "Operating Income": 0,
        "EBIT": 18,
        "Net Income": -3
    },
    "2018-12-31": {
        "Diluted EPS": 0.07,
        "Total Revenue": 75,
        "Gross Profit": 75,
        "Operating Income": 4,
        "EBIT": 23,
        "Net Income": 2
    },
    "2018-09-30": {
        "Diluted EPS": 0.61,
        "Total Revenue": 75,
        "Gross Profit": 75,
        "Operating Income": 13,
        "EBIT": 31,
        "Net Income": 22
    },
    "2018-06-30": {
        "Diluted EPS": 0.31,
        "Total Revenue": 70,
        "Gross Profit": 70,
        "Operating Income": 16,
        "EBIT": 30,
        "Net Income": 11
    },
    "2018-03-31": {
        "Diluted EPS": 0.85,
        "Total Revenue": 87,
        "Gross Profit": 87,
        "Operating Income": 30,
        "EBIT": 45,
        "Net Income": 30
    },
    "2017-12-31": {
        "Diluted EPS": 1.54,
        "Total Revenue": 205,
        "Gross Profit": 205,
        "Operating Income": 146,
        "EBIT": 160,
        "Net Income": 54
    },
    "2017-09-30": {
        "Diluted EPS": 1.0,
        "Total Revenue": 97,
        "Gross Profit": 97,
        "Operating Income": 41,
        "EBIT": 49,
        "Net Income": 36
    },
    "2017-06-30": {
        "Diluted EPS": 1.46,
        "Total Revenue": 136,
        "Gross Profit": 136,
        "Operating Income": 81,
        "EBIT": 98,
        "Net Income": 52
    },
    "2017-03-31": {
        "Diluted EPS": 0.93,
        "Total Revenue": 95,
        "Gross Profit": 95,
        "Operating Income": 34,
        "EBIT": 52,
        "Net Income": 34
    },
    "2016-12-31": {
        "Diluted EPS": 3.86,
        "Total Revenue": 274,
        "Gross Profit": 274,
        "Operating Income": 209,
        "EBIT": 211,
        "Net Income": 136
    },
    "2016-09-30": {
        "Diluted EPS": 2.99,
        "Total Revenue": 208,
        "Gross Profit": 208,
        "Operating Income": 157,
        "EBIT": 173,
        "Net Income": 104
    },
    "2016-06-30": {
        "Diluted EPS": 1.14,
        "Total Revenue": 76,
        "Gross Profit": 76,
        "Operating Income": 23,
        "EBIT": 39,
        "Net Income": 40
    },
    "2016-03-31": {
        "Diluted EPS": 0.79,
        "Total Revenue": 108,
        "Gross Profit": 108,
        "Operating Income": 48,
        "EBIT": 67,
        "Net Income": 28
    },
    "2015-12-31": {
        "Diluted EPS": 0.92,
        "Total Revenue": 112,
        "Gross Profit": 112,
        "Operating Income": 53,
        "EBIT": 72,
        "Net Income": 33
    },
    "2015-09-30": {
        "Diluted EPS": 0.68,
        "Total Revenue": 100,
        "Gross Profit": 100,
        "Operating Income": 45,
        "EBIT": 63,
        "Net Income": 25
    },
    "2015-06-30": {
        "Diluted EPS": 0.89,
        "Total Revenue": 119,
        "Gross Profit": 119,
        "Operating Income": 59,
        "EBIT": 76,
        "Net Income": 33
    },
    "2015-03-31": {
        "Diluted EPS": 0.78,
        "Total Revenue": 110,
        "Gross Profit": 110,
        "Operating Income": 51,
        "EBIT": 67,
        "Net Income": 29
    },
    "2014-12-31": {
        "Diluted EPS": 0.4,
        "Total Revenue": 86,
        "Gross Profit": 86,
        "Operating Income": 25,
        "EBIT": 39,
        "Net Income": 14
    },
    "2014-09-30": {
        "Diluted EPS": 0.34,
        "Total Revenue": 78,
        "Gross Profit": 78,
        "Operating Income": 15,
        "EBIT": 30,
        "Net Income": 14
    },
    "2014-06-30": {
        "Diluted EPS": 1.93,
        "Total Revenue": 194,
        "Gross Profit": 194,
        "Operating Income": 128,
        "EBIT": 140,
        "Net Income": 79
    },
    "2014-03-31": {
        "Diluted EPS": -0.05,
        "Total Revenue": 58,
        "Gross Profit": 58,
        "Operating Income": 0,
        "EBIT": 12,
        "Net Income": -2
    },
    "2013-12-31": {
        "Diluted EPS": 0.36,
        "Total Revenue": 100,
        "Gross Profit": 100,
        "Operating Income": 38,
        "EBIT": 50,
        "Net Income": 15
    },
    "2013-09-30": {
        "Diluted EPS": 0.64,
        "Total Revenue": 111,
        "Gross Profit": 111,
        "Operating Income": 49,
        "EBIT": 59,
        "Net Income": 27
    },
    "2013-06-30": {
        "Diluted EPS": 0.22,
        "Total Revenue": 68,
        "Gross Profit": 68,
        "Operating Income": 13,
        "EBIT": 23,
        "Net Income": 9
    },
    "2013-03-31": {
        "Diluted EPS": -0.3,
        "Total Revenue": 47,
        "Gross Profit": 47,
        "Operating Income": -15,
        "EBIT": -5,
        "Net Income": -12
    },
    "2012-12-31": {
        "Diluted EPS": 0.24,
        "Total Revenue": 88,
        "Gross Profit": 88,
        "Operating Income": 19,
        "EBIT": 28,
        "Net Income": 16
    },
    "2012-09-30": {
        "Diluted EPS": 5.56,
        "Total Revenue": 434,
        "Gross Profit": 434,
        "Operating Income": 363,
        "EBIT": 372,
        "Net Income": 236
    },
    "2012-06-30": {
        "Diluted EPS": 0.22,
        "Total Revenue": 72,
        "Gross Profit": 72,
        "Operating Income": 18,
        "EBIT": 26,
        "Net Income": 10
    },
    "2012-03-31": {
        "Diluted EPS": 0.24,
        "Total Revenue": 69,
        "Gross Profit": 69,
        "Operating Income": 19,
        "EBIT": 28,
        "Net Income": 11
    },
    "2011-12-31": {
        "Diluted EPS": 0.49,
        "Total Revenue": 77,
        "Gross Profit": 77,
        "Operating Income": 35,
        "EBIT": 44,
        "Net Income": 23
    },
    "2011-09-30": {
        "Diluted EPS": 0.57,
        "Total Revenue": 76,
        "Gross Profit": 76,
        "Operating Income": 32,
        "EBIT": 40,
        "Net Income": 26
    },
    "2011-06-30": {
        "Diluted EPS": 0.37,
        "Total Revenue": 70,
        "Gross Profit": 70,
        "Operating Income": 30,
        "EBIT": 38,
        "Net Income": 17
    },
    "2011-03-31": {
        "Diluted EPS": 0.51,
        "Total Revenue": 78,
        "Gross Profit": 78,
        "Operating Income": 37,
        "EBIT": 43,
        "Net Income": 23
    },
    "2010-12-31": {
        "Diluted EPS": 0.76,
        "Total Revenue": 95,
        "Gross Profit": 95,
        "Operating Income": 54,
        "EBIT": 59,
        "Net Income": 34
    },
    "2010-09-30": {
        "Diluted EPS": 0.79,
        "Total Revenue": 92,
        "Gross Profit": 92,
        "Operating Income": 54,
        "EBIT": 60,
        "Net Income": 36
    },
    "2010-06-30": {
        "Diluted EPS": 0.78,
        "Total Revenue": 91,
        "Gross Profit": 91,
        "Operating Income": 53,
        "EBIT": 58,
        "Net Income": 35
    },
    "2010-03-31": {
        "Diluted EPS": 1.1,
        "Total Revenue": 116,
        "Gross Profit": 116,
        "Operating Income": 75,
        "EBIT": 80,
        "Net Income": 49
    },
    "2009-12-31": {
        "Diluted EPS": 0.89,
        "Total Revenue": 76,
        "Gross Profit": 76,
        "Operating Income": 41,
        "EBIT": 46,
        "Net Income": 39
    },
    "2009-09-30": {
        "Diluted EPS": 0.69,
        "Total Revenue": 75,
        "Gross Profit": 75,
        "Operating Income": 47,
        "EBIT": 51,
        "Net Income": 31
    },
    "2009-06-30": {
        "Diluted EPS": 0.59,
        "Total Revenue": 75,
        "Gross Profit": 75,
        "Operating Income": 40,
        "EBIT": 45,
        "Net Income": 26
    },
    "2009-03-31": {
        "Diluted EPS": -0.2,
        "Total Revenue": 71,
        "Gross Profit": 71,
        "Operating Income": -14,
        "EBIT": -6,
        "Net Income": -9
    },
    "2023-09-30": {
        "Tax Effect Of Unusual Items": 0.0,
        "Tax Rate For Calcs": 0.153,
        "Normalized EBITDA": 87905000.0,
        "Total Unusual Items": 0.0,
        "Total Unusual Items Excluding Goodwill": 0.0,
        "Net Income From Continuing Operation Net Minority Interest": 47941000.0,
        "Reconciled Depreciation": 19527000.0,
        "Reconciled Cost Of Revenue": 21522000.0,
        "EBITDA": 87905000.0,
        "EBIT": 68378000.0,
        "Net Interest Income": -920000.0,
        "Interest Expense": 12683000.0,
        "Interest Income": 11763000.0,
        "Normalized Income": 47941000.0,
        "Net Income From Continuing And Discontinued Operation": 47941000.0,
        "Total Expenses": 86453000.0,
        "Total Operating Income As Reported": 53653000.0,
        "Diluted Average Shares": 27812000.0,
        "Basic Average Shares": 26285000.0,
        "Diluted EPS": 1.72,
        "Basic EPS": 1.82,
        "Diluted NI Availto Com Stockholders": 47941000.0,
        "Net Income Common Stockholders": 47941000.0,
        "Net Income": 47941000.0,
        "Minority Interests": 787000.0,
        "Net Income Including Noncontrolling Interests": 47154000.0,
        "Net Income Continuous Operations": 47154000.0,
        "Tax Provision": 8541000.0,
        "Pretax Income": 55695000.0,
        "Other Income Expense": 2962000.0,
        "Other Non Operating Income Expenses": 2962000.0,
        "Special Income Charges": 0.0,
        "Impairment Of Capital Assets": 0.0,
        "Restructuring And Mergern Acquisition": 0.0,
        "Net Non Operating Interest Income Expense": -920000.0,
        "Interest Expense Non Operating": 12683000.0,
        "Interest Income Non Operating": 11763000.0,
        "Operating Income": 53653000.0,
        "Operating Expense": 64931000.0,
        "Research And Development": 50253000.0,
        "Selling General And Administration": 14678000.0,
        "General And Administrative Expense": 14678000.0,
        "Other Gand A": 14678000.0,
        "Gross Profit": 118584000.0,
        "Cost Of Revenue": 21522000.0,
        "Total Revenue": 140106000.0,
        "Operating Revenue": 140106000.0
    },
    "2023-12-31": {
        "Tax Effect Of Unusual Items": 0.0,
        "Tax Rate For Calcs": 0.21,
        "Normalized EBITDA": 59928000.0,
        "Total Unusual Items": 0.0,
        "Total Unusual Items Excluding Goodwill": 0.0,
        "Net Income From Continuing Operation Net Minority Interest": 39086000.0,
        "Reconciled Depreciation": 19094000.0,
        "Reconciled Cost Of Revenue": 19863000.0,
        "EBITDA": 59928000.0,
        "EBIT": 40834000.0,
        "Net Interest Income": 5025000.0,
        "Interest Expense": 7906000.0,
        "Interest Income": 12931000.0,
        "Normalized Income": 39086000.0,
        "Net Income From Continuing And Discontinued Operation": 39086000.0,
        "Total Expenses": 80193000.0,
        "Total Operating Income As Reported": 25325000.0,
        "Diluted Average Shares": 27640000.0,
        "Basic Average Shares": 25676000.0,
        "Diluted EPS": 1.41,
        "Basic EPS": 1.52,
        "Diluted NI Availto Com Stockholders": 39086000.0,
        "Net Income Common Stockholders": 39086000.0,
        "Net Income": 39086000.0,
        "Minority Interests": 0.0,
        "Net Income Including Noncontrolling Interests": 39086000.0,
        "Net Income Continuous Operations": 39086000.0,
        "Tax Provision": -6158000.0,
        "Pretax Income": 32928000.0,
        "Other Income Expense": 2578000.0,
        "Other Non Operating Income Expenses": 2578000.0,
        "Special Income Charges": 0.0,
        "Impairment Of Capital Assets": 0.0,
        "Restructuring And Mergern Acquisition": 0.0,
        "Net Non Operating Interest Income Expense": 5025000.0,
        "Interest Expense Non Operating": 7906000.0,
        "Interest Income Non Operating": 12931000.0,
        "Operating Income": 25325000.0,
        "Operating Expense": 60330000.0,
        "Research And Development": 45725000.0,
        "Selling General And Administration": 14605000.0,
        "General And Administrative Expense": 14605000.0,
        "Other Gand A": 14605000.0,
        "Gross Profit": 85655000.0,
        "Cost Of Revenue": 19863000.0,
        "Total Revenue": 105518000.0,
        "Operating Revenue": 104108000.0
    },
    "2024-03-31": {
        "Tax Effect Of Unusual Items": 0.0,
        "Tax Rate For Calcs": 0.192,
        "Normalized EBITDA": 130225000.0,
        "Total Unusual Items": NaN,
        "Total Unusual Items Excluding Goodwill": NaN,
        "Net Income From Continuing Operation Net Minority Interest": 81652000.0,
        "Reconciled Depreciation": 17240000.0,
        "Reconciled Cost Of Revenue": 96589000.0,
        "EBITDA": 130225000.0,
        "EBIT": 112985000.0,
        "Net Interest Income": -144000.0,
        "Interest Expense": 11922000.0,
        "Interest Income": 11778000.0,
        "Normalized Income": 81652000.0,
        "Net Income From Continuing And Discontinued Operation": 81652000.0,
        "Total Expenses": 159804000.0,
        "Total Operating Income As Reported": 103738000.0,
        "Diluted Average Shares": 28341000.0,
        "Basic Average Shares": 25510000.0,
        "Diluted EPS": 2.88,
        "Basic EPS": 3.2,
        "Diluted NI Availto Com Stockholders": 81652000.0,
        "Net Income Common Stockholders": 81652000.0,
        "Net Income": 81652000.0,
        "Minority Interests": 0.0,
        "Net Income Including Noncontrolling Interests": 81652000.0,
        "Net Income Continuous Operations": 81652000.0,
        "Tax Provision": 19411000.0,
        "Pretax Income": 101063000.0,
        "Other Income Expense": -2531000.0,
        "Other Non Operating Income Expenses": -2531000.0,
        "Special Income Charges": NaN,
        "Impairment Of Capital Assets": NaN,
        "Restructuring And Mergern Acquisition": NaN,
        "Net Non Operating Interest Income Expense": -144000.0,
        "Interest Expense Non Operating": 11922000.0,
        "Interest Income Non Operating": 11778000.0,
        "Operating Income": 103738000.0,
        "Operating Expense": 63215000.0,
        "Research And Development": 49375000.0,
        "Selling General And Administration": 13840000.0,
        "General And Administrative Expense": 13840000.0,
        "Other Gand A": 13840000.0,
        "Gross Profit": 166953000.0,
        "Cost Of Revenue": 96589000.0,
        "Total Revenue": 263542000.0,
        "Operating Revenue": 263542000.0
    },
    "2024-06-30": {
        "Tax Effect Of Unusual Items": 0.0,
        "Tax Rate For Calcs": 0.182,
        "Normalized EBITDA": 162964000.0,
        "Total Unusual Items": NaN,
        "Total Unusual Items Excluding Goodwill": NaN,
        "Net Income From Continuing Operation Net Minority Interest": 109664000.0,
        "Reconciled Depreciation": 17376000.0,
        "Reconciled Cost Of Revenue": 25156000.0,
        "EBITDA": 162964000.0,
        "EBIT": 145588000.0,
        "Net Interest Income": -1358000.0,
        "Interest Expense": 11483000.0,
        "Interest Income": 10125000.0,
        "Normalized Income": 109664000.0,
        "Net Income From Continuing And Discontinued Operation": 109664000.0,
        "Total Expenses": 89587000.0,
        "Total Operating Income As Reported": 133906000.0,
        "Diluted Average Shares": NaN,
        "Basic Average Shares": NaN,
        "Diluted EPS": NaN,
        "Basic EPS": NaN,
        "Diluted NI Availto Com Stockholders": 109664000.0,
        "Net Income Common Stockholders": 109664000.0,
        "Net Income": 109664000.0,
        "Minority Interests": 0.0,
        "Net Income Including Noncontrolling Interests": 109664000.0,
        "Net Income Continuous Operations": 109664000.0,
        "Tax Provision": 24441000.0,
        "Pretax Income": 134105000.0,
        "Other Income Expense": 1557000.0,
        "Other Non Operating Income Expenses": 1557000.0,
        "Special Income Charges": NaN,
        "Impairment Of Capital Assets": NaN,
        "Restructuring And Mergern Acquisition": NaN,
        "Net Non Operating Interest Income Expense": -1358000.0,
        "Interest Expense Non Operating": 11483000.0,
        "Interest Income Non Operating": 10125000.0,
        "Operating Income": 133906000.0,
        "Operating Expense": 64431000.0,
        "Research And Development": 50145000.0,
        "Selling General And Administration": 14286000.0,
        "General And Administrative Expense": 14286000.0,
        "Other Gand A": 14286000.0,
        "Gross Profit": 198337000.0,
        "Cost Of Revenue": 25156000.0,
        "Total Revenue": 223493000.0,
        "Operating Revenue": 223493000.0
    }
}