{
    "2022-12-31": {
        "Tax Effect Of Unusual Items": -5241219.838603,
        "Tax Rate For Calcs": 0.040148,
        "Normalized EBITDA": -34699000.0,
        "Total Unusual Items": -130547000.0,
        "Total Unusual Items Excluding Goodwill": -130547000.0,
        "Net Income From Continuing Operation Net Minority Interest": -141982000.0,
        "Reconciled Depreciation": 2351000.0,
        "Reconciled Cost Of Revenue": 18258000.0,
        "EBITDA": -165246000.0,
        "EBIT": -167597000.0,
        "Net Interest Income": -483000.0,
        "Interest Expense": 1427000.0,
        "Interest Income": 944000.0,
        "Normalized Income": -16676219.838603,
        "Net Income From Continuing And Discontinued Operation": -141982000.0,
        "Total Expenses": 57077000.0,
        "Total Operating Income As Reported": -170501000.0,
        "Diluted Average Shares": 561634714.0,
        "Basic Average Shares": 561634714.0,
        "Diluted EPS": -0.3,
        "Basic EPS": -0.3,
        "Diluted NI Availto Com Stockholders": -157000000.0,
        "Net Income Common Stockholders": -157000000.0,
        "Net Income": -157000000.0,
        "Minority Interests": 17899000.0,
        "Net Income Including Noncontrolling Interests": -174899000.0,
        "Net Income Extraordinary": NaN,
        "Net Income Discontinuous Operations": NaN,
        "Net Income Continuous Operations": -159881000.0,
        "Earnings From Equity Interest Net Of Tax": NaN,
        "Tax Provision": -6786000.0,
        "Pretax Income": -169024000.0,
        "Other Income Expense": -128529000.0,
        "Other Non Operating Income Expenses": 2018000.0,
        "Special Income Charges": -130547000.0,
        "Gain On Sale Of Business": -58000.0,
        "Other Special Charges": 1318000.0,
        "Write Off": NaN,
        "Impairment Of Capital Assets": 130201000.0,
        "Restructuring And Mergern Acquisition": 0.0,
        "Gain On Sale Of Security": 0.0,
        "Net Non Operating Interest Income Expense": -483000.0,
        "Interest Expense Non Operating": 1427000.0,
        "Interest Income Non Operating": 944000.0,
        "Operating Income": -40012000.0,
        "Operating Expense": 38347000.0,
        "Other Operating Expenses": NaN,
        "Depreciation Amortization Depletion Income Statement": 1879000.0,
        "Depreciation And Amortization In Income Statement": 1879000.0,
        "Research And Development": 1345000.0,
        "Selling General And Administration": 35123000.0,
        "General And Administrative Expense": NaN,
        "Other Gand A": NaN,
        "Gross Profit": -1665000.0,
        "Cost Of Revenue": 18730000.0,
        "Total Revenue": 17065000.0,
        "Operating Revenue": 16904000.0
    },
    "2022-09-30": {
        "Tax Effect Of Unusual Items": -4224.191222,
        "Tax Rate For Calcs": 0.010303,
        "Normalized EBITDA": -35687000.0,
        "Total Unusual Items": -410000.0,
        "Total Unusual Items Excluding Goodwill": -410000.0,
        "Net Income From Continuing Operation Net Minority Interest": -37414000.0,
        "Reconciled Depreciation": 2271000.0,
        "Reconciled Cost Of Revenue": 24937000.0,
        "EBITDA": -36097000.0,
        "EBIT": -38368000.0,
        "Net Interest Income": 501000.0,
        "Interest Expense": 456000.0,
        "Interest Income": 957000.0,
        "Normalized Income": -37008224.191222,
        "Net Income From Continuing And Discontinued Operation": -37414000.0,
        "Total Expenses": 65767000.0,
        "Total Operating Income As Reported": -41869000.0,
        "Diluted Average Shares": 3952489.0,
        "Basic Average Shares": 3952489.0,
        "Diluted EPS": -10.0,
        "Basic EPS": -10.0,
        "Diluted NI Availto Com Stockholders": -37414000.0,
        "Net Income Common Stockholders": -37414000.0,
        "Net Income": -37414000.0,
        "Minority Interests": 1439000.0,
        "Net Income Including Noncontrolling Interests": -38853000.0,
        "Net Income Extraordinary": NaN,
        "Net Income Discontinuous Operations": NaN,
        "Net Income Continuous Operations": -38853000.0,
        "Earnings From Equity Interest Net Of Tax": -429000.0,
        "Tax Provision": -400000.0,
        "Pretax Income": -38824000.0,
        "Other Income Expense": 2164000.0,
        "Other Non Operating Income Expenses": 2574000.0,
        "Special Income Charges": -410000.0,
        "Gain On Sale Of Business": -30000.0,
        "Other Special Charges": 2000.0,
        "Write Off": 378000.0,
        "Impairment Of Capital Assets": 0.0,
        "Restructuring And Mergern Acquisition": 0.0,
        "Gain On Sale Of Security": NaN,
        "Net Non Operating Interest Income Expense": 501000.0,
        "Interest Expense Non Operating": 456000.0,
        "Interest Income Non Operating": 957000.0,
        "Operating Income": -41489000.0,
        "Operating Expense": 40830000.0,
        "Other Operating Expenses": NaN,
        "Depreciation Amortization Depletion Income Statement": 2271000.0,
        "Depreciation And Amortization In Income Statement": 2271000.0,
        "Research And Development": 849000.0,
        "Selling General And Administration": 37710000.0,
        "General And Administrative Expense": 37710000.0,
        "Other Gand A": 37710000.0,
        "Gross Profit": -659000.0,
        "Cost Of Revenue": 24937000.0,
        "Total Revenue": 24278000.0,
        "Operating Revenue": 24158000.0
    },
    "2022-06-30": {
        "Tax Effect Of Unusual Items": -2483.376684,
        "Tax Rate For Calcs": 0.003786,
        "Normalized EBITDA": -35405000.0,
        "Total Unusual Items": -656000.0,
        "Total Unusual Items Excluding Goodwill": -656000.0,
        "Net Income From Continuing Operation Net Minority Interest": -37767000.0,
        "Reconciled Depreciation": 2282000.0,
        "Reconciled Cost Of Revenue": 32713000.0,
        "EBITDA": -36061000.0,
        "EBIT": -38343000.0,
        "Net Interest Income": 352000.0,
        "Interest Expense": 488000.0,
        "Interest Income": 840000.0,
        "Normalized Income": -37113483.376684,
        "Net Income From Continuing And Discontinued Operation": -37767000.0,
        "Total Expenses": 74425000.0,
        "Total Operating Income As Reported": -40837000.0,
        "Diluted Average Shares": 3982340.0,
        "Basic Average Shares": 3982340.0,
        "Diluted EPS": -9.49,
        "Basic EPS": -9.49,
        "Diluted NI Availto Com Stockholders": -37767000.0,
        "Net Income Common Stockholders": -37767000.0,
        "Net Income": -37767000.0,
        "Minority Interests": 1506000.0,
        "Net Income Including Noncontrolling Interests": -39273000.0,
        "Net Income Extraordinary": NaN,
        "Net Income Discontinuous Operations": NaN,
        "Net Income Continuous Operations": -39273000.0,
        "Earnings From Equity Interest Net Of Tax": -589000.0,
        "Tax Provision": -147000.0,
        "Pretax Income": -38831000.0,
        "Other Income Expense": 1040000.0,
        "Other Non Operating Income Expenses": 1696000.0,
        "Special Income Charges": -656000.0,
        "Gain On Sale Of Business": -42000.0,
        "Other Special Charges": 42000.0,
        "Write Off": 572000.0,
        "Impairment Of Capital Assets": NaN,
        "Restructuring And Mergern Acquisition": 0.0,
        "Gain On Sale Of Security": NaN,
        "Net Non Operating Interest Income Expense": 352000.0,
        "Interest Expense Non Operating": 488000.0,
        "Interest Income Non Operating": 840000.0,
        "Operating Income": -40223000.0,
        "Operating Expense": 41712000.0,
        "Other Operating Expenses": NaN,
        "Depreciation Amortization Depletion Income Statement": 2282000.0,
        "Depreciation And Amortization In Income Statement": 2282000.0,
        "Research And Development": 680000.0,
        "Selling General And Administration": 38750000.0,
        "General And Administrative Expense": NaN,
        "Other Gand A": NaN,
        "Gross Profit": 1489000.0,
        "Cost Of Revenue": 32713000.0,
        "Total Revenue": 34202000.0,
        "Operating Revenue": 34123000.0
    },
    "2023-06-30": {
        "Tax Effect Of Unusual Items": -42902.270115,
        "Tax Rate For Calcs": 0.01342,
        "Normalized EBITDA": -25010000.0,
        "Total Unusual Items": -3197000.0,
        "Total Unusual Items Excluding Goodwill": -3197000.0,
        "Net Income From Continuing Operation Net Minority Interest": -32741000.0,
        "Reconciled Depreciation": 5649000.0,
        "Reconciled Cost Of Revenue": 7496000.0,
        "EBITDA": -28207000.0,
        "EBIT": -33858000.0,
        "Net Interest Income": -791000.0,
        "Interest Expense": 942000.0,
        "Interest Income": 151000.0,
        "Normalized Income": -29586902.270115,
        "Net Income From Continuing And Discontinued Operation": -35497000.0,
        "Total Expenses": 40179000.0,
        "Total Operating Income As Reported": -35193000.0,
        "Diluted Average Shares": 10271290.0,
        "Basic Average Shares": 10271290.0,
        "Diluted EPS": -3.46,
        "Basic EPS": -3.46,
        "Diluted NI Availto Com Stockholders": -35497000.0,
        "Net Income Common Stockholders": -35497000.0,
        "Net Income": -35497000.0,
        "Minority Interests": 1592000.0,
        "Net Income Including Noncontrolling Interests": -37089000.0,
        "Net Income Extraordinary": 0.0,
        "Net Income Discontinuous Operations": -2756000.0,
        "Net Income Continuous Operations": -34333000.0,
        "Earnings From Equity Interest Net Of Tax": NaN,
        "Tax Provision": -467000.0,
        "Pretax Income": -34800000.0,
        "Other Income Expense": -2013000.0,
        "Other Non Operating Income Expenses": 1184000.0,
        "Special Income Charges": -3197000.0,
        "Gain On Sale Of Business": NaN,
        "Other Special Charges": NaN,
        "Write Off": NaN,
        "Impairment Of Capital Assets": 3197000.0,
        "Restructuring And Mergern Acquisition": NaN,
        "Gain On Sale Of Security": NaN,
        "Net Non Operating Interest Income Expense": -791000.0,
        "Interest Expense Non Operating": 942000.0,
        "Interest Income Non Operating": 151000.0,
        "Operating Income": -31996000.0,
        "Operating Expense": 32685000.0,
        "Other Operating Expenses": NaN,
        "Depreciation Amortization Depletion Income Statement": 5651000.0,
        "Depreciation And Amortization In Income Statement": 5651000.0,
        "Research And Development": 3408000.0,
        "Selling General And Administration": 23626000.0,
        "General And Administrative Expense": NaN,
        "Other Gand A": NaN,
        "Gross Profit": 689000.0,
        "Cost Of Revenue": 7494000.0,
        "Total Revenue": 8183000.0,
        "Operating Revenue": 8177000.0
    },
    "2023-03-31": {
        "Tax Effect Of Unusual Items": -1529477.483651,
        "Tax Rate For Calcs": 0.034672,
        "Normalized EBITDA": -35800000.0,
        "Total Unusual Items": -44113000.0,
        "Total Unusual Items Excluding Goodwill": -44113000.0,
        "Net Income From Continuing Operation Net Minority Interest": -84317000.0,
        "Reconciled Depreciation": 4831000.0,
        "Reconciled Cost Of Revenue": 10810000.0,
        "EBITDA": -79913000.0,
        "EBIT": -84744000.0,
        "Net Interest Income": -1009000.0,
        "Interest Expense": 1349000.0,
        "Interest Income": 340000.0,
        "Normalized Income": -41733477.483651,
        "Net Income From Continuing And Discontinued Operation": -84317000.0,
        "Total Expenses": 53915000.0,
        "Total Operating Income As Reported": -87466000.0,
        "Diluted Average Shares": 5848011.0,
        "Basic Average Shares": 5848011.0,
        "Diluted EPS": -15.0,
        "Basic EPS": -15.0,
        "Diluted NI Availto Com Stockholders": -84317000.0,
        "Net Income Common Stockholders": -84317000.0,
        "Net Income": -84317000.0,
        "Minority Interests": 1575000.0,
        "Net Income Including Noncontrolling Interests": -85892000.0,
        "Net Income Extraordinary": NaN,
        "Net Income Discontinuous Operations": NaN,
        "Net Income Continuous Operations": -85892000.0,
        "Earnings From Equity Interest Net Of Tax": -2784000.0,
        "Tax Provision": -2985000.0,
        "Pretax Income": -86093000.0,
        "Other Income Expense": -41731000.0,
        "Other Non Operating Income Expenses": 2382000.0,
        "Special Income Charges": -44113000.0,
        "Gain On Sale Of Business": NaN,
        "Other Special Charges": NaN,
        "Write Off": 44113000.0,
        "Impairment Of Capital Assets": NaN,
        "Restructuring And Mergern Acquisition": NaN,
        "Gain On Sale Of Security": NaN,
        "Net Non Operating Interest Income Expense": -1009000.0,
        "Interest Expense Non Operating": 1349000.0,
        "Interest Income Non Operating": 340000.0,
        "Operating Income": -43353000.0,
        "Operating Expense": 42784000.0,
        "Other Operating Expenses": -12596000.0,
        "Depreciation Amortization Depletion Income Statement": 4510000.0,
        "Depreciation And Amortization In Income Statement": 4510000.0,
        "Research And Development": 4625000.0,
        "Selling General And Administration": 46245000.0,
        "General And Administrative Expense": NaN,
        "Other Gand A": NaN,
        "Gross Profit": -569000.0,
        "Cost Of Revenue": 11131000.0,
        "Total Revenue": 10562000.0,
        "Operating Revenue": 10125000.0
    },
    "2022-03-31": {
        "Diluted EPS": 1.83,
        "Total Revenue": 751,
        "Gross Profit": 343,
        "Operating Income": 188,
        "EBIT": 216,
        "Net Income": 140
    },
    "2021-12-31": {
        "Diluted EPS": 1.55,
        "Total Revenue": 715,
        "Gross Profit": 314,
        "Operating Income": 162,
        "EBIT": 192,
        "Net Income": 119
    },
    "2021-09-30": {
        "Diluted EPS": 1.51,
        "Total Revenue": 712,
        "Gross Profit": 312,
        "Operating Income": 161,
        "EBIT": 189,
        "Net Income": 116
    },
    "2021-06-30": {
        "Diluted EPS": 1.34,
        "Total Revenue": 686,
        "Gross Profit": 306,
        "Operating Income": 158,
        "EBIT": 183,
        "Net Income": 102
    },
    "2021-03-31": {
        "Diluted EPS": 1.48,
        "Total Revenue": 652,
        "Gross Profit": 293,
        "Operating Income": 156,
        "EBIT": 178,
        "Net Income": 113
    },
    "2020-12-31": {
        "Diluted EPS": 1.31,
        "Total Revenue": 615,
        "Gross Profit": 269,
        "Operating Income": 139,
        "EBIT": 161,
        "Net Income": 101
    },
    "2020-09-30": {
        "Diluted EPS": 1.37,
        "Total Revenue": 581,
        "Gross Profit": 252,
        "Operating Income": 131,
        "EBIT": 153,
        "Net Income": 104
    },
    "2020-06-30": {
        "Diluted EPS": 0.93,
        "Total Revenue": 561,
        "Gross Profit": 235,
        "Operating Income": 111,
        "EBIT": 132,
        "Net Income": 71
    },
    "2020-03-31": {
        "Diluted EPS": 1.33,
        "Total Revenue": 594,
        "Gross Profit": 272,
        "Operating Income": 140,
        "EBIT": 160,
        "Net Income": 102
    },
    "2019-12-31": {
        "Diluted EPS": 1.27,
        "Total Revenue": 606,
        "Gross Profit": 267,
        "Operating Income": 134,
        "EBIT": 154,
        "Net Income": 97
    },
    "2019-09-30": {
        "Diluted EPS": 1.37,
        "Total Revenue": 624,
        "Gross Profit": 282,
        "Operating Income": 142,
        "EBIT": 162,
        "Net Income": 105
    },
    "2019-06-30": {
        "Diluted EPS": 1.48,
        "Total Revenue": 642,
        "Gross Profit": 292,
        "Operating Income": 155,
        "EBIT": 175,
        "Net Income": 113
    },
    "2019-03-31": {
        "Diluted EPS": 1.44,
        "Total Revenue": 622,
        "Gross Profit": 284,
        "Operating Income": 148,
        "EBIT": 167,
        "Net Income": 110
    },
    "2018-12-31": {
        "Diluted EPS": 1.27,
        "Total Revenue": 614,
        "Gross Profit": 274,
        "Operating Income": 139,
        "EBIT": 158,
        "Net Income": 98
    },
    "2018-09-30": {
        "Diluted EPS": 1.37,
        "Total Revenue": 623,
        "Gross Profit": 280,
        "Operating Income": 145,
        "EBIT": 164,
        "Net Income": 106
    },
    "2018-06-30": {
        "Diluted EPS": 1.38,
        "Total Revenue": 634,
        "Gross Profit": 287,
        "Operating Income": 148,
        "EBIT": 168,
        "Net Income": 107
    },
    "2018-03-31": {
        "Diluted EPS": 1.27,
        "Total Revenue": 612,
        "Gross Profit": 277,
        "Operating Income": 137,
        "EBIT": 158,
        "Net Income": 99
    },
    "2017-12-31": {
        "Diluted EPS": 1.21,
        "Total Revenue": 586,
        "Gross Profit": 261,
        "Operating Income": 135,
        "EBIT": 156,
        "Net Income": 94
    },
    "2017-09-30": {
        "Diluted EPS": 1.08,
        "Total Revenue": 574,
        "Gross Profit": 258,
        "Operating Income": 127,
        "EBIT": 148,
        "Net Income": 84
    },
    "2017-06-30": {
        "Diluted EPS": 1.08,
        "Total Revenue": 573,
        "Gross Profit": 257,
        "Operating Income": 125,
        "EBIT": 147,
        "Net Income": 84
    },
    "2017-03-31": {
        "Diluted EPS": 0.99,
        "Total Revenue": 554,
        "Gross Profit": 251,
        "Operating Income": 116,
        "EBIT": 137,
        "Net Income": 76
    },
    "2016-12-31": {
        "Diluted EPS": 0.74,
        "Total Revenue": 530,
        "Gross Profit": 232,
        "Operating Income": 86,
        "EBIT": 108,
        "Net Income": 57
    },
    "2016-09-30": {
        "Diluted EPS": 0.91,
        "Total Revenue": 530,
        "Gross Profit": 231,
        "Operating Income": 110,
        "EBIT": 132,
        "Net Income": 70
    },
    "2016-06-30": {
        "Diluted EPS": 0.99,
        "Total Revenue": 550,
        "Gross Profit": 244,
        "Operating Income": 114,
        "EBIT": 136,
        "Net Income": 76
    },
    "2016-03-31": {
        "Diluted EPS": 0.89,
        "Total Revenue": 503,
        "Gross Profit": 223,
        "Operating Income": 103,
        "EBIT": 124,
        "Net Income": 68
    },
    "2015-12-31": {
        "Diluted EPS": 0.87,
        "Total Revenue": 500,
        "Gross Profit": 223,
        "Operating Income": 104,
        "EBIT": 124,
        "Net Income": 68
    },
    "2015-09-30": {
        "Diluted EPS": 1.02,
        "Total Revenue": 504,
        "Gross Profit": 223,
        "Operating Income": 122,
        "EBIT": 143,
        "Net Income": 80
    },
    "2015-06-30": {
        "Diluted EPS": 0.89,
        "Total Revenue": 515,
        "Gross Profit": 232,
        "Operating Income": 110,
        "EBIT": 129,
        "Net Income": 70
    },
    "2015-03-31": {
        "Diluted EPS": 0.84,
        "Total Revenue": 502,
        "Gross Profit": 226,
        "Operating Income": 102,
        "EBIT": 121,
        "Net Income": 66
    },
    "2014-12-31": {
        "Diluted EPS": 0.78,
        "Total Revenue": 524,
        "Gross Profit": 229,
        "Operating Income": 94,
        "EBIT": 114,
        "Net Income": 62
    },
    "2014-09-30": {
        "Diluted EPS": 0.88,
        "Total Revenue": 533,
        "Gross Profit": 235,
        "Operating Income": 111,
        "EBIT": 131,
        "Net Income": 71
    },
    "2014-06-30": {
        "Diluted EPS": 0.88,
        "Total Revenue": 547,
        "Gross Profit": 241,
        "Operating Income": 112,
        "EBIT": 132,
        "Net Income": 72
    },
    "2014-03-31": {
        "Diluted EPS": 0.91,
        "Total Revenue": 544,
        "Gross Profit": 244,
        "Operating Income": 114,
        "EBIT": 134,
        "Net Income": 75
    },
    "2013-12-31": {
        "Diluted EPS": 0.81,
        "Total Revenue": 521,
        "Gross Profit": 227,
        "Operating Income": 104,
        "EBIT": 124,
        "Net Income": 68
    },
    "2013-09-30": {
        "Diluted EPS": 0.78,
        "Total Revenue": 491,
        "Gross Profit": 212,
        "Operating Income": 97,
        "EBIT": 118,
        "Net Income": 64
    },
    "2013-06-30": {
        "Diluted EPS": 0.76,
        "Total Revenue": 518,
        "Gross Profit": 223,
        "Operating Income": 100,
        "EBIT": 120,
        "Net Income": 63
    },
    "2013-03-31": {
        "Diluted EPS": 0.74,
        "Total Revenue": 494,
        "Gross Profit": 212,
        "Operating Income": 95,
        "EBIT": 115,
        "Net Income": 61
    },
    "2012-12-31": {
        "Diluted EPS": -1.42,
        "Total Revenue": 491,
        "Gross Profit": 203,
        "Operating Income": -126,
        "EBIT": -105,
        "Net Income": -119
    },
    "2012-09-30": {
        "Diluted EPS": 0.6,
        "Total Revenue": 480,
        "Gross Profit": 195,
        "Operating Income": 81,
        "EBIT": 101,
        "Net Income": 50
    },
    "2012-06-30": {
        "Diluted EPS": 0.65,
        "Total Revenue": 494,
        "Gross Profit": 203,
        "Operating Income": 89,
        "EBIT": 108,
        "Net Income": 54
    },
    "2012-03-31": {
        "Diluted EPS": 0.62,
        "Total Revenue": 489,
        "Gross Profit": 203,
        "Operating Income": 85,
        "EBIT": 104,
        "Net Income": 52
    },
    "2011-12-31": {
        "Diluted EPS": 0.57,
        "Total Revenue": 481,
        "Gross Profit": 194,
        "Operating Income": 76,
        "EBIT": 96,
        "Net Income": 47
    },
    "2011-09-30": {
        "Diluted EPS": 0.58,
        "Total Revenue": 477,
        "Gross Profit": 182,
        "Operating Income": 71,
        "EBIT": 92,
        "Net Income": 48
    },
    "2011-06-30": {
        "Diluted EPS": 0.6,
        "Total Revenue": 454,
        "Gross Profit": 185,
        "Operating Income": 80,
        "EBIT": 97,
        "Net Income": 50
    },
    "2011-03-31": {
        "Diluted EPS": 0.57,
        "Total Revenue": 427,
        "Gross Profit": 179,
        "Operating Income": 78,
        "EBIT": 94,
        "Net Income": 48
    },
    "2010-12-31": {
        "Diluted EPS": 0.49,
        "Total Revenue": 405,
        "Gross Profit": 162,
        "Operating Income": 66,
        "EBIT": 79,
        "Net Income": 42
    },
    "2010-09-30": {
        "Diluted EPS": 0.47,
        "Total Revenue": 374,
        "Gross Profit": 154,
        "Operating Income": 62,
        "EBIT": 78,
        "Net Income": 39
    },
    "2010-06-30": {
        "Diluted EPS": 0.49,
        "Total Revenue": 379,
        "Gross Profit": 155,
        "Operating Income": 63,
        "EBIT": 78,
        "Net Income": 40
    },
    "2010-03-31": {
        "Diluted EPS": 0.45,
        "Total Revenue": 356,
        "Gross Profit": 148,
        "Operating Income": 58,
        "EBIT": 72,
        "Net Income": 37
    },
    "2009-12-31": {
        "Diluted EPS": 0.41,
        "Total Revenue": 343,
        "Gross Profit": 139,
        "Operating Income": 52,
        "EBIT": 67,
        "Net Income": 33
    },
    "2009-09-30": {
        "Diluted EPS": 0.37,
        "Total Revenue": 323,
        "Gross Profit": 129,
        "Operating Income": 47,
        "EBIT": 61,
        "Net Income": 30
    },
    "2009-06-30": {
        "Diluted EPS": 0.34,
        "Total Revenue": 336,
        "Gross Profit": 131,
        "Operating Income": 47,
        "EBIT": 61,
        "Net Income": 28
    },
    "2009-03-31": {
        "Diluted EPS": 0.28,
        "Total Revenue": 327,
        "Gross Profit": 123,
        "Operating Income": 39,
        "EBIT": 53,
        "Net Income": 23
    }
}