{
    "2023-03-31": {
        "Tax Effect Of Unusual Items": 0.0,
        "Tax Rate For Calcs": 0.0,
        "Normalized EBITDA": -26785000.0,
        "Total Unusual Items": 1466000.0,
        "Total Unusual Items Excluding Goodwill": 1466000.0,
        "Net Income From Continuing Operation Net Minority Interest": -22174000.0,
        "Reconciled Depreciation": 960000.0,
        "EBITDA": -25319000.0,
        "EBIT": -26279000.0,
        "Net Interest Income": 2639000.0,
        "Interest Income": 2639000.0,
        "Normalized Income": -23640000.0,
        "Net Income From Continuing And Discontinued Operation": -22174000.0,
        "Total Expenses": 34159000.0,
        "Total Operating Income As Reported": -26279000.0,
        "Diluted Average Shares": 48370074.0,
        "Basic Average Shares": 48370074.0,
        "Diluted EPS": -0.49,
        "Basic EPS": -0.49,
        "Diluted NI Availto Com Stockholders": -22174000.0,
        "Net Income Common Stockholders": -22174000.0,
        "Net Income": -22174000.0,
        "Net Income Including Noncontrolling Interests": -22174000.0,
        "Net Income Continuous Operations": -22174000.0,
        "Pretax Income": -22174000.0,
        "Other Income Expense": 1466000.0,
        "Gain On Sale Of Security": 1466000.0,
        "Net Non Operating Interest Income Expense": 2639000.0,
        "Interest Income Non Operating": 2639000.0,
        "Operating Income": -26279000.0,
        "Operating Expense": 34159000.0,
        "Research And Development": 27859000.0,
        "Selling General And Administration": 6300000.0,
        "General And Administrative Expense": 6300000.0,
        "Other Gand A": 6300000.0,
        "Total Revenue": 7880000.0,
        "Operating Revenue": 7880000.0
    },
    "2022-12-31": {
        "Tax Effect Of Unusual Items": 0.0,
        "Tax Rate For Calcs": 0.0,
        "Normalized EBITDA": -26443000.0,
        "Net Income From Continuing Operation Net Minority Interest": -24201000.0,
        "Reconciled Depreciation": -492000.0,
        "EBITDA": -26443000.0,
        "EBIT": -26443000.0,
        "Net Interest Income": 2242000.0,
        "Interest Income": 2242000.0,
        "Normalized Income": -24201000.0,
        "Net Income From Continuing And Discontinued Operation": -24201000.0,
        "Total Expenses": 30465000.0,
        "Total Operating Income As Reported": -26443000.0,
        "Diluted Average Shares": 48132003.0,
        "Basic Average Shares": 48132003.0,
        "Diluted EPS": -0.5,
        "Basic EPS": -0.5,
        "Diluted NI Availto Com Stockholders": -24201000.0,
        "Net Income Common Stockholders": -24201000.0,
        "Net Income": -24201000.0,
        "Net Income Including Noncontrolling Interests": -24201000.0,
        "Net Income Continuous Operations": -24201000.0,
        "Pretax Income": -24201000.0,
        "Net Non Operating Interest Income Expense": 2242000.0,
        "Interest Income Non Operating": 2242000.0,
        "Operating Income": -26443000.0,
        "Operating Expense": 30465000.0,
        "Research And Development": 24713000.0,
        "Selling General And Administration": 5752000.0,
        "General And Administrative Expense": 5752000.0,
        "Other Gand A": 5752000.0,
        "Total Revenue": 4022000.0,
        "Operating Revenue": 4022000.0
    },
    "2022-09-30": {
        "Tax Effect Of Unusual Items": 0.0,
        "Tax Rate For Calcs": 0.4,
        "Normalized EBITDA": 1585000.0,
        "Net Income From Continuing Operation Net Minority Interest": 1615000.0,
        "Reconciled Depreciation": 925000.0,
        "EBITDA": 1585000.0,
        "EBIT": 660000.0,
        "Net Interest Income": 955000.0,
        "Interest Income": 955000.0,
        "Normalized Income": 1615000.0,
        "Net Income From Continuing And Discontinued Operation": 1615000.0,
        "Total Expenses": 29039000.0,
        "Total Operating Income As Reported": 660000.0,
        "Diluted Average Shares": 41109571.0,
        "Basic Average Shares": 40301568.0,
        "Diluted EPS": 0.04,
        "Basic EPS": 0.04,
        "Diluted NI Availto Com Stockholders": 1615000.0,
        "Net Income Common Stockholders": 1615000.0,
        "Otherunder Preferred Stock Dividend": NaN,
        "Net Income": 1615000.0,
        "Net Income Including Noncontrolling Interests": 1615000.0,
        "Net Income Continuous Operations": 1615000.0,
        "Pretax Income": 1615000.0,
        "Net Non Operating Interest Income Expense": 955000.0,
        "Interest Income Non Operating": 955000.0,
        "Operating Income": 660000.0,
        "Operating Expense": 29039000.0,
        "Research And Development": 22372000.0,
        "Selling General And Administration": 6667000.0,
        "General And Administrative Expense": 6667000.0,
        "Other Gand A": 6667000.0,
        "Total Revenue": 29699000.0,
        "Operating Revenue": 29699000.0
    },
    "2022-06-30": {
        "Tax Effect Of Unusual Items": 0.0,
        "Tax Rate For Calcs": 0.0,
        "Normalized EBITDA": -21295000.0,
        "Net Income From Continuing Operation Net Minority Interest": -22056000.0,
        "Reconciled Depreciation": 1204000.0,
        "EBITDA": -21295000.0,
        "EBIT": -22499000.0,
        "Net Interest Income": 443000.0,
        "Interest Income": 443000.0,
        "Normalized Income": -22056000.0,
        "Net Income From Continuing And Discontinued Operation": -22056000.0,
        "Total Expenses": 28350000.0,
        "Total Operating Income As Reported": -22499000.0,
        "Diluted Average Shares": 38660971.0,
        "Basic Average Shares": 38660971.0,
        "Diluted EPS": -0.57,
        "Basic EPS": -0.57,
        "Diluted NI Availto Com Stockholders": -22056000.0,
        "Net Income Common Stockholders": -22056000.0,
        "Otherunder Preferred Stock Dividend": NaN,
        "Net Income": -22056000.0,
        "Net Income Including Noncontrolling Interests": -22056000.0,
        "Net Income Continuous Operations": -22056000.0,
        "Pretax Income": -22056000.0,
        "Net Non Operating Interest Income Expense": 443000.0,
        "Interest Income Non Operating": 443000.0,
        "Operating Income": -22499000.0,
        "Operating Expense": 28350000.0,
        "Research And Development": 22796000.0,
        "Selling General And Administration": 5554000.0,
        "General And Administrative Expense": 5554000.0,
        "Other Gand A": 5554000.0,
        "Total Revenue": 5851000.0,
        "Operating Revenue": 5851000.0
    },
    "2022-03-31": {
        "Diluted EPS": -0.36,
        "Total Revenue": 11,
        "Gross Profit": 11,
        "Operating Income": -14,
        "EBIT": -13,
        "Net Income": -14
    },
    "2021-12-31": {
        "Diluted EPS": -0.49,
        "Total Revenue": 3,
        "Gross Profit": 3,
        "Operating Income": -18,
        "EBIT": -17,
        "Net Income": -18
    },
    "2021-09-30": {
        "Diluted EPS": -0.31,
        "Total Revenue": 9,
        "Gross Profit": 9,
        "Operating Income": -12,
        "EBIT": -11,
        "Net Income": -12
    },
    "2021-06-30": {
        "Diluted EPS": -0.33,
        "Total Revenue": 9,
        "Gross Profit": 9,
        "Operating Income": -11,
        "EBIT": -10,
        "Net Income": -11
    },
    "2021-03-31": {
        "Diluted EPS": -0.28,
        "Total Revenue": 7,
        "Gross Profit": 7,
        "Operating Income": -9,
        "EBIT": -8,
        "Net Income": -9
    },
    "2020-12-31": {
        "Diluted EPS": -0.05,
        "Total Revenue": 11,
        "Gross Profit": 11,
        "Operating Income": -5,
        "EBIT": -5,
        "Net Income": -5
    },
    "2020-09-30": {
        "Diluted EPS": -0.17,
        "Total Revenue": 9,
        "Gross Profit": 9,
        "Operating Income": -5,
        "EBIT": -5,
        "Net Income": -5
    },
    "2020-06-30": {
        "Diluted EPS": -0.59,
        "Total Revenue": NaN,
        "Gross Profit": NaN,
        "Operating Income": -13,
        "EBIT": -12,
        "Net Income": -12
    },
    "2020-03-31": {
        "Diluted EPS": -0.59,
        "Total Revenue": NaN,
        "Gross Profit": NaN,
        "Operating Income": -12,
        "EBIT": -12,
        "Net Income": -12
    },
    "2019-12-31": {
        "Diluted EPS": 7.17,
        "Total Revenue": NaN,
        "Gross Profit": NaN,
        "Operating Income": -11,
        "EBIT": -11,
        "Net Income": -11
    },
    "2019-09-30": {
        "Diluted EPS": -0.54,
        "Total Revenue": NaN,
        "Gross Profit": NaN,
        "Operating Income": -12,
        "EBIT": -11,
        "Net Income": -11
    },
    "2019-06-30": {
        "Diluted EPS": -1.3,
        "Total Revenue": NaN,
        "Gross Profit": NaN,
        "Operating Income": -11,
        "EBIT": -11,
        "Net Income": -11
    },
    "2019-03-31": {
        "Diluted EPS": -8.69,
        "Total Revenue": NaN,
        "Gross Profit": NaN,
        "Operating Income": -10,
        "EBIT": -10,
        "Net Income": -10
    },
    "2018-12-31": {
        "Diluted EPS": 0.0,
        "Total Revenue": NaN,
        "Gross Profit": NaN,
        "Operating Income": NaN,
        "EBIT": NaN,
        "Net Income": NaN
    },
    "2018-09-30": {
        "Diluted EPS": -13.06,
        "Total Revenue": NaN,
        "Gross Profit": NaN,
        "Operating Income": -14,
        "EBIT": -14,
        "Net Income": -13
    },
    "2018-06-30": {
        "Diluted EPS": -7.47,
        "Total Revenue": NaN,
        "Gross Profit": NaN,
        "Operating Income": -8,
        "EBIT": -8,
        "Net Income": -7
    },
    "2017-12-31": {
        "Diluted EPS": 0.0,
        "Total Revenue": NaN,
        "Gross Profit": NaN,
        "Operating Income": NaN,
        "EBIT": NaN,
        "Net Income": NaN
    },
    "2023-06-30": {
        "Tax Effect Of Unusual Items": 0.0,
        "Tax Rate For Calcs": 0.0,
        "Normalized EBITDA": -31711000.0,
        "Total Unusual Items": NaN,
        "Total Unusual Items Excluding Goodwill": NaN,
        "Net Income From Continuing Operation Net Minority Interest": -27926000.0,
        "Reconciled Depreciation": 998000.0,
        "EBITDA": -31711000.0,
        "EBIT": -32709000.0,
        "Net Interest Income": 4783000.0,
        "Interest Income": 4783000.0,
        "Normalized Income": -27926000.0,
        "Net Income From Continuing And Discontinued Operation": -27926000.0,
        "Total Expenses": 36253000.0,
        "Total Operating Income As Reported": -32709000.0,
        "Diluted Average Shares": 56251130.0,
        "Basic Average Shares": 56251130.0,
        "Diluted EPS": -0.5,
        "Basic EPS": -0.5,
        "Diluted NI Availto Com Stockholders": -27926000.0,
        "Net Income Common Stockholders": -27926000.0,
        "Net Income": -27926000.0,
        "Net Income Including Noncontrolling Interests": -27926000.0,
        "Net Income Continuous Operations": -27926000.0,
        "Pretax Income": -27926000.0,
        "Other Income Expense": NaN,
        "Gain On Sale Of Security": NaN,
        "Net Non Operating Interest Income Expense": 4783000.0,
        "Interest Income Non Operating": 4783000.0,
        "Operating Income": -32709000.0,
        "Operating Expense": 36253000.0,
        "Research And Development": 29178000.0,
        "Selling General And Administration": 7075000.0,
        "General And Administrative Expense": 7075000.0,
        "Other Gand A": 7075000.0,
        "Total Revenue": 3544000.0,
        "Operating Revenue": 3544000.0
    },
    "2023-09-30": {
        "Tax Effect Of Unusual Items": 0.0,
        "Tax Rate For Calcs": 0.0,
        "Normalized EBITDA": -32500000.0,
        "Total Unusual Items": NaN,
        "Total Unusual Items Excluding Goodwill": NaN,
        "Net Income From Continuing Operation Net Minority Interest": -27440000.0,
        "Reconciled Depreciation": 1026000.0,
        "EBITDA": -32500000.0,
        "EBIT": -33526000.0,
        "Net Interest Income": 6086000.0,
        "Interest Income": 6086000.0,
        "Normalized Income": -27440000.0,
        "Net Income From Continuing And Discontinued Operation": -27440000.0,
        "Total Expenses": 41564000.0,
        "Total Operating Income As Reported": -33526000.0,
        "Diluted Average Shares": 59999449.0,
        "Basic Average Shares": 59999449.0,
        "Diluted EPS": -0.46,
        "Basic EPS": -0.46,
        "Diluted NI Availto Com Stockholders": -27440000.0,
        "Net Income Common Stockholders": -27440000.0,
        "Net Income": -27440000.0,
        "Net Income Including Noncontrolling Interests": -27440000.0,
        "Net Income Continuous Operations": -27440000.0,
        "Pretax Income": -27440000.0,
        "Other Income Expense": NaN,
        "Gain On Sale Of Security": NaN,
        "Net Non Operating Interest Income Expense": 6086000.0,
        "Interest Income Non Operating": 6086000.0,
        "Operating Income": -33526000.0,
        "Operating Expense": 41564000.0,
        "Research And Development": 33701000.0,
        "Selling General And Administration": 7863000.0,
        "General And Administrative Expense": 7863000.0,
        "Other Gand A": 7863000.0,
        "Total Revenue": 8038000.0,
        "Operating Revenue": 8038000.0
    },
    "2023-12-31": {
        "Tax Effect Of Unusual Items": 0.0,
        "Tax Rate For Calcs": 0.0,
        "Normalized EBITDA": -40893000.0,
        "Total Unusual Items": NaN,
        "Total Unusual Items Excluding Goodwill": NaN,
        "Net Income From Continuing Operation Net Minority Interest": -33955000.0,
        "Reconciled Depreciation": 1024000.0,
        "EBITDA": -40893000.0,
        "EBIT": -41917000.0,
        "Net Interest Income": 7962000.0,
        "Interest Income": 7962000.0,
        "Normalized Income": -33955000.0,
        "Net Income From Continuing And Discontinued Operation": -33955000.0,
        "Total Expenses": 45839000.0,
        "Total Operating Income As Reported": -41917000.0,
        "Diluted Average Shares": 65246361.0,
        "Basic Average Shares": 65246361.0,
        "Diluted EPS": -0.52,
        "Basic EPS": -0.52,
        "Diluted NI Availto Com Stockholders": -33955000.0,
        "Net Income Common Stockholders": -33955000.0,
        "Net Income": -33955000.0,
        "Net Income Including Noncontrolling Interests": -33955000.0,
        "Net Income Continuous Operations": -33955000.0,
        "Pretax Income": -33955000.0,
        "Other Income Expense": NaN,
        "Gain On Sale Of Security": NaN,
        "Net Non Operating Interest Income Expense": 7962000.0,
        "Interest Income Non Operating": 7962000.0,
        "Operating Income": -41917000.0,
        "Operating Expense": 45839000.0,
        "Research And Development": 38770000.0,
        "Selling General And Administration": 7069000.0,
        "General And Administrative Expense": 7069000.0,
        "Other Gand A": 7069000.0,
        "Total Revenue": 3922000.0,
        "Operating Revenue": 3922000.0
    },
    "2024-03-31": {
        "Tax Effect Of Unusual Items": 0.0,
        "Tax Rate For Calcs": 0.0,
        "Normalized EBITDA": -48450000.0,
        "Total Unusual Items": -1485000.0,
        "Total Unusual Items Excluding Goodwill": -1485000.0,
        "Net Income From Continuing Operation Net Minority Interest": -41057000.0,
        "Reconciled Depreciation": 1082000.0,
        "EBITDA": -49935000.0,
        "EBIT": -51017000.0,
        "Net Interest Income": 11445000.0,
        "Interest Income": 11445000.0,
        "Normalized Income": -39572000.0,
        "Net Income From Continuing And Discontinued Operation": -41057000.0,
        "Total Expenses": 51017000.0,
        "Total Operating Income As Reported": -51017000.0,
        "Diluted Average Shares": 75108484.0,
        "Basic Average Shares": 75108484.0,
        "Diluted EPS": -0.53,
        "Basic EPS": -0.53,
        "Diluted NI Availto Com Stockholders": -41057000.0,
        "Net Income Common Stockholders": -41057000.0,
        "Net Income": -41057000.0,
        "Net Income Including Noncontrolling Interests": -41057000.0,
        "Net Income Continuous Operations": -41057000.0,
        "Pretax Income": -41057000.0,
        "Other Income Expense": -1485000.0,
        "Gain On Sale Of Security": -1485000.0,
        "Net Non Operating Interest Income Expense": 11445000.0,
        "Interest Income Non Operating": 11445000.0,
        "Operating Income": -51017000.0,
        "Operating Expense": 51017000.0,
        "Research And Development": 42805000.0,
        "Selling General And Administration": 8212000.0,
        "General And Administrative Expense": 8212000.0,
        "Other Gand A": 8212000.0,
        "Total Revenue": 0.0,
        "Operating Revenue": 0.0
    }
}