{
    "2023-06-30": {
        "Tax Effect Of Unusual Items": -806400.0,
        "Tax Rate For Calcs": 0.224,
        "Normalized EBITDA": 233000000.0,
        "Total Unusual Items": -3600000.0,
        "Total Unusual Items Excluding Goodwill": -3600000.0,
        "Net Income From Continuing Operation Net Minority Interest": 138600000.0,
        "Reconciled Depreciation": 37600000.0,
        "Reconciled Cost Of Revenue": 468200000.0,
        "EBITDA": 229400000.0,
        "EBIT": 191800000.0,
        "Net Interest Income": -13300000.0,
        "Interest Expense": 13300000.0,
        "Normalized Income": 141393600.0,
        "Net Income From Continuing And Discontinued Operation": 138600000.0,
        "Total Expenses": 642500000.0,
        "Total Operating Income As Reported": 200100000.0,
        "Diluted Average Shares": 75900000.0,
        "Basic Average Shares": 75600000.0,
        "Diluted EPS": 1.82,
        "Basic EPS": 1.83,
        "Diluted NI Availto Com Stockholders": 138600000.0,
        "Net Income Common Stockholders": 138600000.0,
        "Net Income": 138600000.0,
        "Minority Interests": 100000.0,
        "Net Income Including Noncontrolling Interests": 138500000.0,
        "Net Income Continuous Operations": 138500000.0,
        "Tax Provision": 40000000.0,
        "Pretax Income": 178500000.0,
        "Other Income Expense": -11900000.0,
        "Other Non Operating Income Expenses": -8300000.0,
        "Special Income Charges": -3600000.0,
        "Gain On Sale Of Business": NaN,
        "Impairment Of Capital Assets": NaN,
        "Restructuring And Mergern Acquisition": 3600000.0,
        "Net Non Operating Interest Income Expense": -13300000.0,
        "Interest Expense Non Operating": 13300000.0,
        "Operating Income": 203700000.0,
        "Operating Expense": 174300000.0,
        "Selling General And Administration": 174300000.0,
        "Gross Profit": 378000000.0,
        "Cost Of Revenue": 468200000.0,
        "Total Revenue": 846200000.0,
        "Operating Revenue": 846200000.0
    },
    "2023-03-31": {
        "Tax Effect Of Unusual Items": -111000.0,
        "Tax Rate For Calcs": 0.222,
        "Normalized EBITDA": 229800000.0,
        "Total Unusual Items": -500000.0,
        "Total Unusual Items Excluding Goodwill": -500000.0,
        "Net Income From Continuing Operation Net Minority Interest": 139800000.0,
        "Reconciled Depreciation": 36400000.0,
        "Reconciled Cost Of Revenue": 462900000.0,
        "EBITDA": 229300000.0,
        "EBIT": 192900000.0,
        "Net Interest Income": -13100000.0,
        "Interest Expense": 13100000.0,
        "Normalized Income": 140189000.0,
        "Net Income From Continuing And Discontinued Operation": 139800000.0,
        "Total Expenses": 652600000.0,
        "Total Operating Income As Reported": 192300000.0,
        "Diluted Average Shares": 75900000.0,
        "Basic Average Shares": 75600000.0,
        "Diluted EPS": 1.84,
        "Basic EPS": 1.85,
        "Diluted NI Availto Com Stockholders": 139800000.0,
        "Net Income Common Stockholders": 139800000.0,
        "Net Income": 139800000.0,
        "Minority Interests": 0.0,
        "Net Income Including Noncontrolling Interests": 139800000.0,
        "Net Income Continuous Operations": 139800000.0,
        "Tax Provision": 40000000.0,
        "Pretax Income": 179800000.0,
        "Other Income Expense": 100000.0,
        "Other Non Operating Income Expenses": 600000.0,
        "Special Income Charges": -500000.0,
        "Gain On Sale Of Business": NaN,
        "Impairment Of Capital Assets": 0.0,
        "Restructuring And Mergern Acquisition": 500000.0,
        "Net Non Operating Interest Income Expense": -13100000.0,
        "Interest Expense Non Operating": 13100000.0,
        "Operating Income": 192800000.0,
        "Operating Expense": 189700000.0,
        "Selling General And Administration": 189700000.0,
        "Gross Profit": 382500000.0,
        "Cost Of Revenue": 462900000.0,
        "Total Revenue": 845400000.0,
        "Operating Revenue": 845400000.0
    },
    "2022-12-31": {
        "Tax Effect Of Unusual Items": -348500.0,
        "Tax Rate For Calcs": 0.205,
        "Normalized EBITDA": 177300000.0,
        "Total Unusual Items": -1700000.0,
        "Total Unusual Items Excluding Goodwill": -1700000.0,
        "Net Income From Continuing Operation Net Minority Interest": 130000000.0,
        "Reconciled Depreciation": 33500000.0,
        "Reconciled Cost Of Revenue": 465000000.0,
        "EBITDA": 175600000.0,
        "EBIT": 175600000.0,
        "Net Interest Income": -12100000.0,
        "Interest Expense": 12100000.0,
        "Normalized Income": 131351500.0,
        "Net Income From Continuing And Discontinued Operation": 130000000.0,
        "Total Expenses": 634000000.0,
        "Total Operating Income As Reported": 175000000.0,
        "Diluted Average Shares": 75700000.0,
        "Basic Average Shares": 75400000.0,
        "Diluted EPS": 1.71,
        "Basic EPS": 1.72,
        "Diluted NI Availto Com Stockholders": 130000000.0,
        "Net Income Common Stockholders": 130000000.0,
        "Net Income": 130000000.0,
        "Minority Interests": 0.0,
        "Net Income Including Noncontrolling Interests": 130000000.0,
        "Net Income Continuous Operations": 130000000.0,
        "Tax Provision": 33500000.0,
        "Pretax Income": 163500000.0,
        "Other Income Expense": -1100000.0,
        "Other Non Operating Income Expenses": 600000.0,
        "Special Income Charges": -1700000.0,
        "Gain On Sale Of Business": 0.0,
        "Impairment Of Capital Assets": NaN,
        "Restructuring And Mergern Acquisition": 1700000.0,
        "Net Non Operating Interest Income Expense": -12100000.0,
        "Interest Expense Non Operating": 12100000.0,
        "Operating Income": 176700000.0,
        "Operating Expense": 169000000.0,
        "Selling General And Administration": 169000000.0,
        "Gross Profit": 345700000.0,
        "Cost Of Revenue": 465000000.0,
        "Total Revenue": 810700000.0,
        "Operating Revenue": 810700000.0
    },
    "2022-09-30": {
        "Tax Effect Of Unusual Items": 3727800.0,
        "Tax Rate For Calcs": 0.218,
        "Normalized EBITDA": 250200000.0,
        "Total Unusual Items": 17100000.0,
        "Total Unusual Items Excluding Goodwill": 17100000.0,
        "Net Income From Continuing Operation Net Minority Interest": 178700000.0,
        "Reconciled Depreciation": 29300000.0,
        "Reconciled Cost Of Revenue": 442200000.0,
        "EBITDA": 267300000.0,
        "EBIT": 238000000.0,
        "Net Interest Income": -9600000.0,
        "Interest Expense": 9600000.0,
        "Normalized Income": 165327800.0,
        "Net Income From Continuing And Discontinued Operation": 178700000.0,
        "Total Expenses": 604100000.0,
        "Total Operating Income As Reported": 202200000.0,
        "Diluted Average Shares": 75800000.0,
        "Basic Average Shares": 75400000.0,
        "Diluted EPS": 2.36,
        "Basic EPS": 2.37,
        "Diluted NI Availto Com Stockholders": 178700000.0,
        "Net Income Common Stockholders": 178700000.0,
        "Net Income": 178700000.0,
        "Minority Interests": 0.0,
        "Net Income Including Noncontrolling Interests": 178700000.0,
        "Net Income Continuous Operations": 178700000.0,
        "Tax Provision": 49700000.0,
        "Pretax Income": 228400000.0,
        "Other Income Expense": 18100000.0,
        "Other Non Operating Income Expenses": 1000000.0,
        "Special Income Charges": 17100000.0,
        "Gain On Sale Of Business": 34800000.0,
        "Impairment Of Capital Assets": NaN,
        "Restructuring And Mergern Acquisition": 17700000.0,
        "Net Non Operating Interest Income Expense": -9600000.0,
        "Interest Expense Non Operating": 9600000.0,
        "Operating Income": 219900000.0,
        "Operating Expense": 161900000.0,
        "Selling General And Administration": 161900000.0,
        "Gross Profit": 381800000.0,
        "Cost Of Revenue": 442200000.0,
        "Total Revenue": 824000000.0,
        "Operating Revenue": 824000000.0
    },
    "2022-06-30": {
        "Tax Effect Of Unusual Items": -618800.0,
        "Tax Rate For Calcs": 0.221,
        "Normalized EBITDA": 218800000.0,
        "Total Unusual Items": -2800000.0,
        "Total Unusual Items Excluding Goodwill": -2800000.0,
        "Net Income From Continuing Operation Net Minority Interest": 138200000.0,
        "Reconciled Depreciation": 29400000.0,
        "Reconciled Cost Of Revenue": 439200000.0,
        "EBITDA": 216000000.0,
        "EBIT": 186600000.0,
        "Net Interest Income": -9500000.0,
        "Interest Expense": 9500000.0,
        "Normalized Income": 140381200.0,
        "Net Income From Continuing And Discontinued Operation": 138200000.0,
        "Total Expenses": 606700000.0,
        "Total Operating Income As Reported": 186600000.0,
        "Diluted Average Shares": 76100000.0,
        "Basic Average Shares": 75800000.0,
        "Diluted EPS": 1.81,
        "Basic EPS": 1.82,
        "Diluted NI Availto Com Stockholders": 138200000.0,
        "Net Income Common Stockholders": 138200000.0,
        "Net Income": 138200000.0,
        "Minority Interests": 100000.0,
        "Net Income Including Noncontrolling Interests": 138100000.0,
        "Net Income Continuous Operations": 138100000.0,
        "Tax Provision": 39000000.0,
        "Pretax Income": 177100000.0,
        "Other Income Expense": -2800000.0,
        "Other Non Operating Income Expenses": NaN,
        "Special Income Charges": -2800000.0,
        "Gain On Sale Of Business": NaN,
        "Impairment Of Capital Assets": NaN,
        "Restructuring And Mergern Acquisition": 2800000.0,
        "Net Non Operating Interest Income Expense": -9500000.0,
        "Interest Expense Non Operating": 9500000.0,
        "Operating Income": 189400000.0,
        "Operating Expense": 167500000.0,
        "Selling General And Administration": 167500000.0,
        "Gross Profit": 356900000.0,
        "Cost Of Revenue": 439200000.0,
        "Total Revenue": 796100000.0,
        "Operating Revenue": 796100000.0
    },
    "2022-03-31": {
        "Diluted EPS": 1.83,
        "Total Revenue": 751,
        "Gross Profit": 343,
        "Operating Income": 188,
        "EBIT": 216,
        "Net Income": 140
    },
    "2021-12-31": {
        "Diluted EPS": 1.55,
        "Total Revenue": 715,
        "Gross Profit": 314,
        "Operating Income": 162,
        "EBIT": 192,
        "Net Income": 119
    },
    "2021-09-30": {
        "Diluted EPS": 1.51,
        "Total Revenue": 712,
        "Gross Profit": 312,
        "Operating Income": 161,
        "EBIT": 189,
        "Net Income": 116
    },
    "2021-06-30": {
        "Diluted EPS": 1.34,
        "Total Revenue": 686,
        "Gross Profit": 306,
        "Operating Income": 158,
        "EBIT": 183,
        "Net Income": 102
    },
    "2021-03-31": {
        "Diluted EPS": 1.48,
        "Total Revenue": 652,
        "Gross Profit": 293,
        "Operating Income": 156,
        "EBIT": 178,
        "Net Income": 113
    },
    "2020-12-31": {
        "Diluted EPS": 1.31,
        "Total Revenue": 615,
        "Gross Profit": 269,
        "Operating Income": 139,
        "EBIT": 161,
        "Net Income": 101
    },
    "2020-09-30": {
        "Diluted EPS": 1.37,
        "Total Revenue": 581,
        "Gross Profit": 252,
        "Operating Income": 131,
        "EBIT": 153,
        "Net Income": 104
    },
    "2020-06-30": {
        "Diluted EPS": 0.93,
        "Total Revenue": 561,
        "Gross Profit": 235,
        "Operating Income": 111,
        "EBIT": 132,
        "Net Income": 71
    },
    "2020-03-31": {
        "Diluted EPS": 1.33,
        "Total Revenue": 594,
        "Gross Profit": 272,
        "Operating Income": 140,
        "EBIT": 160,
        "Net Income": 102
    },
    "2019-12-31": {
        "Diluted EPS": 1.27,
        "Total Revenue": 606,
        "Gross Profit": 267,
        "Operating Income": 134,
        "EBIT": 154,
        "Net Income": 97
    },
    "2019-09-30": {
        "Diluted EPS": 1.37,
        "Total Revenue": 624,
        "Gross Profit": 282,
        "Operating Income": 142,
        "EBIT": 162,
        "Net Income": 105
    },
    "2019-06-30": {
        "Diluted EPS": 1.48,
        "Total Revenue": 642,
        "Gross Profit": 292,
        "Operating Income": 155,
        "EBIT": 175,
        "Net Income": 113
    },
    "2019-03-31": {
        "Diluted EPS": 1.44,
        "Total Revenue": 622,
        "Gross Profit": 284,
        "Operating Income": 148,
        "EBIT": 167,
        "Net Income": 110
    },
    "2018-12-31": {
        "Diluted EPS": 1.27,
        "Total Revenue": 614,
        "Gross Profit": 274,
        "Operating Income": 139,
        "EBIT": 158,
        "Net Income": 98
    },
    "2018-09-30": {
        "Diluted EPS": 1.37,
        "Total Revenue": 623,
        "Gross Profit": 280,
        "Operating Income": 145,
        "EBIT": 164,
        "Net Income": 106
    },
    "2018-06-30": {
        "Diluted EPS": 1.38,
        "Total Revenue": 634,
        "Gross Profit": 287,
        "Operating Income": 148,
        "EBIT": 168,
        "Net Income": 107
    },
    "2018-03-31": {
        "Diluted EPS": 1.27,
        "Total Revenue": 612,
        "Gross Profit": 277,
        "Operating Income": 137,
        "EBIT": 158,
        "Net Income": 99
    },
    "2017-12-31": {
        "Diluted EPS": 1.21,
        "Total Revenue": 586,
        "Gross Profit": 261,
        "Operating Income": 135,
        "EBIT": 156,
        "Net Income": 94
    },
    "2017-09-30": {
        "Diluted EPS": 1.08,
        "Total Revenue": 574,
        "Gross Profit": 258,
        "Operating Income": 127,
        "EBIT": 148,
        "Net Income": 84
    },
    "2017-06-30": {
        "Diluted EPS": 1.08,
        "Total Revenue": 573,
        "Gross Profit": 257,
        "Operating Income": 125,
        "EBIT": 147,
        "Net Income": 84
    },
    "2017-03-31": {
        "Diluted EPS": 0.99,
        "Total Revenue": 554,
        "Gross Profit": 251,
        "Operating Income": 116,
        "EBIT": 137,
        "Net Income": 76
    },
    "2016-12-31": {
        "Diluted EPS": 0.74,
        "Total Revenue": 530,
        "Gross Profit": 232,
        "Operating Income": 86,
        "EBIT": 108,
        "Net Income": 57
    },
    "2016-09-30": {
        "Diluted EPS": 0.91,
        "Total Revenue": 530,
        "Gross Profit": 231,
        "Operating Income": 110,
        "EBIT": 132,
        "Net Income": 70
    },
    "2016-06-30": {
        "Diluted EPS": 0.99,
        "Total Revenue": 550,
        "Gross Profit": 244,
        "Operating Income": 114,
        "EBIT": 136,
        "Net Income": 76
    },
    "2016-03-31": {
        "Diluted EPS": 0.89,
        "Total Revenue": 503,
        "Gross Profit": 223,
        "Operating Income": 103,
        "EBIT": 124,
        "Net Income": 68
    },
    "2015-12-31": {
        "Diluted EPS": 0.87,
        "Total Revenue": 500,
        "Gross Profit": 223,
        "Operating Income": 104,
        "EBIT": 124,
        "Net Income": 68
    },
    "2015-09-30": {
        "Diluted EPS": 1.02,
        "Total Revenue": 504,
        "Gross Profit": 223,
        "Operating Income": 122,
        "EBIT": 143,
        "Net Income": 80
    },
    "2015-06-30": {
        "Diluted EPS": 0.89,
        "Total Revenue": 515,
        "Gross Profit": 232,
        "Operating Income": 110,
        "EBIT": 129,
        "Net Income": 70
    },
    "2015-03-31": {
        "Diluted EPS": 0.84,
        "Total Revenue": 502,
        "Gross Profit": 226,
        "Operating Income": 102,
        "EBIT": 121,
        "Net Income": 66
    },
    "2014-12-31": {
        "Diluted EPS": 0.78,
        "Total Revenue": 524,
        "Gross Profit": 229,
        "Operating Income": 94,
        "EBIT": 114,
        "Net Income": 62
    },
    "2014-09-30": {
        "Diluted EPS": 0.88,
        "Total Revenue": 533,
        "Gross Profit": 235,
        "Operating Income": 111,
        "EBIT": 131,
        "Net Income": 71
    },
    "2014-06-30": {
        "Diluted EPS": 0.88,
        "Total Revenue": 547,
        "Gross Profit": 241,
        "Operating Income": 112,
        "EBIT": 132,
        "Net Income": 72
    },
    "2014-03-31": {
        "Diluted EPS": 0.91,
        "Total Revenue": 544,
        "Gross Profit": 244,
        "Operating Income": 114,
        "EBIT": 134,
        "Net Income": 75
    },
    "2013-12-31": {
        "Diluted EPS": 0.81,
        "Total Revenue": 521,
        "Gross Profit": 227,
        "Operating Income": 104,
        "EBIT": 124,
        "Net Income": 68
    },
    "2013-09-30": {
        "Diluted EPS": 0.78,
        "Total Revenue": 491,
        "Gross Profit": 212,
        "Operating Income": 97,
        "EBIT": 118,
        "Net Income": 64
    },
    "2013-06-30": {
        "Diluted EPS": 0.76,
        "Total Revenue": 518,
        "Gross Profit": 223,
        "Operating Income": 100,
        "EBIT": 120,
        "Net Income": 63
    },
    "2013-03-31": {
        "Diluted EPS": 0.74,
        "Total Revenue": 494,
        "Gross Profit": 212,
        "Operating Income": 95,
        "EBIT": 115,
        "Net Income": 61
    },
    "2012-12-31": {
        "Diluted EPS": -1.42,
        "Total Revenue": 491,
        "Gross Profit": 203,
        "Operating Income": -126,
        "EBIT": -105,
        "Net Income": -119
    },
    "2012-09-30": {
        "Diluted EPS": 0.6,
        "Total Revenue": 480,
        "Gross Profit": 195,
        "Operating Income": 81,
        "EBIT": 101,
        "Net Income": 50
    },
    "2012-06-30": {
        "Diluted EPS": 0.65,
        "Total Revenue": 494,
        "Gross Profit": 203,
        "Operating Income": 89,
        "EBIT": 108,
        "Net Income": 54
    },
    "2012-03-31": {
        "Diluted EPS": 0.62,
        "Total Revenue": 489,
        "Gross Profit": 203,
        "Operating Income": 85,
        "EBIT": 104,
        "Net Income": 52
    },
    "2011-12-31": {
        "Diluted EPS": 0.57,
        "Total Revenue": 481,
        "Gross Profit": 194,
        "Operating Income": 76,
        "EBIT": 96,
        "Net Income": 47
    },
    "2011-09-30": {
        "Diluted EPS": 0.58,
        "Total Revenue": 477,
        "Gross Profit": 182,
        "Operating Income": 71,
        "EBIT": 92,
        "Net Income": 48
    },
    "2011-06-30": {
        "Diluted EPS": 0.6,
        "Total Revenue": 454,
        "Gross Profit": 185,
        "Operating Income": 80,
        "EBIT": 97,
        "Net Income": 50
    },
    "2011-03-31": {
        "Diluted EPS": 0.57,
        "Total Revenue": 427,
        "Gross Profit": 179,
        "Operating Income": 78,
        "EBIT": 94,
        "Net Income": 48
    },
    "2010-12-31": {
        "Diluted EPS": 0.49,
        "Total Revenue": 405,
        "Gross Profit": 162,
        "Operating Income": 66,
        "EBIT": 79,
        "Net Income": 42
    },
    "2010-09-30": {
        "Diluted EPS": 0.47,
        "Total Revenue": 374,
        "Gross Profit": 154,
        "Operating Income": 62,
        "EBIT": 78,
        "Net Income": 39
    },
    "2010-06-30": {
        "Diluted EPS": 0.49,
        "Total Revenue": 379,
        "Gross Profit": 155,
        "Operating Income": 63,
        "EBIT": 78,
        "Net Income": 40
    },
    "2010-03-31": {
        "Diluted EPS": 0.45,
        "Total Revenue": 356,
        "Gross Profit": 148,
        "Operating Income": 58,
        "EBIT": 72,
        "Net Income": 37
    },
    "2009-12-31": {
        "Diluted EPS": 0.41,
        "Total Revenue": 343,
        "Gross Profit": 139,
        "Operating Income": 52,
        "EBIT": 67,
        "Net Income": 33
    },
    "2009-09-30": {
        "Diluted EPS": 0.37,
        "Total Revenue": 323,
        "Gross Profit": 129,
        "Operating Income": 47,
        "EBIT": 61,
        "Net Income": 30
    },
    "2009-06-30": {
        "Diluted EPS": 0.34,
        "Total Revenue": 336,
        "Gross Profit": 131,
        "Operating Income": 47,
        "EBIT": 61,
        "Net Income": 28
    },
    "2009-03-31": {
        "Diluted EPS": 0.28,
        "Total Revenue": 327,
        "Gross Profit": 123,
        "Operating Income": 39,
        "EBIT": 53,
        "Net Income": 23
    },
    "2023-09-30": {
        "Tax Effect Of Unusual Items": 18090756.302521,
        "Tax Rate For Calcs": 0.201681,
        "Normalized EBITDA": 224300000.0,
        "Total Unusual Items": 89700000.0,
        "Total Unusual Items Excluding Goodwill": 89700000.0,
        "Net Income From Continuing Operation Net Minority Interest": 209100000.0,
        "Reconciled Depreciation": 38500000.0,
        "Reconciled Cost Of Revenue": 443800000.0,
        "EBITDA": 314000000.0,
        "EBIT": 275500000.0,
        "Net Interest Income": -13700000.0,
        "Interest Expense": 13700000.0,
        "Normalized Income": 137490756.302521,
        "Net Income From Continuing And Discontinued Operation": 209100000.0,
        "Total Expenses": 609700000.0,
        "Total Operating Income As Reported": 179600000.0,
        "Diluted Average Shares": 75900000.0,
        "Basic Average Shares": 75600000.0,
        "Diluted EPS": 2.75,
        "Basic EPS": 2.76,
        "Diluted NI Availto Com Stockholders": 209100000.0,
        "Net Income Common Stockholders": 209100000.0,
        "Net Income": 209100000.0,
        "Minority Interests": 100000.0,
        "Net Income Including Noncontrolling Interests": 209000000.0,
        "Net Income Continuous Operations": 209000000.0,
        "Tax Provision": 52800000.0,
        "Pretax Income": 261800000.0,
        "Other Income Expense": 91800000.0,
        "Other Non Operating Income Expenses": 2100000.0,
        "Special Income Charges": 89700000.0,
        "Gain On Sale Of Business": 93800000.0,
        "Impairment Of Capital Assets": 300000.0,
        "Restructuring And Mergern Acquisition": 3800000.0,
        "Net Non Operating Interest Income Expense": -13700000.0,
        "Interest Expense Non Operating": 13700000.0,
        "Operating Income": 183700000.0,
        "Operating Expense": 165900000.0,
        "Selling General And Administration": 165900000.0,
        "Gross Profit": 349600000.0,
        "Cost Of Revenue": 443800000.0,
        "Total Revenue": 793400000.0,
        "Operating Revenue": 793400000.0
    }
}