{
    "2023-03-31": {
        "Tax Effect Of Unusual Items": NaN,
        "Tax Rate For Calcs": NaN,
        "Total Unusual Items": NaN,
        "Total Unusual Items Excluding Goodwill": NaN,
        "Net Income From Continuing Operation Net Minority Interest": NaN,
        "Reconciled Depreciation": NaN,
        "Net Interest Income": NaN,
        "Interest Expense": NaN,
        "Interest Income": NaN,
        "Normalized Income": NaN,
        "Net Income From Continuing And Discontinued Operation": NaN,
        "Rent Expense Supplemental": NaN,
        "Diluted Average Shares": 115418000.0,
        "Basic Average Shares": 115418000.0,
        "Diluted EPS": 2.297,
        "Basic EPS": 2.297,
        "Diluted NI Availto Com Stockholders": NaN,
        "Net Income Common Stockholders": NaN,
        "Net Income": NaN,
        "Minority Interests": NaN,
        "Net Income Including Noncontrolling Interests": NaN,
        "Net Income Extraordinary": NaN,
        "Net Income Continuous Operations": NaN,
        "Tax Provision": NaN,
        "Pretax Income": NaN,
        "Special Income Charges": NaN,
        "Other Special Charges": -15300000.0,
        "Gain On Sale Of Security": NaN,
        "Depreciation Amortization Depletion Income Statement": NaN,
        "Depreciation And Amortization In Income Statement": NaN,
        "Selling General And Administration": NaN,
        "General And Administrative Expense": NaN,
        "Other Gand A": NaN,
        "Insurance And Claims": NaN,
        "Rent And Landing Fees": NaN,
        "Salaries And Wages": NaN,
        "Total Revenue": NaN,
        "Operating Revenue": NaN,
        "Other Non Interest Expense": NaN
    },
    "2022-12-31": {
        "Tax Effect Of Unusual Items": NaN,
        "Tax Rate For Calcs": NaN,
        "Total Unusual Items": NaN,
        "Total Unusual Items Excluding Goodwill": NaN,
        "Net Income From Continuing Operation Net Minority Interest": NaN,
        "Reconciled Depreciation": NaN,
        "Net Interest Income": NaN,
        "Interest Expense": NaN,
        "Interest Income": NaN,
        "Normalized Income": NaN,
        "Net Income From Continuing And Discontinued Operation": NaN,
        "Rent Expense Supplemental": NaN,
        "Diluted Average Shares": NaN,
        "Basic Average Shares": NaN,
        "Diluted EPS": NaN,
        "Basic EPS": NaN,
        "Diluted NI Availto Com Stockholders": NaN,
        "Net Income Common Stockholders": NaN,
        "Net Income": NaN,
        "Minority Interests": NaN,
        "Net Income Including Noncontrolling Interests": NaN,
        "Net Income Extraordinary": NaN,
        "Net Income Continuous Operations": NaN,
        "Tax Provision": NaN,
        "Pretax Income": NaN,
        "Special Income Charges": NaN,
        "Other Special Charges": -1841000.0,
        "Gain On Sale Of Security": NaN,
        "Depreciation Amortization Depletion Income Statement": NaN,
        "Depreciation And Amortization In Income Statement": NaN,
        "Selling General And Administration": NaN,
        "General And Administrative Expense": NaN,
        "Other Gand A": NaN,
        "Insurance And Claims": NaN,
        "Rent And Landing Fees": NaN,
        "Salaries And Wages": NaN,
        "Total Revenue": NaN,
        "Operating Revenue": NaN,
        "Other Non Interest Expense": NaN
    },
    "2022-09-30": {
        "Tax Effect Of Unusual Items": -4841044.59396,
        "Tax Rate For Calcs": 0.184077,
        "Total Unusual Items": -26299000.0,
        "Total Unusual Items Excluding Goodwill": -26299000.0,
        "Net Income From Continuing Operation Net Minority Interest": 617797000.0,
        "Reconciled Depreciation": 91233000.0,
        "Net Interest Income": 1086253000.0,
        "Interest Expense": 442858000.0,
        "Interest Income": 1529111000.0,
        "Normalized Income": 639254955.40604,
        "Net Income From Continuing And Discontinued Operation": 617797000.0,
        "Rent Expense Supplemental": 3156000.0,
        "Diluted Average Shares": 115418000.0,
        "Basic Average Shares": 115418000.0,
        "Diluted EPS": 4.871,
        "Basic EPS": 4.871,
        "Diluted NI Availto Com Stockholders": 610679000.0,
        "Net Income Common Stockholders": 610679000.0,
        "Net Income": 610679000.0,
        "Minority Interests": -2736000.0,
        "Net Income Including Noncontrolling Interests": 613415000.0,
        "Net Income Extraordinary": -7118000.0,
        "Net Income Continuous Operations": 620533000.0,
        "Tax Provision": 139996000.0,
        "Pretax Income": 760529000.0,
        "Special Income Charges": 8718000.0,
        "Other Special Charges": -8718000.0,
        "Gain On Sale Of Security": 113183000.0,
        "Depreciation Amortization Depletion Income Statement": 91233000.0,
        "Depreciation And Amortization In Income Statement": 91233000.0,
        "Selling General And Administration": 783219000.0,
        "General And Administrative Expense": 783219000.0,
        "Other Gand A": 318734000.0,
        "Insurance And Claims": 238612000.0,
        "Rent And Landing Fees": 3156000.0,
        "Salaries And Wages": 222717000.0,
        "Total Revenue": 1877312000.0,
        "Operating Revenue": 1877312000.0
    },
    "2022-06-30": {
        "Tax Effect Of Unusual Items": 28631762.013355,
        "Tax Rate For Calcs": 0.306763,
        "Total Unusual Items": 93335000.0,
        "Total Unusual Items Excluding Goodwill": 93335000.0,
        "Net Income From Continuing Operation Net Minority Interest": 272420000.0,
        "Reconciled Depreciation": 83102000.0,
        "Net Interest Income": 1023909000.0,
        "Interest Expense": 341661000.0,
        "Interest Income": 1365570000.0,
        "Normalized Income": 207716762.013355,
        "Net Income From Continuing And Discontinued Operation": 272420000.0,
        "Rent Expense Supplemental": 3711000.0,
        "Diluted Average Shares": 115418000.0,
        "Basic Average Shares": 115418000.0,
        "Diluted EPS": 1.932,
        "Basic EPS": 1.932,
        "Diluted NI Availto Com Stockholders": 248908000.0,
        "Net Income Common Stockholders": 248908000.0,
        "Net Income": 248908000.0,
        "Minority Interests": -2388000.0,
        "Net Income Including Noncontrolling Interests": 251296000.0,
        "Net Income Extraordinary": -23512000.0,
        "Net Income Continuous Operations": 274808000.0,
        "Tax Provision": 121605000.0,
        "Pretax Income": 396413000.0,
        "Special Income Charges": -1200000.0,
        "Other Special Charges": 1200000.0,
        "Gain On Sale Of Security": -164614000.0,
        "Depreciation Amortization Depletion Income Statement": 83102000.0,
        "Depreciation And Amortization In Income Statement": 83102000.0,
        "Selling General And Administration": 751747000.0,
        "General And Administrative Expense": 751747000.0,
        "Other Gand A": 283080000.0,
        "Insurance And Claims": 238095000.0,
        "Rent And Landing Fees": 3711000.0,
        "Salaries And Wages": 226861000.0,
        "Total Revenue": 1467898000.0,
        "Operating Revenue": 1467898000.0
    },
    "2022-03-31": {
        "Diluted EPS": 0.92,
        "Total Revenue": 373,
        "Gross Profit": 292,
        "Operating Income": 133,
        "EBIT": NaN,
        "Net Income": 106
    },
    "2021-03-31": {
        "Diluted EPS": 1.26,
        "Total Revenue": 422,
        "Gross Profit": 353,
        "Operating Income": 179,
        "EBIT": NaN,
        "Net Income": 145
    },
    "2020-03-31": {
        "Diluted EPS": 0.37,
        "Total Revenue": 343,
        "Gross Profit": 242,
        "Operating Income": 73,
        "EBIT": NaN,
        "Net Income": 43
    },
    "2019-03-31": {
        "Diluted EPS": 0.96,
        "Total Revenue": 406,
        "Gross Profit": 304,
        "Operating Income": 137,
        "EBIT": NaN,
        "Net Income": 106
    },
    "2018-12-31": {
        "Diluted EPS": 0.0,
        "Total Revenue": NaN,
        "Gross Profit": NaN,
        "Operating Income": NaN,
        "EBIT": NaN,
        "Net Income": NaN
    },
    "2023-06-30": {
        "Tax Effect Of Unusual Items": -7483036.252948,
        "Tax Rate For Calcs": 0.245732,
        "Total Unusual Items": -30452000.0,
        "Total Unusual Items Excluding Goodwill": -30452000.0,
        "Net Income From Continuing Operation Net Minority Interest": 314228000.0,
        "Reconciled Depreciation": 92679000.0,
        "Net Interest Income": 1173576000.0,
        "Interest Expense": 612575000.0,
        "Interest Income": 1786151000.0,
        "Normalized Income": 337196963.747052,
        "Net Income From Continuing And Discontinued Operation": 314228000.0,
        "Rent Expense Supplemental": 1650000.0,
        "Diluted Average Shares": NaN,
        "Basic Average Shares": NaN,
        "Diluted EPS": NaN,
        "Basic EPS": NaN,
        "Diluted NI Availto Com Stockholders": 328965000.0,
        "Net Income Common Stockholders": 328965000.0,
        "Net Income": 328965000.0,
        "Minority Interests": -2081000.0,
        "Net Income Including Noncontrolling Interests": 331046000.0,
        "Net Income Extraordinary": 14737000.0,
        "Net Income Continuous Operations": 316309000.0,
        "Tax Provision": 103050000.0,
        "Pretax Income": 419359000.0,
        "Special Income Charges": 0.0,
        "Other Special Charges": 0.0,
        "Gain On Sale Of Security": -61079000.0,
        "Depreciation Amortization Depletion Income Statement": 92679000.0,
        "Depreciation And Amortization In Income Statement": 92679000.0,
        "Selling General And Administration": 609916000.0,
        "General And Administrative Expense": 609916000.0,
        "Other Gand A": 323264000.0,
        "Insurance And Claims": 57060000.0,
        "Rent And Landing Fees": 1650000.0,
        "Salaries And Wages": 227942000.0,
        "Total Revenue": 1564973000.0,
        "Operating Revenue": 1564973000.0,
        "Other Non Interest Expense": 23110000.0
    },
    "2023-09-30": {
        "Tax Effect Of Unusual Items": 4292949.077476,
        "Tax Rate For Calcs": 0.122997,
        "Total Unusual Items": 34903000.0,
        "Total Unusual Items Excluding Goodwill": 34903000.0,
        "Net Income From Continuing Operation Net Minority Interest": 219339000.0,
        "Reconciled Depreciation": 95821000.0,
        "Net Interest Income": 1162080000.0,
        "Interest Expense": 678034000.0,
        "Interest Income": 1840114000.0,
        "Normalized Income": 188728949.077476,
        "Net Income From Continuing And Discontinued Operation": 219339000.0,
        "Rent Expense Supplemental": 1111000.0,
        "Diluted Average Shares": NaN,
        "Basic Average Shares": NaN,
        "Diluted EPS": NaN,
        "Basic EPS": NaN,
        "Diluted NI Availto Com Stockholders": 193771000.0,
        "Net Income Common Stockholders": 193771000.0,
        "Net Income": 193771000.0,
        "Minority Interests": -1451000.0,
        "Net Income Including Noncontrolling Interests": 195222000.0,
        "Net Income Extraordinary": -25568000.0,
        "Net Income Continuous Operations": 220790000.0,
        "Tax Provision": 30965000.0,
        "Pretax Income": 251755000.0,
        "Special Income Charges": 0.0,
        "Other Special Charges": 0.0,
        "Gain On Sale Of Security": -53973000.0,
        "Depreciation Amortization Depletion Income Statement": 95821000.0,
        "Depreciation And Amortization In Income Statement": 95821000.0,
        "Selling General And Administration": 1489915000.0,
        "General And Administrative Expense": 1489915000.0,
        "Other Gand A": 337683000.0,
        "Insurance And Claims": 934033000.0,
        "Rent And Landing Fees": 1111000.0,
        "Salaries And Wages": 217088000.0,
        "Total Revenue": 2439087000.0,
        "Operating Revenue": 2439087000.0,
        "Other Non Interest Expense": 18454000.0
    },
    "2023-12-31": {
        "Tax Effect Of Unusual Items": 1290897.614683,
        "Tax Rate For Calcs": 0.121909,
        "Total Unusual Items": 10589000.0,
        "Total Unusual Items Excluding Goodwill": 10589000.0,
        "Net Income From Continuing Operation Net Minority Interest": 266541000.0,
        "Reconciled Depreciation": 99577000.0,
        "Net Interest Income": 1132486000.0,
        "Interest Expense": 660846000.0,
        "Interest Income": 1793332000.0,
        "Normalized Income": 257242897.614683,
        "Net Income From Continuing And Discontinued Operation": 266541000.0,
        "Rent Expense Supplemental": 11384000.0,
        "Diluted Average Shares": NaN,
        "Basic Average Shares": NaN,
        "Diluted EPS": NaN,
        "Basic EPS": NaN,
        "Diluted NI Availto Com Stockholders": 284899000.0,
        "Net Income Common Stockholders": 284899000.0,
        "Net Income": 284899000.0,
        "Minority Interests": -1195000.0,
        "Net Income Including Noncontrolling Interests": 286094000.0,
        "Net Income Extraordinary": 18358000.0,
        "Net Income Continuous Operations": 267736000.0,
        "Tax Provision": 37171000.0,
        "Pretax Income": 304907000.0,
        "Special Income Charges": -3455000.0,
        "Other Special Charges": 0.0,
        "Gain On Sale Of Security": 63128000.0,
        "Depreciation Amortization Depletion Income Statement": 99577000.0,
        "Depreciation And Amortization In Income Statement": 99577000.0,
        "Selling General And Administration": -527311000.0,
        "General And Administrative Expense": -527311000.0,
        "Other Gand A": 257205000.0,
        "Insurance And Claims": -1014315000.0,
        "Rent And Landing Fees": 11384000.0,
        "Salaries And Wages": 218415000.0,
        "Total Revenue": 599829000.0,
        "Operating Revenue": 599829000.0,
        "Other Non Interest Expense": 93980000.0
    },
    "2024-03-31": {
        "Tax Effect Of Unusual Items": 4062495.196507,
        "Tax Rate For Calcs": 0.222164,
        "Total Unusual Items": 18286000.0,
        "Total Unusual Items Excluding Goodwill": 18286000.0,
        "Net Income From Continuing Operation Net Minority Interest": 145087000.0,
        "Reconciled Depreciation": 103853000.0,
        "Net Interest Income": 1146132000.0,
        "Interest Expense": 646456000.0,
        "Interest Income": 1792588000.0,
        "Normalized Income": 130863495.196507,
        "Net Income From Continuing And Discontinued Operation": 145087000.0,
        "Rent Expense Supplemental": 1550000.0,
        "Diluted Average Shares": 114480000.0,
        "Basic Average Shares": 114480000.0,
        "Diluted EPS": 1.224,
        "Basic EPS": 1.224,
        "Diluted NI Availto Com Stockholders": 140159000.0,
        "Net Income Common Stockholders": 140159000.0,
        "Net Income": 140159000.0,
        "Minority Interests": -975000.0,
        "Net Income Including Noncontrolling Interests": 141134000.0,
        "Net Income Extraordinary": -4928000.0,
        "Net Income Continuous Operations": 146062000.0,
        "Tax Provision": 41718000.0,
        "Pretax Income": 187780000.0,
        "Special Income Charges": 0.0,
        "Other Special Charges": NaN,
        "Gain On Sale Of Security": -60282000.0,
        "Depreciation Amortization Depletion Income Statement": 103853000.0,
        "Depreciation And Amortization In Income Statement": 103853000.0,
        "Selling General And Administration": 570552000.0,
        "General And Administrative Expense": 570552000.0,
        "Other Gand A": 325099000.0,
        "Insurance And Claims": 23595000.0,
        "Rent And Landing Fees": 1550000.0,
        "Salaries And Wages": 220308000.0,
        "Total Revenue": 1432394000.0,
        "Operating Revenue": 1432394000.0,
        "Other Non Interest Expense": 12707000.0
    },
    "2024-06-30": {
        "Tax Effect Of Unusual Items": 4907053.479028,
        "Tax Rate For Calcs": 0.141141,
        "Total Unusual Items": 34767000.0,
        "Total Unusual Items Excluding Goodwill": 34767000.0,
        "Net Income From Continuing Operation Net Minority Interest": 310197000.0,
        "Reconciled Depreciation": 104352000.0,
        "Net Interest Income": 1116644000.0,
        "Interest Expense": 602398000.0,
        "Interest Income": 1719042000.0,
        "Normalized Income": 280337053.479028,
        "Net Income From Continuing And Discontinued Operation": 310197000.0,
        "Rent Expense Supplemental": 3553000.0,
        "Diluted Average Shares": NaN,
        "Basic Average Shares": NaN,
        "Diluted EPS": NaN,
        "Basic EPS": NaN,
        "Diluted NI Availto Com Stockholders": 284508000.0,
        "Net Income Common Stockholders": 284508000.0,
        "Net Income": 284508000.0,
        "Minority Interests": -1683000.0,
        "Net Income Including Noncontrolling Interests": 286191000.0,
        "Net Income Extraordinary": -25689000.0,
        "Net Income Continuous Operations": 311880000.0,
        "Tax Provision": 51253000.0,
        "Pretax Income": 363133000.0,
        "Special Income Charges": 865000.0,
        "Other Special Charges": NaN,
        "Gain On Sale Of Security": 22412000.0,
        "Depreciation Amortization Depletion Income Statement": 104352000.0,
        "Depreciation And Amortization In Income Statement": 104352000.0,
        "Selling General And Administration": 605212000.0,
        "General And Administrative Expense": 605212000.0,
        "Other Gand A": 345152000.0,
        "Insurance And Claims": 24729000.0,
        "Rent And Landing Fees": 3553000.0,
        "Salaries And Wages": 231778000.0,
        "Total Revenue": 1566758000.0,
        "Operating Revenue": 1566758000.0,
        "Other Non Interest Expense": 15439000.0
    }
}