{
    "2023-03-31": {
        "Tax Effect Of Unusual Items": 0.0,
        "Tax Rate For Calcs": 0.066116,
        "Net Income From Continuing Operation Net Minority Interest": 33900000.0,
        "Normalized Income": 33900000.0,
        "Net Income From Continuing And Discontinued Operation": 33900000.0,
        "Total Expenses": 83100000.0,
        "Diluted Average Shares": 46917794.0,
        "Basic Average Shares": 46917794.0,
        "Diluted EPS": 0.67565,
        "Basic EPS": 0.67565,
        "Diluted NI Availto Com Stockholders": 31700000.0,
        "Net Income Common Stockholders": 31700000.0,
        "Otherunder Preferred Stock Dividend": 2200000.0,
        "Net Income": 33900000.0,
        "Net Income Including Noncontrolling Interests": 33900000.0,
        "Net Income Continuous Operations": 33900000.0,
        "Tax Provision": 2400000.0,
        "Pretax Income": 36300000.0,
        "Other Income Expense": 600000.0,
        "Other Operating Expenses": 800000.0,
        "Selling General And Administration": 17000000.0,
        "General And Administrative Expense": 17000000.0,
        "Other Gand A": 17000000.0,
        "Total Revenue": 119400000.0,
        "Operating Revenue": 119400000.0
    },
    "2022-12-31": {
        "Tax Effect Of Unusual Items": 0.0,
        "Tax Rate For Calcs": 0.067643,
        "Net Income From Continuing Operation Net Minority Interest": 25665000.0,
        "Normalized Income": 25665000.0,
        "Net Income From Continuing And Discontinued Operation": 25665000.0,
        "Total Expenses": 126893000.0,
        "Diluted Average Shares": 45200000.0,
        "Basic Average Shares": 45200000.0,
        "Diluted EPS": 0.53,
        "Basic EPS": 0.53,
        "Diluted NI Availto Com Stockholders": 23745000.0,
        "Net Income Common Stockholders": 23745000.0,
        "Otherunder Preferred Stock Dividend": 1920000.0,
        "Net Income": 25665000.0,
        "Net Income Including Noncontrolling Interests": 25665000.0,
        "Net Income Continuous Operations": 25665000.0,
        "Tax Provision": 1862000.0,
        "Pretax Income": 27527000.0,
        "Other Income Expense": NaN,
        "Other Operating Expenses": 2822000.0,
        "Selling General And Administration": 13967000.0,
        "General And Administrative Expense": 10990000.0,
        "Other Gand A": 10990000.0,
        "Total Revenue": 154420000.0,
        "Operating Revenue": 154420000.0
    },
    "2022-09-30": {
        "Tax Effect Of Unusual Items": 0.0,
        "Tax Rate For Calcs": 0.021053,
        "Net Income From Continuing Operation Net Minority Interest": 18600000.0,
        "Normalized Income": 18600000.0,
        "Net Income From Continuing And Discontinued Operation": 18600000.0,
        "Total Expenses": 71000000.0,
        "Diluted Average Shares": 49142335.0,
        "Basic Average Shares": 49142335.0,
        "Diluted EPS": 0.4314,
        "Basic EPS": 0.4314,
        "Diluted NI Availto Com Stockholders": 17200000.0,
        "Net Income Common Stockholders": 17200000.0,
        "Otherunder Preferred Stock Dividend": 1400000.0,
        "Net Income": 18600000.0,
        "Net Income Including Noncontrolling Interests": 18600000.0,
        "Net Income Continuous Operations": 18600000.0,
        "Tax Provision": 400000.0,
        "Pretax Income": 19000000.0,
        "Other Income Expense": NaN,
        "Other Operating Expenses": 300000.0,
        "Selling General And Administration": 16800000.0,
        "General And Administrative Expense": 16800000.0,
        "Other Gand A": 16800000.0,
        "Total Revenue": 90000000.0,
        "Operating Revenue": 90000000.0
    },
    "2022-06-30": {
        "Tax Effect Of Unusual Items": 0.0,
        "Tax Rate For Calcs": 0.4,
        "Net Income From Continuing Operation Net Minority Interest": 21867000.0,
        "Normalized Income": 21867000.0,
        "Net Income From Continuing And Discontinued Operation": 21867000.0,
        "Total Expenses": 87345000.0,
        "Diluted Average Shares": 49290153.0,
        "Basic Average Shares": 49290153.0,
        "Diluted EPS": 0.419962,
        "Basic EPS": 0.419962,
        "Diluted NI Availto Com Stockholders": 23267000.0,
        "Net Income Common Stockholders": 23267000.0,
        "Otherunder Preferred Stock Dividend": 1300000.0,
        "Net Income": 21867000.0,
        "Net Income Including Noncontrolling Interests": 21867000.0,
        "Net Income Continuous Operations": 21867000.0,
        "Tax Provision": -705000.0,
        "Pretax Income": 21162000.0,
        "Other Income Expense": 400000.0,
        "Other Operating Expenses": 129000.0,
        "Selling General And Administration": 16238000.0,
        "General And Administrative Expense": 16238000.0,
        "Other Gand A": 16238000.0,
        "Total Revenue": 108507000.0,
        "Operating Revenue": 108507000.0
    },
    "2022-03-31": {
        "Diluted EPS": 0.47,
        "Total Revenue": 87,
        "Gross Profit": 42,
        "Operating Income": 25,
        "EBIT": 25,
        "Net Income": 22
    },
    "2021-12-31": {
        "Diluted EPS": 0.2,
        "Total Revenue": 86,
        "Gross Profit": 31,
        "Operating Income": 14,
        "EBIT": 14,
        "Net Income": 6
    },
    "2021-09-30": {
        "Diluted EPS": 0.31,
        "Total Revenue": 91,
        "Gross Profit": 27,
        "Operating Income": 14,
        "EBIT": 14,
        "Net Income": 16
    },
    "2021-06-30": {
        "Diluted EPS": 0.17,
        "Total Revenue": 86,
        "Gross Profit": 21,
        "Operating Income": 7,
        "EBIT": 7,
        "Net Income": 8
    },
    "2021-03-31": {
        "Diluted EPS": 0.21,
        "Total Revenue": 82,
        "Gross Profit": 28,
        "Operating Income": 13,
        "EBIT": 13,
        "Net Income": 10
    },
    "2020-12-31": {
        "Diluted EPS": 0.26,
        "Total Revenue": 74,
        "Gross Profit": 15,
        "Operating Income": 2,
        "EBIT": 2,
        "Net Income": 10
    },
    "2020-09-30": {
        "Diluted EPS": 0.1,
        "Total Revenue": 73,
        "Gross Profit": 16,
        "Operating Income": 5,
        "EBIT": 5,
        "Net Income": 5
    },
    "2020-06-30": {
        "Diluted EPS": 0.25,
        "Total Revenue": 68,
        "Gross Profit": 23,
        "Operating Income": 11,
        "EBIT": 12,
        "Net Income": 11
    },
    "2020-03-31": {
        "Diluted EPS": -0.02,
        "Total Revenue": 69,
        "Gross Profit": 23,
        "Operating Income": 13,
        "EBIT": 13,
        "Net Income": -1
    },
    "2019-12-31": {
        "Diluted EPS": 0.34,
        "Total Revenue": 108,
        "Gross Profit": 22,
        "Operating Income": 2,
        "EBIT": 4,
        "Net Income": 10
    },
    "2019-09-30": {
        "Diluted EPS": 0.13,
        "Total Revenue": 54,
        "Gross Profit": 16,
        "Operating Income": 6,
        "EBIT": 5,
        "Net Income": 4
    },
    "2019-06-30": {
        "Diluted EPS": 0.24,
        "Total Revenue": 54,
        "Gross Profit": 14,
        "Operating Income": 5,
        "EBIT": 6,
        "Net Income": 8
    },
    "2019-03-31": {
        "Diluted EPS": -0.02,
        "Total Revenue": NaN,
        "Gross Profit": NaN,
        "Operating Income": 0,
        "EBIT": 0,
        "Net Income": 0
    },
    "2018-12-31": {
        "Diluted EPS": -0.02,
        "Total Revenue": NaN,
        "Gross Profit": -127,
        "Operating Income": -162,
        "EBIT": -161,
        "Net Income": 0
    },
    "2018-09-30": {
        "Diluted EPS": -0.02,
        "Total Revenue": NaN,
        "Gross Profit": NaN,
        "Operating Income": 0,
        "EBIT": 0,
        "Net Income": 0
    },
    "2018-06-30": {
        "Diluted EPS": -0.01,
        "Total Revenue": NaN,
        "Gross Profit": NaN,
        "Operating Income": 0,
        "EBIT": 0,
        "Net Income": 0
    },
    "2018-03-31": {
        "Diluted EPS": 0.0,
        "Total Revenue": NaN,
        "Gross Profit": NaN,
        "Operating Income": 0,
        "EBIT": 0,
        "Net Income": 0
    },
    "2017-12-31": {
        "Diluted EPS": 0.0,
        "Total Revenue": NaN,
        "Gross Profit": NaN,
        "Operating Income": 0,
        "EBIT": 0,
        "Net Income": 0
    },
    "2017-09-30": {
        "Diluted EPS": 0.0,
        "Total Revenue": NaN,
        "Gross Profit": NaN,
        "Operating Income": 0,
        "EBIT": 0,
        "Net Income": 0
    },
    "2017-06-30": {
        "Diluted EPS": 0.0,
        "Total Revenue": NaN,
        "Gross Profit": NaN,
        "Operating Income": 0,
        "EBIT": 0,
        "Net Income": 0
    },
    "2017-03-31": {
        "Diluted EPS": 0.0,
        "Total Revenue": NaN,
        "Gross Profit": NaN,
        "Operating Income": 0,
        "EBIT": 0,
        "Net Income": 0
    },
    "2023-06-30": {
        "Tax Effect Of Unusual Items": 0.0,
        "Tax Rate For Calcs": 0.055684,
        "Net Income From Continuing Operation Net Minority Interest": 40463000.0,
        "Normalized Income": 40463000.0,
        "Net Income From Continuing And Discontinued Operation": 40463000.0,
        "Total Expenses": 87765000.0,
        "Diluted Average Shares": NaN,
        "Basic Average Shares": NaN,
        "Diluted EPS": NaN,
        "Basic EPS": NaN,
        "Diluted NI Availto Com Stockholders": 42663000.0,
        "Net Income Common Stockholders": 42663000.0,
        "Otherunder Preferred Stock Dividend": 2600000.0,
        "Net Income": 40463000.0,
        "Net Income Including Noncontrolling Interests": 40463000.0,
        "Net Income Continuous Operations": 40463000.0,
        "Tax Provision": 2386000.0,
        "Pretax Income": 42849000.0,
        "Other Income Expense": 495000.0,
        "Other Operating Expenses": 792000.0,
        "Selling General And Administration": 18851000.0,
        "General And Administrative Expense": 18851000.0,
        "Other Gand A": 18851000.0,
        "Total Revenue": 130614000.0,
        "Operating Revenue": 130614000.0
    },
    "2023-09-30": {
        "Tax Effect Of Unusual Items": 0.0,
        "Tax Rate For Calcs": 0.113821,
        "Net Income From Continuing Operation Net Minority Interest": 10900000.0,
        "Normalized Income": 10900000.0,
        "Net Income From Continuing And Discontinued Operation": 10900000.0,
        "Total Expenses": 83000000.0,
        "Diluted Average Shares": 46476159.0,
        "Basic Average Shares": 46476159.0,
        "Diluted EPS": 0.219467,
        "Basic EPS": 0.219467,
        "Diluted NI Availto Com Stockholders": 10200000.0,
        "Net Income Common Stockholders": 10200000.0,
        "Otherunder Preferred Stock Dividend": 700000.0,
        "Net Income": 10900000.0,
        "Net Income Including Noncontrolling Interests": 10900000.0,
        "Net Income Continuous Operations": 10900000.0,
        "Tax Provision": 1400000.0,
        "Pretax Income": 12300000.0,
        "Other Income Expense": 600000.0,
        "Other Operating Expenses": 3300000.0,
        "Selling General And Administration": 20500000.0,
        "General And Administrative Expense": 20500000.0,
        "Other Gand A": 20500000.0,
        "Total Revenue": 95300000.0,
        "Operating Revenue": 95300000.0
    }
}