{
    "2022-12-31": {
        "Diluted EPS": 0.0,
        "Total Revenue": NaN,
        "Gross Profit": NaN,
        "Operating Income": NaN,
        "EBIT": NaN,
        "Net Income": NaN
    },
    "2022-06-30": {
        "Diluted EPS": 0.0,
        "Total Revenue": NaN,
        "Gross Profit": NaN,
        "Operating Income": NaN,
        "Net Income": NaN
    },
    "2021-12-31": {
        "Diluted EPS": 0.0,
        "Total Revenue": NaN,
        "Gross Profit": NaN,
        "Operating Income": NaN,
        "EBIT": NaN,
        "Net Income": NaN
    },
    "2021-06-30": {
        "Diluted EPS": 0.0,
        "Total Revenue": NaN,
        "Gross Profit": NaN,
        "Operating Income": NaN,
        "EBIT": NaN,
        "Net Income": NaN
    },
    "2020-12-31": {
        "Diluted EPS": 0.0,
        "Total Revenue": NaN,
        "Gross Profit": NaN,
        "Operating Income": NaN,
        "EBIT": NaN,
        "Net Income": NaN
    },
    "2020-06-30": {
        "Diluted EPS": 0.0,
        "Total Revenue": NaN,
        "Gross Profit": NaN,
        "Operating Income": NaN,
        "EBIT": NaN,
        "Net Income": NaN
    },
    "2019-12-31": {
        "Diluted EPS": 0.0,
        "Total Revenue": NaN,
        "Gross Profit": NaN,
        "Operating Income": NaN,
        "EBIT": NaN,
        "Net Income": NaN
    },
    "2019-06-30": {
        "Diluted EPS": 0.0,
        "Total Revenue": NaN,
        "Gross Profit": NaN,
        "Operating Income": NaN,
        "EBIT": NaN,
        "Net Income": NaN
    },
    "2018-12-31": {
        "Diluted EPS": 0.0,
        "Total Revenue": NaN,
        "Gross Profit": NaN,
        "Operating Income": NaN,
        "EBIT": NaN,
        "Net Income": NaN
    },
    "2018-06-30": {
        "Diluted EPS": 0.0,
        "Total Revenue": NaN,
        "Gross Profit": NaN,
        "Operating Income": NaN,
        "EBIT": NaN,
        "Net Income": NaN
    },
    "2017-12-31": {
        "Diluted EPS": 0.0,
        "Total Revenue": NaN,
        "Gross Profit": NaN,
        "Operating Income": NaN,
        "EBIT": NaN,
        "Net Income": NaN
    },
    "2017-06-30": {
        "Diluted EPS": 0.0,
        "Total Revenue": NaN,
        "Gross Profit": NaN,
        "Operating Income": NaN,
        "EBIT": NaN,
        "Net Income": NaN
    },
    "2016-12-31": {
        "Diluted EPS": 0.0,
        "Total Revenue": NaN,
        "Gross Profit": NaN,
        "Operating Income": NaN,
        "EBIT": NaN,
        "Net Income": NaN
    },
    "2015-12-31": {
        "Diluted EPS": 0.0,
        "Total Revenue": NaN,
        "Gross Profit": NaN,
        "Operating Income": NaN,
        "EBIT": NaN,
        "Net Income": NaN
    },
    "2015-06-30": {
        "Diluted EPS": 0.0,
        "Total Revenue": NaN,
        "Gross Profit": NaN,
        "Operating Income": NaN,
        "EBIT": NaN,
        "Net Income": NaN
    },
    "2014-12-31": {
        "Diluted EPS": 0.0,
        "Total Revenue": NaN,
        "Gross Profit": NaN,
        "Operating Income": NaN,
        "EBIT": NaN,
        "Net Income": NaN
    },
    "2014-06-30": {
        "Diluted EPS": 0.0,
        "Total Revenue": NaN,
        "Gross Profit": NaN,
        "Operating Income": NaN,
        "EBIT": NaN,
        "Net Income": NaN
    },
    "2013-12-31": {
        "Diluted EPS": 0.0,
        "Total Revenue": NaN,
        "Gross Profit": NaN,
        "Operating Income": NaN,
        "EBIT": NaN,
        "Net Income": NaN
    },
    "2013-06-30": {
        "Diluted EPS": 0.0,
        "Total Revenue": NaN,
        "Gross Profit": NaN,
        "Operating Income": NaN,
        "EBIT": NaN,
        "Net Income": NaN
    },
    "2012-12-31": {
        "Diluted EPS": 0.5,
        "Total Revenue": 484,
        "Gross Profit": 277,
        "Operating Income": 138,
        "EBIT": 163,
        "Net Income": 95
    },
    "2012-09-30": {
        "Diluted EPS": 0.84,
        "Total Revenue": 473,
        "Gross Profit": 285,
        "Operating Income": 163,
        "EBIT": 186,
        "Net Income": 174
    },
    "2012-06-30": {
        "Diluted EPS": 0.63,
        "Total Revenue": 469,
        "Gross Profit": 274,
        "Operating Income": 168,
        "EBIT": 191,
        "Net Income": 121
    },
    "2012-03-31": {
        "Diluted EPS": 0.8,
        "Total Revenue": 409,
        "Gross Profit": 227,
        "Operating Income": 118,
        "EBIT": 141,
        "Net Income": 154
    },
    "2011-12-31": {
        "Diluted EPS": 0.64,
        "Total Revenue": 451,
        "Gross Profit": 246,
        "Operating Income": 144,
        "EBIT": 167,
        "Net Income": 126
    },
    "2011-09-30": {
        "Diluted EPS": 0.92,
        "Total Revenue": 467,
        "Gross Profit": 270,
        "Operating Income": 209,
        "EBIT": 234,
        "Net Income": 178
    },
    "2011-06-30": {
        "Diluted EPS": 0.44,
        "Total Revenue": 454,
        "Gross Profit": 266,
        "Operating Income": 116,
        "EBIT": 141,
        "Net Income": 87
    },
    "2011-03-31": {
        "Diluted EPS": 0.35,
        "Total Revenue": 396,
        "Gross Profit": 215,
        "Operating Income": 99,
        "EBIT": 125,
        "Net Income": 69
    },
    "2010-12-31": {
        "Diluted EPS": 0.0,
        "Total Revenue": 435,
        "Gross Profit": 228,
        "Operating Income": 100,
        "EBIT": 126,
        "Net Income": 49
    },
    "2010-09-30": {
        "Diluted EPS": 0.54,
        "Total Revenue": 421,
        "Gross Profit": 235,
        "Operating Income": 142,
        "EBIT": 169,
        "Net Income": 103
    },
    "2010-06-30": {
        "Diluted EPS": 0.44,
        "Total Revenue": 410,
        "Gross Profit": 228,
        "Operating Income": 142,
        "EBIT": 169,
        "Net Income": 87
    },
    "2010-03-31": {
        "Diluted EPS": 0.26,
        "Total Revenue": 362,
        "Gross Profit": 184,
        "Operating Income": 82,
        "EBIT": 110,
        "Net Income": 50
    },
    "2009-12-31": {
        "Diluted EPS": 0.0,
        "Total Revenue": 420,
        "Gross Profit": 101,
        "Operating Income": -53,
        "EBIT": -23,
        "Net Income": 175
    },
    "2009-09-30": {
        "Diluted EPS": 0.35,
        "Total Revenue": 401,
        "Gross Profit": 212,
        "Operating Income": 100,
        "EBIT": 128,
        "Net Income": 68
    },
    "2009-06-30": {
        "Diluted EPS": -0.29,
        "Total Revenue": 375,
        "Gross Profit": 199,
        "Operating Income": 94,
        "EBIT": 120,
        "Net Income": -56
    },
    "2009-03-31": {
        "Diluted EPS": 0.15,
        "Total Revenue": 342,
        "Gross Profit": 166,
        "Operating Income": 42,
        "EBIT": 67,
        "Net Income": 27
    }
}