{
    "2023-03-31": {
        "Tax Effect Of Unusual Items": -1223670.0,
        "Tax Rate For Calcs": 0.21,
        "Normalized EBITDA": 63538000.0,
        "Total Unusual Items": -5827000.0,
        "Total Unusual Items Excluding Goodwill": -5827000.0,
        "Net Income From Continuing Operation Net Minority Interest": -222260000.0,
        "Reconciled Depreciation": 108512000.0,
        "Reconciled Cost Of Revenue": 344620000.0,
        "EBITDA": 57711000.0,
        "EBIT": -50801000.0,
        "Net Interest Income": -95457000.0,
        "Interest Expense": 95457000.0,
        "Normalized Income": -217656670.0,
        "Net Income From Continuing And Discontinued Operation": -222260000.0,
        "Total Expenses": 856154000.0,
        "Total Operating Income As Reported": -48862000.0,
        "Diluted NI Availto Com Stockholders": -222260000.0,
        "Net Income Common Stockholders": -222260000.0,
        "Net Income": -222260000.0,
        "Minority Interests": 103000.0,
        "Net Income Including Noncontrolling Interests": -222363000.0,
        "Net Income Continuous Operations": -222363000.0,
        "Tax Provision": 76105000.0,
        "Pretax Income": -146258000.0,
        "Other Income Expense": -5886000.0,
        "Other Non Operating Income Expenses": -99000.0,
        "Special Income Charges": 678000.0,
        "Other Special Charges": -4625000.0,
        "Impairment Of Capital Assets": 3947000.0,
        "Earnings From Equity Interest": 40000.0,
        "Gain On Sale Of Security": -6505000.0,
        "Net Non Operating Interest Income Expense": -95457000.0,
        "Interest Expense Non Operating": 95457000.0,
        "Operating Income": -44915000.0,
        "Operating Expense": 511534000.0,
        "Other Operating Expenses": 221000.0,
        "Depreciation Amortization Depletion Income Statement": 108512000.0,
        "Depreciation And Amortization In Income Statement": 108512000.0,
        "Selling General And Administration": 402801000.0,
        "Gross Profit": 466619000.0,
        "Cost Of Revenue": 344620000.0,
        "Total Revenue": 811239000.0,
        "Operating Revenue": 811239000.0
    },
    "2022-12-31": {
        "Tax Effect Of Unusual Items": 1028887.794949,
        "Tax Rate For Calcs": 0.107681,
        "Normalized EBITDA": 570059000.0,
        "Total Unusual Items": 9555000.0,
        "Total Unusual Items Excluding Goodwill": 9555000.0,
        "Net Income From Continuing Operation Net Minority Interest": 79881000.0,
        "Reconciled Depreciation": 111520000.0,
        "Reconciled Cost Of Revenue": 412701000.0,
        "EBITDA": 579614000.0,
        "EBIT": 468094000.0,
        "Net Interest Income": -93071000.0,
        "Interest Expense": NaN,
        "Normalized Income": 71354887.794949,
        "Net Income From Continuing And Discontinued Operation": 79881000.0,
        "Total Expenses": 952887000.0,
        "Total Operating Income As Reported": 172843000.0,
        "Diluted NI Availto Com Stockholders": 79881000.0,
        "Net Income Common Stockholders": 79881000.0,
        "Net Income": 79881000.0,
        "Minority Interests": -782000.0,
        "Net Income Including Noncontrolling Interests": 80663000.0,
        "Net Income Continuous Operations": 80663000.0,
        "Tax Provision": 9734000.0,
        "Pretax Income": 90397000.0,
        "Other Income Expense": 10465000.0,
        "Other Non Operating Income Expenses": 731000.0,
        "Special Income Charges": 14959000.0,
        "Other Special Charges": -15119000.0,
        "Impairment Of Capital Assets": 160000.0,
        "Earnings From Equity Interest": 179000.0,
        "Gain On Sale Of Security": -5404000.0,
        "Net Non Operating Interest Income Expense": -93071000.0,
        "Interest Expense Non Operating": NaN,
        "Operating Income": 173003000.0,
        "Operating Expense": 540186000.0,
        "Other Operating Expenses": -987000.0,
        "Depreciation Amortization Depletion Income Statement": 111520000.0,
        "Depreciation And Amortization In Income Statement": 111520000.0,
        "Selling General And Administration": 429653000.0,
        "Gross Profit": 713189000.0,
        "Cost Of Revenue": 412701000.0,
        "Total Revenue": 1125890000.0,
        "Operating Revenue": 1125890000.0
    },
    "2022-09-30": {
        "Tax Effect Of Unusual Items": -122529600.0,
        "Tax Rate For Calcs": 0.4,
        "Normalized EBITDA": 207155000.0,
        "Total Unusual Items": -306324000.0,
        "Total Unusual Items Excluding Goodwill": -306324000.0,
        "Net Income From Continuing Operation Net Minority Interest": -310363000.0,
        "Reconciled Depreciation": 109305000.0,
        "Reconciled Cost Of Revenue": 371719000.0,
        "EBITDA": -99169000.0,
        "EBIT": -208474000.0,
        "Net Interest Income": -87890000.0,
        "Interest Expense": 87890000.0,
        "Normalized Income": -126568600.0,
        "Net Income From Continuing And Discontinued Operation": -310363000.0,
        "Total Expenses": 890367000.0,
        "Total Operating Income As Reported": -211187000.0,
        "Diluted Average Shares": 148299000.0,
        "Basic Average Shares": 148299000.0,
        "Diluted EPS": -2.09,
        "Basic EPS": -2.09,
        "Diluted NI Availto Com Stockholders": -310363000.0,
        "Net Income Common Stockholders": -310363000.0,
        "Net Income": -310363000.0,
        "Minority Interests": -587000.0,
        "Net Income Including Noncontrolling Interests": -309776000.0,
        "Net Income Continuous Operations": -309776000.0,
        "Tax Provision": 13412000.0,
        "Pretax Income": -296364000.0,
        "Other Income Expense": -307037000.0,
        "Other Non Operating Income Expenses": -581000.0,
        "Special Income Charges": -302858000.0,
        "Other Special Charges": -6892000.0,
        "Impairment Of Capital Assets": 309750000.0,
        "Earnings From Equity Interest": -132000.0,
        "Gain On Sale Of Security": -3466000.0,
        "Net Non Operating Interest Income Expense": -87890000.0,
        "Total Other Finance Cost": NaN,
        "Interest Expense Non Operating": 87890000.0,
        "Operating Income": 98563000.0,
        "Operating Expense": 518648000.0,
        "Other Operating Expenses": 9451000.0,
        "Depreciation Amortization Depletion Income Statement": 109305000.0,
        "Depreciation And Amortization In Income Statement": 109305000.0,
        "Selling General And Administration": 399892000.0,
        "General And Administrative Expense": NaN,
        "Other Gand A": NaN,
        "Gross Profit": 617211000.0,
        "Cost Of Revenue": 371719000.0,
        "Total Revenue": 988930000.0,
        "Operating Revenue": 988930000.0
    },
    "2022-06-30": {
        "Tax Effect Of Unusual Items": 1842540.0,
        "Tax Rate For Calcs": 0.105,
        "Normalized EBITDA": 191698000.0,
        "Total Unusual Items": 17548000.0,
        "Total Unusual Items Excluding Goodwill": 17548000.0,
        "Net Income From Continuing Operation Net Minority Interest": 14401000.0,
        "Reconciled Depreciation": 110788000.0,
        "Reconciled Cost Of Revenue": 365382000.0,
        "EBITDA": 209246000.0,
        "EBIT": 98458000.0,
        "Net Interest Income": -81494000.0,
        "Interest Expense": 81494000.0,
        "Normalized Income": -1304460.0,
        "Net Income From Continuing And Discontinued Operation": 14401000.0,
        "Total Expenses": 870891000.0,
        "Total Operating Income As Reported": 82869000.0,
        "Diluted Average Shares": 149131000.0,
        "Basic Average Shares": 148050000.0,
        "Diluted EPS": 0.1,
        "Basic EPS": 0.1,
        "Diluted NI Availto Com Stockholders": 14401000.0,
        "Net Income Common Stockholders": 14401000.0,
        "Net Income": 14401000.0,
        "Minority Interests": -781000.0,
        "Net Income Including Noncontrolling Interests": 15182000.0,
        "Net Income Continuous Operations": 15182000.0,
        "Tax Provision": 1782000.0,
        "Pretax Income": 16964000.0,
        "Other Income Expense": 15344000.0,
        "Other Non Operating Income Expenses": -2175000.0,
        "Special Income Charges": 7958000.0,
        "Other Special Charges": -8203000.0,
        "Impairment Of Capital Assets": 245000.0,
        "Earnings From Equity Interest": -29000.0,
        "Gain On Sale Of Security": 9590000.0,
        "Net Non Operating Interest Income Expense": -81494000.0,
        "Total Other Finance Cost": NaN,
        "Interest Expense Non Operating": 81494000.0,
        "Operating Income": 83114000.0,
        "Operating Expense": 505509000.0,
        "Other Operating Expenses": 15664000.0,
        "Depreciation Amortization Depletion Income Statement": 110788000.0,
        "Depreciation And Amortization In Income Statement": 110788000.0,
        "Selling General And Administration": 379057000.0,
        "General And Administrative Expense": NaN,
        "Other Gand A": NaN,
        "Gross Profit": 588623000.0,
        "Cost Of Revenue": 365382000.0,
        "Total Revenue": 954005000.0,
        "Operating Revenue": 954005000.0
    },
    "2022-03-31": {
        "Diluted EPS": -0.33,
        "Total Revenue": 843,
        "Gross Profit": 513,
        "Operating Income": 12,
        "EBIT": 128,
        "Net Income": -49
    },
    "2021-12-31": {
        "Diluted EPS": 0.76,
        "Total Revenue": NaN,
        "Gross Profit": 676,
        "Operating Income": 123,
        "EBIT": 250,
        "Net Income": 112
    },
    "2021-09-30": {
        "Diluted EPS": 0.02,
        "Total Revenue": 928,
        "Gross Profit": 602,
        "Operating Income": 80,
        "EBIT": 190,
        "Net Income": 3
    },
    "2021-06-30": {
        "Diluted EPS": -0.22,
        "Total Revenue": 862,
        "Gross Profit": 541,
        "Operating Income": 28,
        "EBIT": 158,
        "Net Income": -32
    },
    "2021-03-31": {
        "Diluted EPS": -1.65,
        "Total Revenue": 707,
        "Gross Profit": 414,
        "Operating Income": -76,
        "EBIT": 33,
        "Net Income": -242
    },
    "2020-12-31": {
        "Diluted EPS": 0.05,
        "Total Revenue": 936,
        "Gross Profit": 607,
        "Operating Income": 113,
        "EBIT": 218,
        "Net Income": 3
    },
    "2020-09-30": {
        "Diluted EPS": -0.22,
        "Total Revenue": 744,
        "Gross Profit": 474,
        "Operating Income": 39,
        "EBIT": 141,
        "Net Income": -32
    },
    "2020-06-30": {
        "Diluted EPS": -1.35,
        "Total Revenue": 488,
        "Gross Profit": 244,
        "Operating Income": -159,
        "EBIT": -55,
        "Net Income": -197
    },
    "2020-03-31": {
        "Diluted EPS": -11.6,
        "Total Revenue": 781,
        "Gross Profit": 487,
        "Operating Income": NaN,
        "EBIT": NaN,
        "Net Income": NaN
    },
    "2019-12-31": {
        "Diluted EPS": 0.71,
        "Total Revenue": NaN,
        "Gross Profit": 692,
        "Operating Income": 165,
        "EBIT": 261,
        "Net Income": 61
    },
    "2019-09-30": {
        "Diluted EPS": 0.08,
        "Total Revenue": 948,
        "Gross Profit": 632,
        "Operating Income": 141,
        "EBIT": 237,
        "Net Income": 12
    },
    "2019-06-30": {
        "Diluted EPS": 78.03,
        "Total Revenue": 913,
        "Gross Profit": 616,
        "Operating Income": 182,
        "EBIT": 256,
        "Net Income": NaN
    },
    "2019-03-31": {
        "Diluted EPS": -1.34,
        "Total Revenue": 796,
        "Gross Profit": 513,
        "Operating Income": 19,
        "EBIT": 58,
        "Net Income": -114
    },
    "2018-12-31": {
        "Diluted EPS": 2.53,
        "Total Revenue": 429,
        "Gross Profit": 432,
        "Operating Income": 261,
        "EBIT": 298,
        "Net Income": 215
    },
    "2018-09-30": {
        "Diluted EPS": 0.82,
        "Total Revenue": 920,
        "Gross Profit": 652,
        "Operating Income": 187,
        "EBIT": 230,
        "Net Income": 70
    },
    "2018-06-30": {
        "Diluted EPS": -0.82,
        "Total Revenue": 892,
        "Gross Profit": 628,
        "Operating Income": 181,
        "EBIT": 160,
        "Net Income": -70
    },
    "2018-03-31": {
        "Diluted EPS": -4.89,
        "Total Revenue": NaN,
        "Gross Profit": 767,
        "Operating Income": 61,
        "EBIT": 226,
        "Net Income": -417
    },
    "2017-12-31": {
        "Diluted EPS": 4.92,
        "Total Revenue": -870,
        "Gross Profit": -117,
        "Operating Income": 53,
        "EBIT": -111,
        "Net Income": 417
    },
    "2017-09-30": {
        "Diluted EPS": -2.94,
        "Total Revenue": NaN,
        "Gross Profit": 913,
        "Operating Income": 226,
        "EBIT": 390,
        "Net Income": -250
    },
    "2017-06-30": {
        "Diluted EPS": -2.08,
        "Total Revenue": NaN,
        "Gross Profit": 973,
        "Operating Income": 308,
        "EBIT": 470,
        "Net Income": -176
    },
    "2017-03-31": {
        "Diluted EPS": -4.58,
        "Total Revenue": NaN,
        "Gross Profit": 758,
        "Operating Income": 114,
        "EBIT": 274,
        "Net Income": -388
    },
    "2016-12-31": {
        "Diluted EPS": 1.19,
        "Total Revenue": NaN,
        "Gross Profit": NaN,
        "Operating Income": 526,
        "EBIT": 704,
        "Net Income": 100
    },
    "2016-09-30": {
        "Diluted EPS": -0.41,
        "Total Revenue": NaN,
        "Gross Profit": 975,
        "Operating Income": 299,
        "EBIT": 475,
        "Net Income": -35
    },
    "2016-06-30": {
        "Diluted EPS": -3.3,
        "Total Revenue": NaN,
        "Gross Profit": NaN,
        "Operating Income": 253,
        "EBIT": 432,
        "Net Income": -279
    },
    "2016-03-31": {
        "Diluted EPS": -1.05,
        "Total Revenue": NaN,
        "Gross Profit": 795,
        "Operating Income": 421,
        "EBIT": 593,
        "Net Income": -88
    },
    "2015-12-31": {
        "Diluted EPS": -1.1,
        "Total Revenue": NaN,
        "Gross Profit": NaN,
        "Operating Income": 377,
        "EBIT": 562,
        "Net Income": -93
    },
    "2015-09-30": {
        "Diluted EPS": -2.63,
        "Total Revenue": NaN,
        "Gross Profit": 952,
        "Operating Income": 267,
        "EBIT": 449,
        "Net Income": -222
    },
    "2015-06-30": {
        "Diluted EPS": -0.65,
        "Total Revenue": NaN,
        "Gross Profit": 985,
        "Operating Income": 412,
        "EBIT": 596,
        "Net Income": -54
    },
    "2015-03-31": {
        "Diluted EPS": -4.58,
        "Total Revenue": NaN,
        "Gross Profit": 767,
        "Operating Income": 93,
        "EBIT": 279,
        "Net Income": -385
    },
    "2014-12-31": {
        "Diluted EPS": -0.81,
        "Total Revenue": NaN,
        "Gross Profit": NaN,
        "Operating Income": 348,
        "EBIT": 549,
        "Net Income": -68
    },
    "2014-09-30": {
        "Diluted EPS": -1.37,
        "Total Revenue": NaN,
        "Gross Profit": 982,
        "Operating Income": 347,
        "EBIT": 540,
        "Net Income": -115
    },
    "2014-06-30": {
        "Diluted EPS": -2.22,
        "Total Revenue": NaN,
        "Gross Profit": 985,
        "Operating Income": 304,
        "EBIT": 504,
        "Net Income": -187
    },
    "2014-03-31": {
        "Diluted EPS": -5.06,
        "Total Revenue": NaN,
        "Gross Profit": 745,
        "Operating Income": 83,
        "EBIT": 289,
        "Net Income": -424
    },
    "2013-12-31": {
        "Diluted EPS": -3.71,
        "Total Revenue": NaN,
        "Gross Profit": NaN,
        "Operating Income": 333,
        "EBIT": 555,
        "Net Income": -312
    },
    "2013-09-30": {
        "Diluted EPS": -1.22,
        "Total Revenue": NaN,
        "Gross Profit": 939,
        "Operating Income": 267,
        "EBIT": 475,
        "Net Income": -102
    },
    "2013-06-30": {
        "Diluted EPS": 0.09,
        "Total Revenue": NaN,
        "Gross Profit": 988,
        "Operating Income": 320,
        "EBIT": 531,
        "Net Income": 7
    },
    "2013-03-31": {
        "Diluted EPS": -2.47,
        "Total Revenue": NaN,
        "Gross Profit": 748,
        "Operating Income": 81,
        "EBIT": 295,
        "Net Income": -203
    },
    "2012-12-31": {
        "Diluted EPS": -2.31,
        "Total Revenue": NaN,
        "Gross Profit": NaN,
        "Operating Income": 311,
        "EBIT": 540,
        "Net Income": -191
    },
    "2012-09-30": {
        "Diluted EPS": -0.61,
        "Total Revenue": NaN,
        "Gross Profit": 970,
        "Operating Income": 332,
        "EBIT": 554,
        "Net Income": -51
    },
    "2012-06-30": {
        "Diluted EPS": -0.48,
        "Total Revenue": NaN,
        "Gross Profit": 998,
        "Operating Income": 346,
        "EBIT": 567,
        "Net Income": -39
    },
    "2012-03-31": {
        "Diluted EPS": -1.83,
        "Total Revenue": NaN,
        "Gross Profit": 746,
        "Operating Income": 81,
        "EBIT": 302,
        "Net Income": -144
    },
    "2011-12-31": {
        "Diluted EPS": -0.52,
        "Total Revenue": NaN,
        "Gross Profit": NaN,
        "Operating Income": 330,
        "EBIT": 567,
        "Net Income": -43
    },
    "2011-09-30": {
        "Diluted EPS": -0.91,
        "Total Revenue": NaN,
        "Gross Profit": 929,
        "Operating Income": 269,
        "EBIT": 510,
        "Net Income": -74
    },
    "2011-06-30": {
        "Diluted EPS": -0.65,
        "Total Revenue": NaN,
        "Gross Profit": 974,
        "Operating Income": 311,
        "EBIT": 544,
        "Net Income": -53
    },
    "2011-03-31": {
        "Diluted EPS": -1.62,
        "Total Revenue": NaN,
        "Gross Profit": 737,
        "Operating Income": 145,
        "EBIT": 385,
        "Net Income": -132
    },
    "2010-12-31": {
        "Diluted EPS": -0.8,
        "Total Revenue": NaN,
        "Gross Profit": NaN,
        "Operating Income": 301,
        "EBIT": 539,
        "Net Income": -69
    },
    "2010-09-30": {
        "Diluted EPS": -1.91,
        "Total Revenue": NaN,
        "Gross Profit": 898,
        "Operating Income": 221,
        "EBIT": 460,
        "Net Income": -155
    },
    "2010-06-30": {
        "Diluted EPS": -1.06,
        "Total Revenue": NaN,
        "Gross Profit": 889,
        "Operating Income": 267,
        "EBIT": 505,
        "Net Income": -86
    },
    "2010-03-31": {
        "Diluted EPS": -2.17,
        "Total Revenue": NaN,
        "Gross Profit": 666,
        "Operating Income": 75,
        "EBIT": 309,
        "Net Income": -175
    },
    "2009-12-31": {
        "Diluted EPS": 1.79,
        "Total Revenue": NaN,
        "Gross Profit": 871,
        "Operating Income": 62,
        "EBIT": 306,
        "Net Income": 147
    },
    "2009-09-30": {
        "Diluted EPS": -1.12,
        "Total Revenue": NaN,
        "Gross Profit": 761,
        "Operating Income": 156,
        "EBIT": 402,
        "Net Income": -90
    },
    "2009-06-30": {
        "Diluted EPS": -45.23,
        "Total Revenue": NaN,
        "Gross Profit": 801,
        "Operating Income": NaN,
        "EBIT": NaN,
        "Net Income": NaN
    },
    "2009-03-31": {
        "Diluted EPS": -5.15,
        "Total Revenue": NaN,
        "Gross Profit": 590,
        "Operating Income": -14,
        "EBIT": 223,
        "Net Income": -418
    },
    "2023-06-30": {
        "Tax Effect Of Unusual Items": -92483188.0,
        "Tax Rate For Calcs": 0.098,
        "Normalized EBITDA": 171125000.0,
        "Total Unusual Items": -943706000.0,
        "Total Unusual Items Excluding Goodwill": -943706000.0,
        "Net Income From Continuing Operation Net Minority Interest": -884470000.0,
        "Reconciled Depreciation": 108065000.0,
        "Reconciled Cost Of Revenue": 355061000.0,
        "EBITDA": -772581000.0,
        "EBIT": -880646000.0,
        "Net Interest Income": -98693000.0,
        "Interest Expense": 98693000.0,
        "Normalized Income": -33247188.0,
        "Net Income From Continuing And Discontinued Operation": -884470000.0,
        "Total Expenses": 856638000.0,
        "Total Operating Income As Reported": -897194000.0,
        "Diluted NI Availto Com Stockholders": -884470000.0,
        "Net Income Common Stockholders": -884470000.0,
        "Net Income": -884470000.0,
        "Minority Interests": -1488000.0,
        "Net Income Including Noncontrolling Interests": -882982000.0,
        "Net Income Continuous Operations": -882982000.0,
        "Tax Provision": -96357000.0,
        "Pretax Income": -979339000.0,
        "Other Income Expense": -944022000.0,
        "Other Non Operating Income Expenses": -272000.0,
        "Special Income Charges": -937668000.0,
        "Other Special Charges": -22902000.0,
        "Impairment Of Capital Assets": 960570000.0,
        "Earnings From Equity Interest": -44000.0,
        "Gain On Sale Of Security": -6038000.0,
        "Net Non Operating Interest Income Expense": -98693000.0,
        "Interest Expense Non Operating": 98693000.0,
        "Operating Income": 63376000.0,
        "Operating Expense": 501577000.0,
        "Other Operating Expenses": -261000.0,
        "Depreciation Amortization Depletion Income Statement": 108065000.0,
        "Depreciation And Amortization In Income Statement": 108065000.0,
        "Selling General And Administration": 393773000.0,
        "Gross Profit": 564953000.0,
        "Cost Of Revenue": 355061000.0,
        "Total Revenue": 920014000.0,
        "Operating Revenue": 920014000.0
    },
    "2023-09-30": {
        "Tax Effect Of Unusual Items": 3359160.0,
        "Tax Rate For Calcs": 0.21,
        "Normalized EBITDA": 171734000.0,
        "Total Unusual Items": 15996000.0,
        "Total Unusual Items Excluding Goodwill": 15996000.0,
        "Net Income From Continuing Operation Net Minority Interest": -9053000.0,
        "Reconciled Depreciation": 106451000.0,
        "Reconciled Cost Of Revenue": 379997000.0,
        "EBITDA": 187730000.0,
        "EBIT": 81279000.0,
        "Net Interest Income": -99509000.0,
        "Interest Expense": 99509000.0,
        "Normalized Income": -21689840.0,
        "Net Income From Continuing And Discontinued Operation": -9053000.0,
        "Total Expenses": 883454000.0,
        "Total Operating Income As Reported": 68965000.0,
        "Diluted NI Availto Com Stockholders": -9053000.0,
        "Net Income Common Stockholders": -9053000.0,
        "Net Income": -9053000.0,
        "Minority Interests": -84000.0,
        "Net Income Including Noncontrolling Interests": -8969000.0,
        "Net Income Continuous Operations": -8969000.0,
        "Tax Provision": -9261000.0,
        "Pretax Income": -18230000.0,
        "Other Income Expense": 11744000.0,
        "Other Non Operating Income Expenses": -738000.0,
        "Special Income Charges": 23377000.0,
        "Other Special Charges": -23947000.0,
        "Impairment Of Capital Assets": 570000.0,
        "Earnings From Equity Interest": -3514000.0,
        "Gain On Sale Of Security": -7381000.0,
        "Net Non Operating Interest Income Expense": -99509000.0,
        "Interest Expense Non Operating": 99509000.0,
        "Operating Income": 69535000.0,
        "Operating Expense": 503457000.0,
        "Other Operating Expenses": 3378000.0,
        "Depreciation Amortization Depletion Income Statement": 106451000.0,
        "Depreciation And Amortization In Income Statement": 106451000.0,
        "Selling General And Administration": 393628000.0,
        "Gross Profit": 572992000.0,
        "Cost Of Revenue": 379997000.0,
        "Total Revenue": 952989000.0,
        "Operating Revenue": 952989000.0
    }
}