{
    "2023-06-30": {
        "Tax Effect Of Unusual Items": 0.0,
        "Tax Rate For Calcs": 0.21995,
        "Normalized EBITDA": 16826000.0,
        "Total Unusual Items": 0.0,
        "Total Unusual Items Excluding Goodwill": 0.0,
        "Net Income From Continuing Operation Net Minority Interest": 10565000.0,
        "Reconciled Depreciation": 3262000.0,
        "Reconciled Cost Of Revenue": 145347000.0,
        "EBITDA": 16826000.0,
        "EBIT": 13564000.0,
        "Net Interest Income": 1077000.0,
        "Interest Expense": 20000.0,
        "Interest Income": 1097000.0,
        "Normalized Income": 10565000.0,
        "Net Income From Continuing And Discontinued Operation": 10565000.0,
        "Total Expenses": 153271000.0,
        "Diluted Average Shares": 19548000.0,
        "Basic Average Shares": 19488000.0,
        "Diluted EPS": 0.54,
        "Basic EPS": 0.54,
        "Diluted NI Availto Com Stockholders": 10565000.0,
        "Net Income Common Stockholders": 10565000.0,
        "Net Income": 10565000.0,
        "Net Income Including Noncontrolling Interests": 10565000.0,
        "Net Income Continuous Operations": 10565000.0,
        "Tax Provision": 2979000.0,
        "Pretax Income": 13544000.0,
        "Other Income Expense": 24000.0,
        "Other Non Operating Income Expenses": 24000.0,
        "Special Income Charges": 0.0,
        "Restructuring And Mergern Acquisition": 0.0,
        "Net Non Operating Interest Income Expense": 1077000.0,
        "Interest Expense Non Operating": 20000.0,
        "Interest Income Non Operating": 1097000.0,
        "Operating Income": 12443000.0,
        "Operating Expense": 7924000.0,
        "Selling General And Administration": 7924000.0,
        "Gross Profit": 20367000.0,
        "Cost Of Revenue": 145347000.0,
        "Total Revenue": 165714000.0,
        "Operating Revenue": 165714000.0
    },
    "2023-03-31": {
        "Tax Effect Of Unusual Items": 0.0,
        "Tax Rate For Calcs": 0.219673,
        "Normalized EBITDA": 9783000.0,
        "Total Unusual Items": 0.0,
        "Total Unusual Items Excluding Goodwill": 0.0,
        "Net Income From Continuing Operation Net Minority Interest": 5101000.0,
        "Reconciled Depreciation": 3223000.0,
        "Reconciled Cost Of Revenue": 145789000.0,
        "EBITDA": 9783000.0,
        "EBIT": 6560000.0,
        "Net Interest Income": 724000.0,
        "Interest Expense": 23000.0,
        "Interest Income": 747000.0,
        "Normalized Income": 5101000.0,
        "Net Income From Continuing And Discontinued Operation": 5101000.0,
        "Total Expenses": 153295000.0,
        "Diluted Average Shares": 19562000.0,
        "Basic Average Shares": 19503000.0,
        "Diluted EPS": 0.26,
        "Basic EPS": 0.26,
        "Diluted NI Availto Com Stockholders": 5101000.0,
        "Net Income Common Stockholders": 5101000.0,
        "Net Income": 5101000.0,
        "Net Income Including Noncontrolling Interests": 5101000.0,
        "Net Income Continuous Operations": 5101000.0,
        "Tax Provision": 1436000.0,
        "Pretax Income": 6537000.0,
        "Other Income Expense": 57000.0,
        "Other Non Operating Income Expenses": 57000.0,
        "Special Income Charges": 0.0,
        "Restructuring And Mergern Acquisition": 0.0,
        "Net Non Operating Interest Income Expense": 724000.0,
        "Interest Expense Non Operating": 23000.0,
        "Interest Income Non Operating": 747000.0,
        "Operating Income": 5756000.0,
        "Operating Expense": 7506000.0,
        "Selling General And Administration": 7506000.0,
        "Gross Profit": 13262000.0,
        "Cost Of Revenue": 145789000.0,
        "Total Revenue": 159051000.0,
        "Operating Revenue": 159051000.0
    },
    "2022-12-31": {
        "Tax Effect Of Unusual Items": 0.0,
        "Tax Rate For Calcs": 0.228534,
        "Normalized EBITDA": 17792000.0,
        "Total Unusual Items": 0.0,
        "Total Unusual Items Excluding Goodwill": 0.0,
        "Net Income From Continuing Operation Net Minority Interest": 11123000.0,
        "Reconciled Depreciation": 3350000.0,
        "Reconciled Cost Of Revenue": 149113000.0,
        "EBITDA": 17792000.0,
        "EBIT": 14442000.0,
        "Net Interest Income": 416000.0,
        "Interest Expense": 24000.0,
        "Interest Income": 440000.0,
        "Normalized Income": 11123000.0,
        "Net Income From Continuing And Discontinued Operation": 11123000.0,
        "Total Expenses": 156239000.0,
        "Diluted Average Shares": 19584000.0,
        "Basic Average Shares": 19525000.0,
        "Diluted EPS": 0.57,
        "Basic EPS": 0.57,
        "Diluted NI Availto Com Stockholders": 11123000.0,
        "Net Income Common Stockholders": 11123000.0,
        "Net Income": 11123000.0,
        "Net Income Including Noncontrolling Interests": 11123000.0,
        "Net Income Continuous Operations": 11123000.0,
        "Tax Provision": 3295000.0,
        "Pretax Income": 14418000.0,
        "Other Income Expense": 3342000.0,
        "Other Non Operating Income Expenses": 3342000.0,
        "Special Income Charges": 0.0,
        "Restructuring And Mergern Acquisition": 0.0,
        "Net Non Operating Interest Income Expense": 416000.0,
        "Interest Expense Non Operating": 24000.0,
        "Interest Income Non Operating": 440000.0,
        "Operating Income": 10660000.0,
        "Operating Expense": 7126000.0,
        "Selling General And Administration": 7126000.0,
        "Gross Profit": 17786000.0,
        "Cost Of Revenue": 149113000.0,
        "Total Revenue": 166899000.0,
        "Operating Revenue": 166899000.0
    },
    "2022-09-30": {
        "Tax Effect Of Unusual Items": 0.0,
        "Tax Rate For Calcs": 0.229726,
        "Normalized EBITDA": 35087000.0,
        "Total Unusual Items": 0.0,
        "Total Unusual Items Excluding Goodwill": 0.0,
        "Net Income From Continuing Operation Net Minority Interest": 24306000.0,
        "Reconciled Depreciation": 3509000.0,
        "Reconciled Cost Of Revenue": 168196000.0,
        "EBITDA": 35087000.0,
        "EBIT": 31578000.0,
        "Net Interest Income": 193000.0,
        "Interest Expense": 23000.0,
        "Interest Income": 216000.0,
        "Normalized Income": 24306000.0,
        "Net Income From Continuing And Discontinued Operation": 24306000.0,
        "Total Expenses": 176526000.0,
        "Diluted Average Shares": 19628000.0,
        "Basic Average Shares": 19558000.0,
        "Diluted EPS": 1.24,
        "Basic EPS": 1.24,
        "Diluted NI Availto Com Stockholders": 24306000.0,
        "Net Income Common Stockholders": 24306000.0,
        "Net Income": 24306000.0,
        "Net Income Including Noncontrolling Interests": 24306000.0,
        "Net Income Continuous Operations": 24306000.0,
        "Tax Provision": 7249000.0,
        "Pretax Income": 31555000.0,
        "Other Income Expense": -103000.0,
        "Other Non Operating Income Expenses": -103000.0,
        "Special Income Charges": 0.0,
        "Restructuring And Mergern Acquisition": 0.0,
        "Net Non Operating Interest Income Expense": 193000.0,
        "Interest Expense Non Operating": 23000.0,
        "Interest Income Non Operating": 216000.0,
        "Operating Income": 31465000.0,
        "Operating Expense": 8330000.0,
        "Selling General And Administration": 8330000.0,
        "Gross Profit": 39795000.0,
        "Cost Of Revenue": 168196000.0,
        "Total Revenue": 207991000.0,
        "Operating Revenue": 207991000.0
    },
    "2022-06-30": {
        "Tax Effect Of Unusual Items": 0.0,
        "Tax Rate For Calcs": 0.227,
        "Normalized EBITDA": 53564000.0,
        "Total Unusual Items": 0.0,
        "Total Unusual Items Excluding Goodwill": 0.0,
        "Net Income From Continuing Operation Net Minority Interest": 38559000.0,
        "Reconciled Depreciation": 3632000.0,
        "Reconciled Cost Of Revenue": 169091000.0,
        "EBITDA": 53564000.0,
        "EBIT": 49932000.0,
        "Net Interest Income": 63000.0,
        "Interest Expense": 23000.0,
        "Interest Income": 86000.0,
        "Normalized Income": 38559000.0,
        "Net Income From Continuing And Discontinued Operation": 38559000.0,
        "Total Expenses": 177326000.0,
        "Diluted Average Shares": 19657000.0,
        "Basic Average Shares": 19537000.0,
        "Diluted EPS": 1.96,
        "Basic EPS": 1.97,
        "Diluted NI Availto Com Stockholders": 38559000.0,
        "Net Income Common Stockholders": 38559000.0,
        "Net Income": 38559000.0,
        "Net Income Including Noncontrolling Interests": 38559000.0,
        "Net Income Continuous Operations": 38559000.0,
        "Tax Provision": 11350000.0,
        "Pretax Income": 49909000.0,
        "Other Income Expense": -1000.0,
        "Other Non Operating Income Expenses": -1000.0,
        "Special Income Charges": 0.0,
        "Restructuring And Mergern Acquisition": 0.0,
        "Net Non Operating Interest Income Expense": 63000.0,
        "Interest Expense Non Operating": 23000.0,
        "Interest Income Non Operating": 86000.0,
        "Operating Income": 49847000.0,
        "Operating Expense": 8235000.0,
        "Selling General And Administration": 8235000.0,
        "Gross Profit": 58082000.0,
        "Cost Of Revenue": 169091000.0,
        "Total Revenue": 227173000.0,
        "Operating Revenue": 227173000.0
    },
    "2022-03-31": {
        "Diluted EPS": 1.99,
        "Total Revenue": 213,
        "Gross Profit": 57,
        "Operating Income": 50,
        "EBIT": 54,
        "Net Income": 39
    },
    "2021-12-31": {
        "Diluted EPS": 1.18,
        "Total Revenue": 178,
        "Gross Profit": 42,
        "Operating Income": 30,
        "EBIT": 34,
        "Net Income": 23
    },
    "2021-09-30": {
        "Diluted EPS": 1.29,
        "Total Revenue": 171,
        "Gross Profit": 40,
        "Operating Income": 33,
        "EBIT": 36,
        "Net Income": 25
    },
    "2021-06-30": {
        "Diluted EPS": 0.94,
        "Total Revenue": 161,
        "Gross Profit": 32,
        "Operating Income": 24,
        "EBIT": 27,
        "Net Income": 18
    },
    "2021-03-31": {
        "Diluted EPS": 0.76,
        "Total Revenue": 139,
        "Gross Profit": 30,
        "Operating Income": 19,
        "EBIT": 23,
        "Net Income": 15
    },
    "2020-12-31": {
        "Diluted EPS": 0.42,
        "Total Revenue": 120,
        "Gross Profit": 20,
        "Operating Income": 11,
        "EBIT": 14,
        "Net Income": 8
    },
    "2020-09-30": {
        "Diluted EPS": 0.38,
        "Total Revenue": 138,
        "Gross Profit": 19,
        "Operating Income": 9,
        "EBIT": 13,
        "Net Income": 7
    },
    "2020-06-30": {
        "Diluted EPS": 0.34,
        "Total Revenue": 122,
        "Gross Profit": 15,
        "Operating Income": 7,
        "EBIT": 11,
        "Net Income": 7
    },
    "2020-03-31": {
        "Diluted EPS": 0.23,
        "Total Revenue": 115,
        "Gross Profit": 15,
        "Operating Income": 5,
        "EBIT": 9,
        "Net Income": 4
    },
    "2019-12-31": {
        "Diluted EPS": 0.03,
        "Total Revenue": 98,
        "Gross Profit": 6,
        "Operating Income": 0,
        "EBIT": 4,
        "Net Income": 1
    },
    "2019-09-30": {
        "Diluted EPS": -0.08,
        "Total Revenue": 113,
        "Gross Profit": 4,
        "Operating Income": -2,
        "EBIT": 1,
        "Net Income": -2
    },
    "2019-06-30": {
        "Diluted EPS": 0.11,
        "Total Revenue": 126,
        "Gross Profit": 8,
        "Operating Income": 3,
        "EBIT": 6,
        "Net Income": 2
    },
    "2019-03-31": {
        "Diluted EPS": 0.05,
        "Total Revenue": 112,
        "Gross Profit": 7,
        "Operating Income": 0,
        "EBIT": 4,
        "Net Income": 1
    },
    "2018-12-31": {
        "Diluted EPS": 0.21,
        "Total Revenue": 104,
        "Gross Profit": 11,
        "Operating Income": 4,
        "EBIT": 8,
        "Net Income": 4
    },
    "2018-09-30": {
        "Diluted EPS": 0.48,
        "Total Revenue": 121,
        "Gross Profit": 20,
        "Operating Income": 12,
        "EBIT": 15,
        "Net Income": 9
    },
    "2018-06-30": {
        "Diluted EPS": 0.67,
        "Total Revenue": 127,
        "Gross Profit": 24,
        "Operating Income": 17,
        "EBIT": 20,
        "Net Income": 13
    },
    "2018-03-31": {
        "Diluted EPS": 0.31,
        "Total Revenue": 107,
        "Gross Profit": 15,
        "Operating Income": 8,
        "EBIT": 11,
        "Net Income": 6
    },
    "2017-12-31": {
        "Diluted EPS": 0.42,
        "Total Revenue": 98,
        "Gross Profit": 12,
        "Operating Income": 6,
        "EBIT": 9,
        "Net Income": 8
    },
    "2017-09-30": {
        "Diluted EPS": 0.19,
        "Total Revenue": 97,
        "Gross Profit": 12,
        "Operating Income": 6,
        "EBIT": 9,
        "Net Income": 4
    },
    "2017-06-30": {
        "Diluted EPS": 0.36,
        "Total Revenue": 97,
        "Gross Profit": 17,
        "Operating Income": 10,
        "EBIT": 13,
        "Net Income": 7
    },
    "2017-03-31": {
        "Diluted EPS": 0.39,
        "Total Revenue": 101,
        "Gross Profit": 18,
        "Operating Income": 11,
        "EBIT": 14,
        "Net Income": 7
    },
    "2016-12-31": {
        "Diluted EPS": 0.23,
        "Total Revenue": 94,
        "Gross Profit": 13,
        "Operating Income": 7,
        "EBIT": 10,
        "Net Income": 4
    },
    "2016-09-30": {
        "Diluted EPS": 0.5,
        "Total Revenue": 103,
        "Gross Profit": 23,
        "Operating Income": 15,
        "EBIT": 18,
        "Net Income": 10
    },
    "2016-06-30": {
        "Diluted EPS": 0.71,
        "Total Revenue": 116,
        "Gross Profit": 28,
        "Operating Income": 21,
        "EBIT": 24,
        "Net Income": 14
    },
    "2016-03-31": {
        "Diluted EPS": 0.38,
        "Total Revenue": 107,
        "Gross Profit": 19,
        "Operating Income": 11,
        "EBIT": 14,
        "Net Income": 7
    },
    "2015-12-31": {
        "Diluted EPS": 0.36,
        "Total Revenue": 92,
        "Gross Profit": 16,
        "Operating Income": 10,
        "EBIT": 13,
        "Net Income": 7
    },
    "2015-09-30": {
        "Diluted EPS": 0.5,
        "Total Revenue": 118,
        "Gross Profit": 22,
        "Operating Income": 14,
        "EBIT": 18,
        "Net Income": 10
    },
    "2015-06-30": {
        "Diluted EPS": 0.29,
        "Total Revenue": 117,
        "Gross Profit": 16,
        "Operating Income": 9,
        "EBIT": 12,
        "Net Income": 5
    },
    "2015-03-31": {
        "Diluted EPS": 0.14,
        "Total Revenue": 102,
        "Gross Profit": 9,
        "Operating Income": 2,
        "EBIT": 5,
        "Net Income": 3
    },
    "2014-12-31": {
        "Diluted EPS": 0.22,
        "Total Revenue": 111,
        "Gross Profit": 12,
        "Operating Income": 6,
        "EBIT": 9,
        "Net Income": 4
    },
    "2014-09-30": {
        "Diluted EPS": 0.24,
        "Total Revenue": 117,
        "Gross Profit": 14,
        "Operating Income": 6,
        "EBIT": 8,
        "Net Income": 5
    },
    "2014-06-30": {
        "Diluted EPS": 0.31,
        "Total Revenue": 113,
        "Gross Profit": 14,
        "Operating Income": 8,
        "EBIT": 11,
        "Net Income": 6
    },
    "2014-03-31": {
        "Diluted EPS": 0.19,
        "Total Revenue": 91,
        "Gross Profit": 12,
        "Operating Income": 6,
        "EBIT": 8,
        "Net Income": 4
    },
    "2013-12-31": {
        "Diluted EPS": 0.15,
        "Total Revenue": 87,
        "Gross Profit": 9,
        "Operating Income": 4,
        "EBIT": 7,
        "Net Income": 3
    },
    "2013-09-30": {
        "Diluted EPS": 0.13,
        "Total Revenue": 98,
        "Gross Profit": 9,
        "Operating Income": 3,
        "EBIT": 6,
        "Net Income": 2
    },
    "2013-06-30": {
        "Diluted EPS": 0.18,
        "Total Revenue": 97,
        "Gross Profit": 11,
        "Operating Income": 6,
        "EBIT": 8,
        "Net Income": 3
    },
    "2013-03-31": {
        "Diluted EPS": 0.2,
        "Total Revenue": 83,
        "Gross Profit": 11,
        "Operating Income": 6,
        "EBIT": 8,
        "Net Income": 4
    },
    "2012-12-31": {
        "Diluted EPS": 0.13,
        "Total Revenue": 86,
        "Gross Profit": 9,
        "Operating Income": 4,
        "EBIT": 6,
        "Net Income": 2
    },
    "2012-09-30": {
        "Diluted EPS": 0.05,
        "Total Revenue": 98,
        "Gross Profit": 6,
        "Operating Income": 1,
        "EBIT": 4,
        "Net Income": 1
    },
    "2012-06-30": {
        "Diluted EPS": 0.05,
        "Total Revenue": 94,
        "Gross Profit": 6,
        "Operating Income": 2,
        "EBIT": 4,
        "Net Income": 1
    },
    "2012-03-31": {
        "Diluted EPS": 0.01,
        "Total Revenue": 87,
        "Gross Profit": 5,
        "Operating Income": 0,
        "EBIT": 3,
        "Net Income": 0
    },
    "2011-12-31": {
        "Diluted EPS": -0.01,
        "Total Revenue": 85,
        "Gross Profit": 5,
        "Operating Income": -1,
        "EBIT": 2,
        "Net Income": 0
    },
    "2011-09-30": {
        "Diluted EPS": 0.07,
        "Total Revenue": 99,
        "Gross Profit": 8,
        "Operating Income": 2,
        "EBIT": 5,
        "Net Income": 1
    },
    "2011-06-30": {
        "Diluted EPS": 0.2,
        "Total Revenue": 99,
        "Gross Profit": 13,
        "Operating Income": 6,
        "EBIT": 8,
        "Net Income": 4
    },
    "2011-03-31": {
        "Diluted EPS": 0.15,
        "Total Revenue": 87,
        "Gross Profit": 12,
        "Operating Income": 5,
        "EBIT": 7,
        "Net Income": 3
    },
    "2010-12-31": {
        "Diluted EPS": -0.44,
        "Total Revenue": 52,
        "Gross Profit": 0,
        "Operating Income": -11,
        "EBIT": -9,
        "Net Income": -8
    },
    "2010-09-30": {
        "Diluted EPS": -0.08,
        "Total Revenue": 56,
        "Gross Profit": 2,
        "Operating Income": -1,
        "EBIT": 0,
        "Net Income": -2
    },
    "2010-06-30": {
        "Diluted EPS": 0.09,
        "Total Revenue": 62,
        "Gross Profit": 8,
        "Operating Income": 3,
        "EBIT": 5,
        "Net Income": 2
    },
    "2010-03-31": {
        "Diluted EPS": 0.09,
        "Total Revenue": 52,
        "Gross Profit": 6,
        "Operating Income": 2,
        "EBIT": 4,
        "Net Income": 2
    },
    "2009-12-31": {
        "Diluted EPS": -0.07,
        "Total Revenue": 41,
        "Gross Profit": 2,
        "Operating Income": -2,
        "EBIT": 0,
        "Net Income": -1
    },
    "2009-09-30": {
        "Diluted EPS": 0.1,
        "Total Revenue": 61,
        "Gross Profit": 9,
        "Operating Income": 5,
        "EBIT": 7,
        "Net Income": 2
    },
    "2009-06-30": {
        "Diluted EPS": -0.1,
        "Total Revenue": 57,
        "Gross Profit": 1,
        "Operating Income": -3,
        "EBIT": -1,
        "Net Income": -2
    },
    "2009-03-31": {
        "Diluted EPS": -0.94,
        "Total Revenue": 50,
        "Gross Profit": -21,
        "Operating Income": -25,
        "EBIT": -23,
        "Net Income": -16
    },
    "2023-09-30": {
        "Tax Effect Of Unusual Items": 0.0,
        "Tax Rate For Calcs": 0.224642,
        "Normalized EBITDA": 10745000.0,
        "Total Unusual Items": 0.0,
        "Total Unusual Items Excluding Goodwill": 0.0,
        "Net Income From Continuing Operation Net Minority Interest": 5626000.0,
        "Reconciled Depreciation": 3469000.0,
        "Reconciled Cost Of Revenue": 143541000.0,
        "EBITDA": 10745000.0,
        "EBIT": 7276000.0,
        "Net Interest Income": 1402000.0,
        "Interest Expense": 20000.0,
        "Interest Income": 1422000.0,
        "Normalized Income": 5626000.0,
        "Net Income From Continuing And Discontinued Operation": 5626000.0,
        "Total Expenses": 151670000.0,
        "Diluted Average Shares": NaN,
        "Basic Average Shares": NaN,
        "Diluted EPS": NaN,
        "Basic EPS": NaN,
        "Diluted NI Availto Com Stockholders": 5626000.0,
        "Net Income Common Stockholders": 5626000.0,
        "Net Income": 5626000.0,
        "Net Income Including Noncontrolling Interests": 5626000.0,
        "Net Income Continuous Operations": 5626000.0,
        "Tax Provision": 1630000.0,
        "Pretax Income": 7256000.0,
        "Other Income Expense": 0.0,
        "Other Non Operating Income Expenses": 0.0,
        "Special Income Charges": 0.0,
        "Restructuring And Mergern Acquisition": 0.0,
        "Net Non Operating Interest Income Expense": 1402000.0,
        "Interest Expense Non Operating": 20000.0,
        "Interest Income Non Operating": 1422000.0,
        "Operating Income": 5854000.0,
        "Operating Expense": 8129000.0,
        "Selling General And Administration": 8129000.0,
        "Gross Profit": 13983000.0,
        "Cost Of Revenue": 143541000.0,
        "Total Revenue": 157524000.0,
        "Operating Revenue": 157524000.0
    }
}