{
    "2023-03-31": {
        "Tax Effect Of Unusual Items": 0.0,
        "Tax Rate For Calcs": 0.0,
        "Normalized EBITDA": -2919000.0,
        "Net Income From Continuing Operation Net Minority Interest": -3031000.0,
        "EBITDA": -2919000.0,
        "EBIT": -2919000.0,
        "Net Interest Income": 256000.0,
        "Interest Expense": 112000.0,
        "Interest Income": 368000.0,
        "Normalized Income": -3031000.0,
        "Net Income From Continuing And Discontinued Operation": -3031000.0,
        "Total Expenses": 3287000.0,
        "Total Operating Income As Reported": -3287000.0,
        "Diluted Average Shares": 11700103.0,
        "Basic Average Shares": 11700103.0,
        "Diluted EPS": -0.259058,
        "Basic EPS": -0.259058,
        "Diluted NI Availto Com Stockholders": -3031000.0,
        "Net Income Common Stockholders": -3031000.0,
        "Net Income": -3031000.0,
        "Net Income Including Noncontrolling Interests": -3031000.0,
        "Net Income Continuous Operations": -3031000.0,
        "Pretax Income": -3031000.0,
        "Net Non Operating Interest Income Expense": 256000.0,
        "Interest Expense Non Operating": 112000.0,
        "Interest Income Non Operating": 368000.0,
        "Operating Income": -3287000.0,
        "Operating Expense": 3287000.0,
        "Research And Development": 2054000.0,
        "Selling General And Administration": 1233000.0,
        "Selling And Marketing Expense": 168000.0,
        "General And Administrative Expense": 1065000.0,
        "Other Gand A": 1065000.0,
        "Total Revenue": 0.0,
        "Operating Revenue": 0.0
    },
    "2022-12-31": {
        "Tax Effect Of Unusual Items": 0.0,
        "Tax Rate For Calcs": 0.0,
        "Normalized EBITDA": -2987000.0,
        "Net Income From Continuing Operation Net Minority Interest": -3128000.0,
        "EBITDA": -2987000.0,
        "EBIT": -2987000.0,
        "Net Interest Income": 29000.0,
        "Interest Expense": 141000.0,
        "Interest Income": 170000.0,
        "Normalized Income": -3128000.0,
        "Net Income From Continuing And Discontinued Operation": -3128000.0,
        "Total Expenses": 3157000.0,
        "Total Operating Income As Reported": -3157000.0,
        "Diluted Average Shares": 11338940.0,
        "Basic Average Shares": 11338940.0,
        "Diluted EPS": -0.275864,
        "Basic EPS": -0.275864,
        "Diluted NI Availto Com Stockholders": -3128000.0,
        "Net Income Common Stockholders": -3128000.0,
        "Net Income": -3128000.0,
        "Net Income Including Noncontrolling Interests": -3128000.0,
        "Net Income Continuous Operations": -3128000.0,
        "Pretax Income": -3128000.0,
        "Net Non Operating Interest Income Expense": 29000.0,
        "Interest Expense Non Operating": 141000.0,
        "Interest Income Non Operating": 170000.0,
        "Operating Income": -3157000.0,
        "Operating Expense": 3157000.0,
        "Research And Development": 1812000.0,
        "Selling General And Administration": 1345000.0,
        "Selling And Marketing Expense": 247000.0,
        "General And Administrative Expense": 1098000.0,
        "Other Gand A": 1098000.0,
        "Total Revenue": 0.0,
        "Operating Revenue": 0.0
    },
    "2022-09-30": {
        "Tax Effect Of Unusual Items": 0.0,
        "Tax Rate For Calcs": 0.0,
        "Normalized EBITDA": -3537000.0,
        "Net Income From Continuing Operation Net Minority Interest": -3672000.0,
        "EBITDA": -3537000.0,
        "EBIT": -3537000.0,
        "Net Interest Income": -66000.0,
        "Interest Expense": 135000.0,
        "Interest Income": 69000.0,
        "Normalized Income": -3672000.0,
        "Net Income From Continuing And Discontinued Operation": -3672000.0,
        "Total Expenses": 3606000.0,
        "Total Operating Income As Reported": -3606000.0,
        "Diluted Average Shares": 11079050.0,
        "Basic Average Shares": 11079050.0,
        "Diluted EPS": -0.331436,
        "Basic EPS": -0.331436,
        "Diluted NI Availto Com Stockholders": -3672000.0,
        "Net Income Common Stockholders": -3672000.0,
        "Net Income": -3672000.0,
        "Net Income Including Noncontrolling Interests": -3672000.0,
        "Net Income Continuous Operations": -3672000.0,
        "Pretax Income": -3672000.0,
        "Net Non Operating Interest Income Expense": -66000.0,
        "Interest Expense Non Operating": 135000.0,
        "Interest Income Non Operating": 69000.0,
        "Operating Income": -3606000.0,
        "Operating Expense": 3606000.0,
        "Research And Development": 1948000.0,
        "Selling General And Administration": 1658000.0,
        "Selling And Marketing Expense": 301000.0,
        "General And Administrative Expense": 1357000.0,
        "Other Gand A": 1357000.0,
        "Total Revenue": 0.0,
        "Operating Revenue": 0.0
    },
    "2022-06-30": {
        "Tax Effect Of Unusual Items": 0.0,
        "Tax Rate For Calcs": 0.0,
        "Normalized EBITDA": -4431000.0,
        "Net Income From Continuing Operation Net Minority Interest": -2093000.0,
        "EBITDA": -4431000.0,
        "EBIT": -4431000.0,
        "Net Interest Income": 2338000.0,
        "Interest Expense": 14000.0,
        "Interest Income": 2352000.0,
        "Normalized Income": -2093000.0,
        "Net Income From Continuing And Discontinued Operation": -2093000.0,
        "Total Expenses": 4431000.0,
        "Total Operating Income As Reported": -4431000.0,
        "Diluted Average Shares": 10650543.0,
        "Basic Average Shares": 10650543.0,
        "Diluted EPS": -0.196516,
        "Basic EPS": -0.196516,
        "Diluted NI Availto Com Stockholders": -2093000.0,
        "Net Income Common Stockholders": -2093000.0,
        "Net Income": -2093000.0,
        "Net Income Including Noncontrolling Interests": -2093000.0,
        "Net Income Continuous Operations": -2093000.0,
        "Pretax Income": -2093000.0,
        "Net Non Operating Interest Income Expense": 2338000.0,
        "Total Other Finance Cost": -2338000.0,
        "Interest Expense Non Operating": 14000.0,
        "Interest Income Non Operating": 2352000.0,
        "Operating Income": -4431000.0,
        "Operating Expense": 4431000.0,
        "Research And Development": 2734000.0,
        "Selling General And Administration": 1697000.0,
        "Selling And Marketing Expense": 305000.0,
        "General And Administrative Expense": 1392000.0,
        "Other Gand A": 1392000.0,
        "Total Revenue": 0.0,
        "Operating Revenue": 0.0
    },
    "2022-03-31": {
        "Diluted EPS": 0.0,
        "Total Revenue": NaN,
        "Gross Profit": NaN,
        "Operating Income": -4,
        "EBIT": -4,
        "Net Income": -1
    },
    "2021-12-31": {
        "Diluted EPS": 0.0,
        "Total Revenue": NaN,
        "Gross Profit": NaN,
        "Operating Income": -8,
        "EBIT": -8,
        "Net Income": -11
    },
    "2021-09-30": {
        "Diluted EPS": 0.0,
        "Total Revenue": NaN,
        "Gross Profit": NaN,
        "Operating Income": -3,
        "EBIT": -3,
        "Net Income": 2
    },
    "2021-06-30": {
        "Diluted EPS": 0.0,
        "Total Revenue": NaN,
        "Gross Profit": NaN,
        "Operating Income": NaN,
        "Net Income": NaN
    },
    "2021-03-31": {
        "Diluted EPS": 0.0,
        "Total Revenue": NaN,
        "Gross Profit": NaN,
        "Operating Income": -2,
        "EBIT": -2,
        "Net Income": -7
    },
    "2020-12-31": {
        "Diluted EPS": 0.0,
        "Total Revenue": NaN,
        "Gross Profit": NaN,
        "Operating Income": NaN,
        "EBIT": NaN,
        "Net Income": NaN
    },
    "2020-09-30": {
        "Diluted EPS": 0.0,
        "Total Revenue": NaN,
        "Gross Profit": NaN,
        "Operating Income": -2,
        "EBIT": -2,
        "Net Income": 0
    },
    "2019-12-31": {
        "Diluted EPS": 0.0,
        "Total Revenue": NaN,
        "Gross Profit": NaN,
        "Operating Income": NaN,
        "EBIT": NaN,
        "Net Income": NaN
    },
    "2023-06-30": {
        "Tax Effect Of Unusual Items": 0.0,
        "Tax Rate For Calcs": 0.0,
        "Normalized EBITDA": -2764000.0,
        "Net Income From Continuing Operation Net Minority Interest": -2824000.0,
        "EBITDA": -2764000.0,
        "EBIT": -2764000.0,
        "Net Interest Income": 224000.0,
        "Interest Expense": 60000.0,
        "Interest Income": 284000.0,
        "Normalized Income": -2824000.0,
        "Net Income From Continuing And Discontinued Operation": -2824000.0,
        "Total Expenses": 3048000.0,
        "Total Operating Income As Reported": -3048000.0,
        "Diluted Average Shares": 11700103.0,
        "Basic Average Shares": 11700103.0,
        "Diluted EPS": -0.241365,
        "Basic EPS": -0.241365,
        "Diluted NI Availto Com Stockholders": -2824000.0,
        "Net Income Common Stockholders": -2824000.0,
        "Net Income": -2824000.0,
        "Net Income Including Noncontrolling Interests": -2824000.0,
        "Net Income Continuous Operations": -2824000.0,
        "Pretax Income": -2824000.0,
        "Net Non Operating Interest Income Expense": 224000.0,
        "Interest Expense Non Operating": 60000.0,
        "Interest Income Non Operating": 284000.0,
        "Operating Income": -3048000.0,
        "Operating Expense": 3048000.0,
        "Research And Development": 1776000.0,
        "Selling General And Administration": 1272000.0,
        "Selling And Marketing Expense": 233000.0,
        "General And Administrative Expense": 1039000.0,
        "Other Gand A": 1039000.0,
        "Total Revenue": 0.0,
        "Operating Revenue": 0.0
    }
}