{
    "2022-12-31": {
        "Diluted EPS": 0.0,
        "Total Revenue": NaN,
        "Gross Profit": NaN,
        "Operating Income": NaN,
        "EBIT": NaN,
        "Net Income": NaN
    },
    "2022-06-30": {
        "Diluted EPS": 0.0,
        "Total Revenue": NaN,
        "Gross Profit": NaN,
        "Operating Income": NaN,
        "Net Income": NaN
    },
    "2021-12-31": {
        "Diluted EPS": 0.0,
        "Total Revenue": NaN,
        "Gross Profit": NaN,
        "Operating Income": NaN,
        "EBIT": NaN,
        "Net Income": NaN
    },
    "2021-06-30": {
        "Diluted EPS": 0.0,
        "Total Revenue": NaN,
        "Gross Profit": NaN,
        "Operating Income": NaN,
        "EBIT": NaN,
        "Net Income": NaN
    },
    "2020-12-31": {
        "Diluted EPS": 0.0,
        "Total Revenue": NaN,
        "Gross Profit": NaN,
        "Operating Income": NaN,
        "EBIT": NaN,
        "Net Income": NaN
    },
    "2019-12-31": {
        "Diluted EPS": -17.05,
        "Total Revenue": 0,
        "Gross Profit": 0,
        "Operating Income": 0,
        "EBIT": 0,
        "Net Income": -59
    },
    "2024-06-30": {
        "Tax Effect Of Unusual Items": 0.0,
        "Tax Rate For Calcs": 0.0,
        "Normalized EBITDA": -15008000.0,
        "Net Income From Continuing Operation Net Minority Interest": -6810000.0,
        "EBITDA": -15008000.0,
        "EBIT": -15008000.0,
        "Net Interest Income": 1921000.0,
        "Interest Income": 1921000.0,
        "Normalized Income": -6810000.0,
        "Net Income From Continuing And Discontinued Operation": 25126000.0,
        "Total Expenses": 15008000.0,
        "Total Operating Income As Reported": -15008000.0,
        "Diluted Average Shares": 80931994.0,
        "Basic Average Shares": 80931994.0,
        "Diluted EPS": 0.299,
        "Basic EPS": 0.299,
        "Diluted NI Availto Com Stockholders": 25126000.0,
        "Net Income Common Stockholders": 25126000.0,
        "Net Income": 25126000.0,
        "Net Income Including Noncontrolling Interests": 25126000.0,
        "Net Income Discontinuous Operations": 31936000.0,
        "Net Income Continuous Operations": -6810000.0,
        "Tax Provision": 0.0,
        "Pretax Income": -6810000.0,
        "Other Income Expense": 6277000.0,
        "Other Non Operating Income Expenses": 6277000.0,
        "Earnings From Equity Interest": 0.0,
        "Net Non Operating Interest Income Expense": 1921000.0,
        "Interest Income Non Operating": 1921000.0,
        "Operating Income": -15008000.0,
        "Operating Expense": 15008000.0,
        "Research And Development": 3137000.0,
        "Selling General And Administration": 11871000.0,
        "General And Administrative Expense": 11871000.0,
        "Other Gand A": 11871000.0,
        "Total Revenue": 0.0,
        "Operating Revenue": 0.0
    },
    "2023-06-30": {
        "Tax Effect Of Unusual Items": 0.0,
        "Tax Rate For Calcs": 0.0,
        "Normalized EBITDA": -12050000.0,
        "Net Income From Continuing Operation Net Minority Interest": -27558000.0,
        "EBITDA": -12050000.0,
        "EBIT": -12050000.0,
        "Net Interest Income": 2889000.0,
        "Interest Income": 2889000.0,
        "Normalized Income": -27558000.0,
        "Net Income From Continuing And Discontinued Operation": -61466000.0,
        "Total Expenses": 12209000.0,
        "Total Operating Income As Reported": -12050000.0,
        "Diluted Average Shares": 83064953.0,
        "Basic Average Shares": 83064953.0,
        "Diluted EPS": -0.736,
        "Basic EPS": -0.736,
        "Diluted NI Availto Com Stockholders": -61466000.0,
        "Net Income Common Stockholders": -61466000.0,
        "Net Income": -61466000.0,
        "Net Income Including Noncontrolling Interests": -61466000.0,
        "Net Income Discontinuous Operations": -33908000.0,
        "Net Income Continuous Operations": -27558000.0,
        "Tax Provision": 0.0,
        "Pretax Income": -27558000.0,
        "Other Income Expense": -18397000.0,
        "Other Non Operating Income Expenses": -16411000.0,
        "Earnings From Equity Interest": -1986000.0,
        "Net Non Operating Interest Income Expense": 2889000.0,
        "Interest Income Non Operating": 2889000.0,
        "Operating Income": -12050000.0,
        "Operating Expense": 12209000.0,
        "Research And Development": 4289000.0,
        "Selling General And Administration": 7920000.0,
        "General And Administrative Expense": 7920000.0,
        "Other Gand A": 7920000.0,
        "Total Revenue": 159000.0,
        "Operating Revenue": 159000.0
    },
    "2024-09-30": {
        "Tax Effect Of Unusual Items": 0.0,
        "Tax Rate For Calcs": 0.0,
        "Normalized EBITDA": -12412000.0,
        "Net Income From Continuing Operation Net Minority Interest": -20491000.0,
        "EBITDA": -12412000.0,
        "EBIT": -12412000.0,
        "Net Interest Income": 2449000.0,
        "Interest Income": 2449000.0,
        "Normalized Income": -20491000.0,
        "Net Income From Continuing And Discontinued Operation": -20491000.0,
        "Total Expenses": 12412000.0,
        "Total Operating Income As Reported": -12412000.0,
        "Diluted Average Shares": 81495843.0,
        "Basic Average Shares": 81495843.0,
        "Diluted EPS": -0.253,
        "Basic EPS": -0.253,
        "Diluted NI Availto Com Stockholders": -20491000.0,
        "Net Income Common Stockholders": -20491000.0,
        "Net Income": -20491000.0,
        "Net Income Including Noncontrolling Interests": -20491000.0,
        "Net Income Discontinuous Operations": 0.0,
        "Net Income Continuous Operations": -20491000.0,
        "Tax Provision": 0.0,
        "Pretax Income": -20491000.0,
        "Other Income Expense": -10528000.0,
        "Other Non Operating Income Expenses": -10528000.0,
        "Earnings From Equity Interest": 0.0,
        "Net Non Operating Interest Income Expense": 2449000.0,
        "Interest Income Non Operating": 2449000.0,
        "Operating Income": -12412000.0,
        "Operating Expense": 12412000.0,
        "Research And Development": 4475000.0,
        "Selling General And Administration": 7937000.0,
        "General And Administrative Expense": 7937000.0,
        "Other Gand A": 7937000.0,
        "Total Revenue": 0.0,
        "Operating Revenue": 0.0
    },
    "2023-12-31": {
        "Tax Effect Of Unusual Items": 0.0,
        "Tax Rate For Calcs": 0.0,
        "Normalized EBITDA": -174111914.284908,
        "Net Income From Continuing Operation Net Minority Interest": -161460767.965466,
        "EBITDA": -174111914.284908,
        "EBIT": -174111914.284908,
        "Net Interest Income": 209459.498349,
        "Interest Income": 311313.178907,
        "Normalized Income": -161460767.965466,
        "Net Income From Continuing And Discontinued Operation": -66938767.965466,
        "Total Expenses": 143121796.03871,
        "Total Operating Income As Reported": -164747723.894704,
        "Diluted Average Shares": NaN,
        "Basic Average Shares": NaN,
        "Diluted EPS": NaN,
        "Basic EPS": NaN,
        "Diluted NI Availto Com Stockholders": -66938767.965466,
        "Net Income Common Stockholders": -66938767.965466,
        "Net Income": -66938767.965466,
        "Net Income Including Noncontrolling Interests": -66938767.965466,
        "Net Income Discontinuous Operations": NaN,
        "Net Income Continuous Operations": -161460767.965466,
        "Tax Provision": 0.0,
        "Pretax Income": -161460767.965466,
        "Other Income Expense": -21821214.174872,
        "Other Non Operating Income Expenses": 8820421.12688,
        "Earnings From Equity Interest": -648406.737579,
        "Net Non Operating Interest Income Expense": 209459.498349,
        "Interest Income Non Operating": 311313.178907,
        "Operating Income": -139849013.288943,
        "Operating Expense": 143121796.03871,
        "Research And Development": 101073111.813334,
        "Selling General And Administration": 44012823.829811,
        "General And Administrative Expense": 44012823.829811,
        "Other Gand A": 44012823.829811,
        "Total Revenue": 3272782.749767,
        "Operating Revenue": 3272782.749767
    },
    "2023-09-30": {
        "Tax Effect Of Unusual Items": 0.0,
        "Tax Rate For Calcs": 0.0,
        "Normalized EBITDA": -10634000.0,
        "Net Income From Continuing Operation Net Minority Interest": -8221000.0,
        "EBITDA": -10634000.0,
        "EBIT": -10634000.0,
        "Net Interest Income": 2483000.0,
        "Interest Income": 2483000.0,
        "Normalized Income": -8221000.0,
        "Net Income From Continuing And Discontinued Operation": -33256000.0,
        "Total Expenses": 10949000.0,
        "Total Operating Income As Reported": -10634000.0,
        "Diluted Average Shares": 83879420.0,
        "Basic Average Shares": 83879420.0,
        "Diluted EPS": -0.391,
        "Basic EPS": -0.391,
        "Diluted NI Availto Com Stockholders": -33256000.0,
        "Net Income Common Stockholders": -33256000.0,
        "Net Income": -33256000.0,
        "Net Income Including Noncontrolling Interests": -33256000.0,
        "Net Income Discontinuous Operations": -25035000.0,
        "Net Income Continuous Operations": -8221000.0,
        "Tax Provision": 0.0,
        "Pretax Income": -8221000.0,
        "Other Income Expense": -70000.0,
        "Other Non Operating Income Expenses": 2379000.0,
        "Earnings From Equity Interest": -2449000.0,
        "Net Non Operating Interest Income Expense": 2483000.0,
        "Interest Income Non Operating": 2483000.0,
        "Operating Income": -10634000.0,
        "Operating Expense": 10949000.0,
        "Research And Development": 5088000.0,
        "Selling General And Administration": 5861000.0,
        "General And Administrative Expense": 5861000.0,
        "Other Gand A": 5861000.0,
        "Total Revenue": 315000.0,
        "Operating Revenue": 315000.0
    }
}