{
    "2023-03-31": {
        "Tax Effect Of Unusual Items": NaN,
        "Tax Rate For Calcs": NaN,
        "Normalized EBITDA": NaN,
        "Total Unusual Items": NaN,
        "Total Unusual Items Excluding Goodwill": NaN,
        "Net Income From Continuing Operation Net Minority Interest": NaN,
        "Reconciled Depreciation": NaN,
        "Reconciled Cost Of Revenue": NaN,
        "EBITDA": NaN,
        "EBIT": NaN,
        "Net Interest Income": NaN,
        "Interest Expense": NaN,
        "Normalized Income": NaN,
        "Net Income From Continuing And Discontinued Operation": NaN,
        "Total Expenses": NaN,
        "Total Operating Income As Reported": NaN,
        "Diluted Average Shares": NaN,
        "Basic Average Shares": NaN,
        "Diluted EPS": NaN,
        "Basic EPS": NaN,
        "Diluted NI Availto Com Stockholders": NaN,
        "Net Income Common Stockholders": NaN,
        "Net Income": NaN,
        "Net Income Including Noncontrolling Interests": NaN,
        "Net Income Continuous Operations": NaN,
        "Tax Provision": NaN,
        "Pretax Income": NaN,
        "Other Income Expense": NaN,
        "Other Non Operating Income Expenses": NaN,
        "Special Income Charges": NaN,
        "Gain On Sale Of Ppe": NaN,
        "Net Non Operating Interest Income Expense": NaN,
        "Interest Expense Non Operating": NaN,
        "Operating Income": NaN,
        "Operating Expense": NaN,
        "Other Operating Expenses": 268890164.0,
        "Selling General And Administration": 268890164.0,
        "General And Administrative Expense": 268890164.0,
        "Other Gand A": 268890164.0,
        "Gross Profit": NaN,
        "Cost Of Revenue": NaN,
        "Total Revenue": NaN,
        "Operating Revenue": NaN
    },
    "2022-12-31": {
        "Tax Effect Of Unusual Items": NaN,
        "Tax Rate For Calcs": NaN,
        "Normalized EBITDA": NaN,
        "Total Unusual Items": NaN,
        "Total Unusual Items Excluding Goodwill": NaN,
        "Net Income From Continuing Operation Net Minority Interest": NaN,
        "Reconciled Depreciation": NaN,
        "Reconciled Cost Of Revenue": NaN,
        "EBITDA": NaN,
        "EBIT": NaN,
        "Net Interest Income": NaN,
        "Interest Expense": NaN,
        "Normalized Income": NaN,
        "Net Income From Continuing And Discontinued Operation": NaN,
        "Total Expenses": NaN,
        "Total Operating Income As Reported": NaN,
        "Diluted Average Shares": NaN,
        "Basic Average Shares": NaN,
        "Diluted EPS": NaN,
        "Basic EPS": NaN,
        "Diluted NI Availto Com Stockholders": NaN,
        "Net Income Common Stockholders": NaN,
        "Net Income": NaN,
        "Net Income Including Noncontrolling Interests": NaN,
        "Net Income Continuous Operations": NaN,
        "Tax Provision": NaN,
        "Pretax Income": NaN,
        "Other Income Expense": NaN,
        "Other Non Operating Income Expenses": NaN,
        "Special Income Charges": NaN,
        "Gain On Sale Of Ppe": NaN,
        "Net Non Operating Interest Income Expense": NaN,
        "Interest Expense Non Operating": NaN,
        "Operating Income": NaN,
        "Operating Expense": NaN,
        "Other Operating Expenses": NaN,
        "Selling General And Administration": 276179258.0,
        "General And Administrative Expense": 276179258.0,
        "Other Gand A": 276179258.0,
        "Gross Profit": NaN,
        "Cost Of Revenue": NaN,
        "Total Revenue": NaN,
        "Operating Revenue": NaN
    },
    "2022-09-30": {
        "Tax Effect Of Unusual Items": NaN,
        "Tax Rate For Calcs": NaN,
        "Normalized EBITDA": NaN,
        "Total Unusual Items": NaN,
        "Total Unusual Items Excluding Goodwill": NaN,
        "Net Income From Continuing Operation Net Minority Interest": NaN,
        "Reconciled Depreciation": NaN,
        "Reconciled Cost Of Revenue": NaN,
        "EBITDA": NaN,
        "EBIT": NaN,
        "Net Interest Income": NaN,
        "Interest Expense": NaN,
        "Normalized Income": NaN,
        "Net Income From Continuing And Discontinued Operation": NaN,
        "Total Expenses": NaN,
        "Total Operating Income As Reported": NaN,
        "Diluted Average Shares": NaN,
        "Basic Average Shares": NaN,
        "Diluted EPS": NaN,
        "Basic EPS": NaN,
        "Diluted NI Availto Com Stockholders": NaN,
        "Net Income Common Stockholders": NaN,
        "Net Income": NaN,
        "Net Income Including Noncontrolling Interests": NaN,
        "Net Income Continuous Operations": NaN,
        "Tax Provision": NaN,
        "Pretax Income": NaN,
        "Other Income Expense": NaN,
        "Other Non Operating Income Expenses": NaN,
        "Special Income Charges": NaN,
        "Gain On Sale Of Ppe": NaN,
        "Net Non Operating Interest Income Expense": NaN,
        "Interest Expense Non Operating": NaN,
        "Operating Income": NaN,
        "Operating Expense": NaN,
        "Other Operating Expenses": NaN,
        "Selling General And Administration": 268026663.0,
        "General And Administrative Expense": 268026663.0,
        "Other Gand A": 268026663.0,
        "Gross Profit": NaN,
        "Cost Of Revenue": NaN,
        "Total Revenue": NaN,
        "Operating Revenue": NaN
    },
    "2022-06-30": {
        "Tax Effect Of Unusual Items": 6780.286453,
        "Tax Rate For Calcs": 0.251122,
        "Normalized EBITDA": 95745000.0,
        "Total Unusual Items": 27000.0,
        "Total Unusual Items Excluding Goodwill": 27000.0,
        "Net Income From Continuing Operation Net Minority Interest": 67763000.0,
        "Reconciled Depreciation": 29258827.0,
        "Reconciled Cost Of Revenue": 1106288000.0,
        "EBITDA": 95772000.0,
        "EBIT": 95772000.0,
        "Net Interest Income": -5286000.0,
        "Interest Expense": 5286000.0,
        "Normalized Income": 67742780.286453,
        "Net Income From Continuing And Discontinued Operation": 67763000.0,
        "Total Expenses": 1363631000.0,
        "Rent Expense Supplemental": NaN,
        "Total Operating Income As Reported": 94563000.0,
        "Diluted Average Shares": 18994376.0,
        "Basic Average Shares": 18994376.0,
        "Diluted EPS": 3.57,
        "Basic EPS": 3.65,
        "Diluted NI Availto Com Stockholders": 67763000.0,
        "Net Income Common Stockholders": 67763000.0,
        "Net Income": 67763000.0,
        "Net Income Including Noncontrolling Interests": 67763000.0,
        "Net Income Continuous Operations": 67763000.0,
        "Tax Provision": 22723000.0,
        "Pretax Income": 90486000.0,
        "Other Income Expense": 1236000.0,
        "Other Non Operating Income Expenses": 1209000.0,
        "Special Income Charges": 27000.0,
        "Gain On Sale Of Ppe": 27000.0,
        "Net Non Operating Interest Income Expense": -5286000.0,
        "Interest Expense Non Operating": 5286000.0,
        "Operating Income": 94536000.0,
        "Operating Expense": 257343000.0,
        "Other Operating Expenses": NaN,
        "Selling General And Administration": 257343000.0,
        "General And Administrative Expense": 257343000.0,
        "Other Gand A": 257343000.0,
        "Gross Profit": 351879000.0,
        "Cost Of Revenue": 1106288000.0,
        "Total Revenue": 1458167000.0,
        "Operating Revenue": 1458167000.0
    },
    "2023-06-30": {
        "Tax Effect Of Unusual Items": NaN,
        "Tax Rate For Calcs": NaN,
        "Normalized EBITDA": NaN,
        "Total Unusual Items": NaN,
        "Total Unusual Items Excluding Goodwill": NaN,
        "Net Income From Continuing Operation Net Minority Interest": NaN,
        "Reconciled Depreciation": NaN,
        "Reconciled Cost Of Revenue": NaN,
        "EBITDA": NaN,
        "EBIT": NaN,
        "Net Interest Income": NaN,
        "Interest Expense": NaN,
        "Normalized Income": NaN,
        "Net Income From Continuing And Discontinued Operation": NaN,
        "Total Expenses": NaN,
        "Total Operating Income As Reported": NaN,
        "Diluted Average Shares": 18994376.0,
        "Basic Average Shares": 18994376.0,
        "Diluted EPS": 2.54,
        "Basic EPS": 2.6,
        "Diluted NI Availto Com Stockholders": NaN,
        "Net Income Common Stockholders": NaN,
        "Net Income": NaN,
        "Net Income Including Noncontrolling Interests": NaN,
        "Net Income Continuous Operations": NaN,
        "Tax Provision": NaN,
        "Pretax Income": NaN,
        "Other Income Expense": NaN,
        "Other Non Operating Income Expenses": NaN,
        "Special Income Charges": NaN,
        "Gain On Sale Of Ppe": NaN,
        "Net Non Operating Interest Income Expense": NaN,
        "Interest Expense Non Operating": NaN,
        "Operating Income": NaN,
        "Operating Expense": NaN,
        "Other Operating Expenses": NaN,
        "Selling General And Administration": NaN,
        "General And Administrative Expense": NaN,
        "Other Gand A": NaN,
        "Gross Profit": NaN,
        "Cost Of Revenue": NaN,
        "Total Revenue": NaN,
        "Operating Revenue": NaN
    },
    "2022-03-31": {
        "Diluted EPS": 2.9,
        "Total Revenue": NaN,
        "Gross Profit": 349,
        "Operating Income": 95,
        "EBIT": 125,
        "Net Income": 69
    },
    "2021-12-31": {
        "Diluted EPS": 2.79,
        "Total Revenue": NaN,
        "Gross Profit": 351,
        "Operating Income": 90,
        "EBIT": 120,
        "Net Income": 66
    },
    "2021-09-30": {
        "Diluted EPS": 2.93,
        "Total Revenue": NaN,
        "Gross Profit": 341,
        "Operating Income": 99,
        "EBIT": 125,
        "Net Income": 72
    },
    "2021-06-30": {
        "Diluted EPS": 3.03,
        "Total Revenue": NaN,
        "Gross Profit": 337,
        "Operating Income": 101,
        "EBIT": 131,
        "Net Income": 72
    },
    "2021-03-31": {
        "Diluted EPS": 1.99,
        "Total Revenue": NaN,
        "Gross Profit": 311,
        "Operating Income": 74,
        "EBIT": 105,
        "Net Income": 52
    },
    "2020-12-31": {
        "Diluted EPS": 2.05,
        "Total Revenue": NaN,
        "Gross Profit": 314,
        "Operating Income": 76,
        "EBIT": 106,
        "Net Income": 54
    },
    "2020-09-30": {
        "Diluted EPS": 2.2,
        "Total Revenue": NaN,
        "Gross Profit": 324,
        "Operating Income": 88,
        "EBIT": 118,
        "Net Income": 58
    },
    "2020-06-30": {
        "Diluted EPS": 2.38,
        "Total Revenue": NaN,
        "Gross Profit": 325,
        "Operating Income": 91,
        "EBIT": 120,
        "Net Income": 63
    },
    "2020-03-31": {
        "Diluted EPS": 1.53,
        "Total Revenue": NaN,
        "Gross Profit": 292,
        "Operating Income": 63,
        "EBIT": 92,
        "Net Income": 40
    },
    "2019-12-31": {
        "Diluted EPS": 0.67,
        "Total Revenue": NaN,
        "Gross Profit": 257,
        "Operating Income": 38,
        "EBIT": 67,
        "Net Income": 18
    },
    "2019-09-30": {
        "Diluted EPS": 0.8,
        "Total Revenue": NaN,
        "Gross Profit": 260,
        "Operating Income": 39,
        "EBIT": 68,
        "Net Income": 21
    },
    "2019-06-30": {
        "Diluted EPS": 0.89,
        "Total Revenue": NaN,
        "Gross Profit": 259,
        "Operating Income": 43,
        "EBIT": 71,
        "Net Income": 24
    },
    "2019-03-31": {
        "Diluted EPS": 0.57,
        "Total Revenue": NaN,
        "Gross Profit": 244,
        "Operating Income": 31,
        "EBIT": 59,
        "Net Income": 15
    },
    "2018-12-31": {
        "Diluted EPS": 0.84,
        "Total Revenue": NaN,
        "Gross Profit": 258,
        "Operating Income": 39,
        "EBIT": 67,
        "Net Income": 22
    },
    "2018-09-30": {
        "Diluted EPS": 0.7,
        "Total Revenue": NaN,
        "Gross Profit": 256,
        "Operating Income": 36,
        "EBIT": 64,
        "Net Income": 18
    },
    "2018-06-30": {
        "Diluted EPS": 0.93,
        "Total Revenue": NaN,
        "Gross Profit": 244,
        "Operating Income": 30,
        "EBIT": 58,
        "Net Income": 24
    },
    "2018-03-31": {
        "Diluted EPS": 0.35,
        "Total Revenue": 985,
        "Gross Profit": 235,
        "Operating Income": 24,
        "EBIT": 52,
        "Net Income": 9
    },
    "2017-12-31": {
        "Diluted EPS": 1.71,
        "Total Revenue": NaN,
        "Gross Profit": 245,
        "Operating Income": 36,
        "EBIT": 64,
        "Net Income": 45
    },
    "2017-09-30": {
        "Diluted EPS": 0.72,
        "Total Revenue": NaN,
        "Gross Profit": 261,
        "Operating Income": 41,
        "EBIT": 69,
        "Net Income": 19
    },
    "2017-06-30": {
        "Diluted EPS": 0.44,
        "Total Revenue": 984,
        "Gross Profit": 237,
        "Operating Income": 30,
        "EBIT": 57,
        "Net Income": 12
    },
    "2017-03-31": {
        "Diluted EPS": 0.35,
        "Total Revenue": 946,
        "Gross Profit": 228,
        "Operating Income": 25,
        "EBIT": 53,
        "Net Income": 9
    },
    "2016-12-31": {
        "Diluted EPS": 0.52,
        "Total Revenue": 983,
        "Gross Profit": 237,
        "Operating Income": 32,
        "EBIT": 59,
        "Net Income": 14
    },
    "2016-09-30": {
        "Diluted EPS": 0.53,
        "Total Revenue": 962,
        "Gross Profit": 237,
        "Operating Income": 32,
        "EBIT": 59,
        "Net Income": 14
    },
    "2016-06-30": {
        "Diluted EPS": 0.48,
        "Total Revenue": 957,
        "Gross Profit": 233,
        "Operating Income": 32,
        "EBIT": 59,
        "Net Income": 13
    },
    "2016-03-31": {
        "Diluted EPS": 0.54,
        "Total Revenue": 924,
        "Gross Profit": 229,
        "Operating Income": 33,
        "EBIT": 60,
        "Net Income": 14
    },
    "2015-12-31": {
        "Diluted EPS": 0.49,
        "Total Revenue": 951,
        "Gross Profit": 226,
        "Operating Income": 32,
        "EBIT": 58,
        "Net Income": 13
    },
    "2015-09-30": {
        "Diluted EPS": 0.6,
        "Total Revenue": 953,
        "Gross Profit": 228,
        "Operating Income": 37,
        "EBIT": 63,
        "Net Income": 16
    },
    "2015-06-30": {
        "Diluted EPS": 0.52,
        "Total Revenue": 946,
        "Gross Profit": 222,
        "Operating Income": 31,
        "EBIT": 57,
        "Net Income": 14
    },
    "2015-03-31": {
        "Diluted EPS": 0.53,
        "Total Revenue": 915,
        "Gross Profit": 219,
        "Operating Income": 34,
        "EBIT": 59,
        "Net Income": 14
    },
    "2014-12-31": {
        "Diluted EPS": 0.56,
        "Total Revenue": 964,
        "Gross Profit": 224,
        "Operating Income": 38,
        "EBIT": 63,
        "Net Income": 15
    },
    "2014-09-30": {
        "Diluted EPS": 0.56,
        "Total Revenue": 965,
        "Gross Profit": 220,
        "Operating Income": 36,
        "EBIT": 61,
        "Net Income": 18
    },
    "2014-06-30": {
        "Diluted EPS": 0.43,
        "Total Revenue": 978,
        "Gross Profit": 215,
        "Operating Income": 33,
        "EBIT": 58,
        "Net Income": 14
    },
    "2014-03-31": {
        "Diluted EPS": 0.33,
        "Total Revenue": 948,
        "Gross Profit": 206,
        "Operating Income": 28,
        "EBIT": 52,
        "Net Income": 10
    },
    "2013-12-31": {
        "Diluted EPS": 0.3,
        "Total Revenue": 945,
        "Gross Profit": 204,
        "Operating Income": 26,
        "EBIT": 50,
        "Net Income": 10
    },
    "2013-09-30": {
        "Diluted EPS": 0.64,
        "Total Revenue": 949,
        "Gross Profit": 210,
        "Operating Income": 31,
        "EBIT": 55,
        "Net Income": 16
    },
    "2013-06-30": {
        "Diluted EPS": -0.6,
        "Total Revenue": 934,
        "Gross Profit": 211,
        "Operating Income": 33,
        "EBIT": 57,
        "Net Income": -14
    },
    "2013-03-31": {
        "Diluted EPS": 0.23,
        "Total Revenue": 921,
        "Gross Profit": 199,
        "Operating Income": 28,
        "EBIT": 51,
        "Net Income": 8
    },
    "2012-12-31": {
        "Diluted EPS": 0.33,
        "Total Revenue": 935,
        "Gross Profit": 208,
        "Operating Income": 33,
        "EBIT": 57,
        "Net Income": 12
    },
    "2012-09-30": {
        "Diluted EPS": 0.37,
        "Total Revenue": NaN,
        "Gross Profit": 221,
        "Operating Income": 35,
        "EBIT": 59,
        "Net Income": 13
    },
    "2012-06-30": {
        "Diluted EPS": 0.37,
        "Total Revenue": 918,
        "Gross Profit": 206,
        "Operating Income": 35,
        "EBIT": 58,
        "Net Income": 13
    },
    "2012-03-31": {
        "Diluted EPS": 0.18,
        "Total Revenue": 882,
        "Gross Profit": 192,
        "Operating Income": 24,
        "EBIT": 46,
        "Net Income": 7
    },
    "2011-12-31": {
        "Diluted EPS": 0.3,
        "Total Revenue": 918,
        "Gross Profit": 202,
        "Operating Income": 30,
        "EBIT": 52,
        "Net Income": 11
    },
    "2011-09-30": {
        "Diluted EPS": 0.32,
        "Total Revenue": 915,
        "Gross Profit": 204,
        "Operating Income": 31,
        "EBIT": 52,
        "Net Income": 11
    },
    "2011-06-30": {
        "Diluted EPS": 0.35,
        "Total Revenue": 911,
        "Gross Profit": 201,
        "Operating Income": 35,
        "EBIT": 56,
        "Net Income": 13
    },
    "2011-03-31": {
        "Diluted EPS": 0.21,
        "Total Revenue": 870,
        "Gross Profit": 195,
        "Operating Income": 27,
        "EBIT": 48,
        "Net Income": 8
    },
    "2010-12-31": {
        "Diluted EPS": 0.21,
        "Total Revenue": 873,
        "Gross Profit": 193,
        "Operating Income": 27,
        "EBIT": 47,
        "Net Income": 8
    },
    "2010-09-30": {
        "Diluted EPS": 0.21,
        "Total Revenue": 856,
        "Gross Profit": 195,
        "Operating Income": 28,
        "EBIT": 49,
        "Net Income": 8
    },
    "2010-06-30": {
        "Diluted EPS": 0.32,
        "Total Revenue": 856,
        "Gross Profit": 197,
        "Operating Income": 33,
        "EBIT": 53,
        "Net Income": 11
    },
    "2010-03-31": {
        "Diluted EPS": 0.15,
        "Total Revenue": 837,
        "Gross Profit": 186,
        "Operating Income": 24,
        "EBIT": 46,
        "Net Income": 6
    },
    "2009-12-31": {
        "Diluted EPS": 0.17,
        "Total Revenue": 841,
        "Gross Profit": 185,
        "Operating Income": 25,
        "EBIT": 46,
        "Net Income": 6
    },
    "2009-09-30": {
        "Diluted EPS": 0.12,
        "Total Revenue": 830,
        "Gross Profit": 185,
        "Operating Income": 23,
        "EBIT": 43,
        "Net Income": 4
    },
    "2009-06-30": {
        "Diluted EPS": 0.13,
        "Total Revenue": 827,
        "Gross Profit": 192,
        "Operating Income": 34,
        "EBIT": 54,
        "Net Income": 5
    },
    "2009-03-31": {
        "Diluted EPS": 0.21,
        "Total Revenue": 789,
        "Gross Profit": 181,
        "Operating Income": 25,
        "EBIT": 45,
        "Net Income": 8
    },
    "2023-09-30": {
        "Tax Effect Of Unusual Items": NaN,
        "Tax Rate For Calcs": NaN,
        "Normalized EBITDA": NaN,
        "Total Unusual Items": NaN,
        "Total Unusual Items Excluding Goodwill": NaN,
        "Net Income From Continuing Operation Net Minority Interest": NaN,
        "Reconciled Depreciation": NaN,
        "Reconciled Cost Of Revenue": NaN,
        "EBITDA": NaN,
        "EBIT": NaN,
        "Net Interest Income": NaN,
        "Interest Expense": NaN,
        "Normalized Income": NaN,
        "Net Income From Continuing And Discontinued Operation": NaN,
        "Total Expenses": NaN,
        "Total Operating Income As Reported": NaN,
        "Diluted Average Shares": 19003971.0,
        "Basic Average Shares": 18601060.0,
        "Diluted EPS": 2.77,
        "Basic EPS": 2.83,
        "Diluted NI Availto Com Stockholders": NaN,
        "Net Income Common Stockholders": NaN,
        "Net Income": NaN,
        "Net Income Including Noncontrolling Interests": NaN,
        "Net Income Continuous Operations": NaN,
        "Tax Provision": NaN,
        "Pretax Income": NaN,
        "Other Income Expense": NaN,
        "Other Non Operating Income Expenses": NaN,
        "Special Income Charges": NaN,
        "Gain On Sale Of Ppe": NaN,
        "Net Non Operating Interest Income Expense": NaN,
        "Interest Expense Non Operating": NaN,
        "Operating Income": NaN,
        "Operating Expense": NaN,
        "Other Operating Expenses": NaN,
        "Selling General And Administration": NaN,
        "General And Administrative Expense": NaN,
        "Other Gand A": NaN,
        "Gross Profit": NaN,
        "Cost Of Revenue": NaN,
        "Total Revenue": NaN,
        "Operating Revenue": NaN
    },
    "2023-12-31": {
        "Tax Effect Of Unusual Items": 160401.669453,
        "Tax Rate For Calcs": 0.245691,
        "Normalized EBITDA": 91355582.0,
        "Total Unusual Items": 652860.0,
        "Total Unusual Items Excluding Goodwill": 652860.0,
        "Net Income From Continuing Operation Net Minority Interest": 43393601.0,
        "Reconciled Depreciation": 28774484.0,
        "Reconciled Cost Of Revenue": 1132260751.0,
        "EBITDA": 92008442.0,
        "EBIT": 63233958.0,
        "Net Interest Income": -5706357.0,
        "Interest Expense": 5706357.0,
        "Normalized Income": 42901142.669453,
        "Net Income From Continuing And Discontinued Operation": 43393601.0,
        "Total Expenses": 1422087281.0,
        "Total Operating Income As Reported": 59627409.0,
        "Diluted Average Shares": 18994376.0,
        "Basic Average Shares": 18994376.0,
        "Diluted EPS": 2.28,
        "Basic EPS": 2.33,
        "Diluted NI Availto Com Stockholders": 43393601.0,
        "Net Income Common Stockholders": 43393601.0,
        "Net Income": 43393601.0,
        "Net Income Including Noncontrolling Interests": 43393601.0,
        "Net Income Continuous Operations": 43393601.0,
        "Tax Provision": 14134000.0,
        "Pretax Income": 57527601.0,
        "Other Income Expense": 4259409.0,
        "Other Non Operating Income Expenses": 3606549.0,
        "Special Income Charges": 652860.0,
        "Gain On Sale Of Ppe": 652860.0,
        "Net Non Operating Interest Income Expense": -5706357.0,
        "Interest Expense Non Operating": 5706357.0,
        "Operating Income": 58974549.0,
        "Operating Expense": 289826530.0,
        "Other Operating Expenses": 289826530.0,
        "Selling General And Administration": 289826530.0,
        "General And Administrative Expense": 289826530.0,
        "Other Gand A": 289826530.0,
        "Gross Profit": 348801079.0,
        "Cost Of Revenue": 1132260751.0,
        "Total Revenue": 1481061830.0,
        "Operating Revenue": 1481061830.0
    },
    "2024-03-31": {
        "Tax Effect Of Unusual Items": 1929232.184,
        "Tax Rate For Calcs": 0.251,
        "Normalized EBITDA": 69752386.0,
        "Total Unusual Items": 7686184.0,
        "Total Unusual Items Excluding Goodwill": 7686184.0,
        "Net Income From Continuing Operation Net Minority Interest": 31898626.0,
        "Reconciled Depreciation": 29248115.0,
        "Reconciled Cost Of Revenue": 1045594741.0,
        "EBITDA": 77438570.0,
        "EBIT": 48190455.0,
        "Net Interest Income": -5587829.0,
        "Interest Expense": 5587829.0,
        "Normalized Income": 26141674.184,
        "Net Income From Continuing And Discontinued Operation": 31898626.0,
        "Total Expenses": 1330356828.0,
        "Total Operating Income As Reported": 44809057.0,
        "Diluted Average Shares": 18994376.0,
        "Basic Average Shares": 18994376.0,
        "Diluted EPS": 1.68,
        "Basic EPS": 1.72,
        "Diluted NI Availto Com Stockholders": 31898626.0,
        "Net Income Common Stockholders": 31898626.0,
        "Net Income": 31898626.0,
        "Net Income Including Noncontrolling Interests": 31898626.0,
        "Net Income Continuous Operations": 31898626.0,
        "Tax Provision": 10704000.0,
        "Pretax Income": 42602626.0,
        "Other Income Expense": 11067582.0,
        "Other Non Operating Income Expenses": 3381398.0,
        "Special Income Charges": 7686184.0,
        "Gain On Sale Of Ppe": 7686184.0,
        "Net Non Operating Interest Income Expense": -5587829.0,
        "Interest Expense Non Operating": 5587829.0,
        "Operating Income": 37122873.0,
        "Operating Expense": 284762087.0,
        "Other Operating Expenses": 284762087.0,
        "Selling General And Administration": NaN,
        "General And Administrative Expense": NaN,
        "Other Gand A": NaN,
        "Gross Profit": 321884960.0,
        "Cost Of Revenue": 1045594741.0,
        "Total Revenue": 1367479701.0,
        "Operating Revenue": 1367479701.0
    },
    "2024-06-30": {
        "Tax Effect Of Unusual Items": 161393.753,
        "Tax Rate For Calcs": 0.251,
        "Normalized EBITDA": 76570628.0,
        "Total Unusual Items": 643003.0,
        "Total Unusual Items Excluding Goodwill": 643003.0,
        "Net Income From Continuing Operation Net Minority Interest": 31721599.0,
        "Reconciled Depreciation": 29509183.0,
        "Reconciled Cost Of Revenue": 1063780771.0,
        "EBITDA": 77213631.0,
        "EBIT": 47704448.0,
        "Net Interest Income": -5358849.0,
        "Interest Expense": 5358849.0,
        "Normalized Income": 31239989.753,
        "Net Income From Continuing And Discontinued Operation": 31721599.0,
        "Total Expenses": 1350031210.0,
        "Total Operating Income As Reported": 44150866.0,
        "Diluted Average Shares": 18994376.0,
        "Basic Average Shares": 18994376.0,
        "Diluted EPS": 1.67,
        "Basic EPS": 1.71,
        "Diluted NI Availto Com Stockholders": 31721599.0,
        "Net Income Common Stockholders": 31721599.0,
        "Net Income": 31721599.0,
        "Net Income Including Noncontrolling Interests": 31721599.0,
        "Net Income Continuous Operations": 31721599.0,
        "Tax Provision": 10624000.0,
        "Pretax Income": 42345599.0,
        "Other Income Expense": 4196585.0,
        "Other Non Operating Income Expenses": 3553582.0,
        "Special Income Charges": 643003.0,
        "Gain On Sale Of Ppe": 643003.0,
        "Net Non Operating Interest Income Expense": -5358849.0,
        "Interest Expense Non Operating": 5358849.0,
        "Operating Income": 43507863.0,
        "Operating Expense": 286250439.0,
        "Other Operating Expenses": 286250439.0,
        "Selling General And Administration": NaN,
        "General And Administrative Expense": NaN,
        "Other Gand A": NaN,
        "Gross Profit": 329758302.0,
        "Cost Of Revenue": 1063780771.0,
        "Total Revenue": 1393539073.0,
        "Operating Revenue": 1393539073.0
    },
    "2024-09-30": {
        "Tax Effect Of Unusual Items": -918960.0,
        "Tax Rate For Calcs": 0.21,
        "Normalized EBITDA": 40699037.0,
        "Total Unusual Items": -4376000.0,
        "Total Unusual Items Excluding Goodwill": -4376000.0,
        "Net Income From Continuing Operation Net Minority Interest": -1472525.0,
        "Reconciled Depreciation": 34090797.0,
        "Reconciled Cost Of Revenue": 1098137894.0,
        "EBITDA": 36323037.0,
        "EBIT": 2232240.0,
        "Net Interest Income": -5206765.0,
        "Interest Expense": 5206765.0,
        "Normalized Income": 1984515.0,
        "Net Income From Continuing And Discontinued Operation": -1472525.0,
        "Total Expenses": 1394595931.0,
        "Total Operating Income As Reported": -1443101.0,
        "Diluted Average Shares": NaN,
        "Basic Average Shares": NaN,
        "Diluted EPS": NaN,
        "Basic EPS": NaN,
        "Diluted NI Availto Com Stockholders": -1472525.0,
        "Net Income Common Stockholders": -1472525.0,
        "Net Income": -1472525.0,
        "Net Income Including Noncontrolling Interests": -1472525.0,
        "Net Income Continuous Operations": -1472525.0,
        "Tax Provision": -1502000.0,
        "Pretax Income": -2974525.0,
        "Other Income Expense": -700659.0,
        "Other Non Operating Income Expenses": 3675341.0,
        "Special Income Charges": -4376000.0,
        "Gain On Sale Of Ppe": 124000.0,
        "Net Non Operating Interest Income Expense": -5206765.0,
        "Interest Expense Non Operating": 5206765.0,
        "Operating Income": 2932899.0,
        "Operating Expense": 296458037.0,
        "Other Operating Expenses": 286482437.0,
        "Selling General And Administration": NaN,
        "General And Administrative Expense": NaN,
        "Other Gand A": NaN,
        "Gross Profit": 299390936.0,
        "Cost Of Revenue": 1098137894.0,
        "Total Revenue": 1397528830.0,
        "Operating Revenue": 1397528830.0
    },
    "2024-12-31": {
        "Tax Effect Of Unusual Items": 758542.713674,
        "Tax Rate For Calcs": 0.241098,
        "Normalized EBITDA": 54661651.0,
        "Total Unusual Items": 3146202.0,
        "Total Unusual Items Excluding Goodwill": 3146202.0,
        "Net Income From Continuing Operation Net Minority Interest": 16588340.0,
        "Reconciled Depreciation": 30938524.0,
        "Reconciled Cost Of Revenue": 986979951.0,
        "EBITDA": 57807853.0,
        "EBIT": 26869329.0,
        "Net Interest Income": -5010989.0,
        "Interest Expense": 5010989.0,
        "Normalized Income": 14200680.713674,
        "Net Income From Continuing And Discontinued Operation": 16588340.0,
        "Total Expenses": 1267688925.0,
        "Total Operating Income As Reported": 23571944.0,
        "Diluted Average Shares": 18994376.0,
        "Basic Average Shares": 18994376.0,
        "Diluted EPS": 0.87,
        "Basic EPS": 0.89,
        "Diluted NI Availto Com Stockholders": 16588340.0,
        "Net Income Common Stockholders": 16588340.0,
        "Net Income": 16588340.0,
        "Net Income Including Noncontrolling Interests": 16588340.0,
        "Net Income Continuous Operations": 16588340.0,
        "Tax Provision": 5270000.0,
        "Pretax Income": 21858340.0,
        "Other Income Expense": 6443587.0,
        "Other Non Operating Income Expenses": 3297385.0,
        "Special Income Charges": 3146202.0,
        "Gain On Sale Of Ppe": 3146202.0,
        "Net Non Operating Interest Income Expense": -5010989.0,
        "Interest Expense Non Operating": 5010989.0,
        "Operating Income": 20425742.0,
        "Operating Expense": 280708974.0,
        "Other Operating Expenses": 280708974.0,
        "Selling General And Administration": NaN,
        "General And Administrative Expense": NaN,
        "Other Gand A": NaN,
        "Gross Profit": 301134716.0,
        "Cost Of Revenue": 986979951.0,
        "Total Revenue": 1288114667.0,
        "Operating Revenue": 1288114667.0
    }
}