{
    "2023-03-31": {
        "Tax Effect Of Unusual Items": NaN,
        "Tax Rate For Calcs": NaN,
        "Normalized EBITDA": NaN,
        "Total Unusual Items": NaN,
        "Total Unusual Items Excluding Goodwill": NaN,
        "Net Income From Continuing Operation Net Minority Interest": NaN,
        "Reconciled Depreciation": NaN,
        "Reconciled Cost Of Revenue": NaN,
        "EBITDA": NaN,
        "EBIT": NaN,
        "Net Interest Income": NaN,
        "Interest Expense": NaN,
        "Interest Income": 6415000.0,
        "Normalized Income": NaN,
        "Net Income From Continuing And Discontinued Operation": NaN,
        "Total Expenses": NaN,
        "Rent Expense Supplemental": NaN,
        "Total Operating Income As Reported": NaN,
        "Diluted Average Shares": NaN,
        "Basic Average Shares": NaN,
        "Diluted EPS": NaN,
        "Basic EPS": NaN,
        "Diluted NI Availto Com Stockholders": NaN,
        "Net Income Common Stockholders": NaN,
        "Net Income": NaN,
        "Minority Interests": NaN,
        "Net Income Including Noncontrolling Interests": NaN,
        "Net Income Discontinuous Operations": NaN,
        "Net Income Continuous Operations": NaN,
        "Tax Provision": NaN,
        "Pretax Income": NaN,
        "Other Income Expense": NaN,
        "Other Non Operating Income Expenses": 111000.0,
        "Special Income Charges": NaN,
        "Restructuring And Mergern Acquisition": NaN,
        "Net Non Operating Interest Income Expense": NaN,
        "Interest Expense Non Operating": NaN,
        "Interest Income Non Operating": 6415000.0,
        "Operating Income": NaN,
        "Operating Expense": NaN,
        "Depreciation Amortization Depletion Income Statement": NaN,
        "Depreciation And Amortization In Income Statement": NaN,
        "Research And Development": 130000.0,
        "Selling General And Administration": NaN,
        "Selling And Marketing Expense": 96000.0,
        "General And Administrative Expense": NaN,
        "Other Gand A": NaN,
        "Gross Profit": NaN,
        "Cost Of Revenue": NaN,
        "Total Revenue": NaN,
        "Operating Revenue": NaN
    },
    "2022-12-31": {
        "Tax Effect Of Unusual Items": NaN,
        "Tax Rate For Calcs": NaN,
        "Normalized EBITDA": NaN,
        "Total Unusual Items": NaN,
        "Total Unusual Items Excluding Goodwill": NaN,
        "Net Income From Continuing Operation Net Minority Interest": NaN,
        "Reconciled Depreciation": NaN,
        "Reconciled Cost Of Revenue": 0.0,
        "EBITDA": NaN,
        "EBIT": NaN,
        "Net Interest Income": NaN,
        "Interest Expense": NaN,
        "Interest Income": NaN,
        "Normalized Income": NaN,
        "Net Income From Continuing And Discontinued Operation": NaN,
        "Total Expenses": NaN,
        "Total Operating Income As Reported": NaN,
        "Diluted Average Shares": NaN,
        "Basic Average Shares": NaN,
        "Diluted EPS": NaN,
        "Basic EPS": NaN,
        "Diluted NI Availto Com Stockholders": NaN,
        "Net Income Common Stockholders": NaN,
        "Net Income": NaN,
        "Net Income Including Noncontrolling Interests": NaN,
        "Net Income Discontinuous Operations": NaN,
        "Net Income Continuous Operations": NaN,
        "Tax Provision": NaN,
        "Pretax Income": NaN,
        "Other Income Expense": NaN,
        "Other Non Operating Income Expenses": NaN,
        "Special Income Charges": NaN,
        "Restructuring And Mergern Acquisition": NaN,
        "Net Non Operating Interest Income Expense": NaN,
        "Interest Expense Non Operating": NaN,
        "Interest Income Non Operating": NaN,
        "Operating Income": NaN,
        "Operating Expense": NaN,
        "Depreciation Amortization Depletion Income Statement": NaN,
        "Depreciation And Amortization In Income Statement": NaN,
        "Research And Development": NaN,
        "Selling General And Administration": NaN,
        "Selling And Marketing Expense": NaN,
        "General And Administrative Expense": NaN,
        "Other Gand A": NaN,
        "Gross Profit": 9164000.0,
        "Cost Of Revenue": 0.0,
        "Total Revenue": NaN,
        "Operating Revenue": NaN
    },
    "2022-09-30": {
        "Tax Effect Of Unusual Items": NaN,
        "Tax Rate For Calcs": NaN,
        "Normalized EBITDA": NaN,
        "Net Income From Continuing Operation Net Minority Interest": NaN,
        "Reconciled Depreciation": NaN,
        "Reconciled Cost Of Revenue": 0.0,
        "EBITDA": NaN,
        "EBIT": NaN,
        "Net Interest Income": NaN,
        "Interest Expense": 2185000.0,
        "Interest Income": NaN,
        "Normalized Income": NaN,
        "Net Income From Continuing And Discontinued Operation": NaN,
        "Total Expenses": NaN,
        "Total Operating Income As Reported": NaN,
        "Diluted Average Shares": NaN,
        "Basic Average Shares": NaN,
        "Diluted EPS": NaN,
        "Basic EPS": NaN,
        "Diluted NI Availto Com Stockholders": NaN,
        "Net Income Common Stockholders": NaN,
        "Net Income": NaN,
        "Net Income Including Noncontrolling Interests": NaN,
        "Net Income Continuous Operations": NaN,
        "Tax Provision": NaN,
        "Pretax Income": NaN,
        "Other Income Expense": NaN,
        "Other Non Operating Income Expenses": NaN,
        "Net Non Operating Interest Income Expense": NaN,
        "Total Other Finance Cost": 2348000.0,
        "Interest Expense Non Operating": 2185000.0,
        "Interest Income Non Operating": NaN,
        "Operating Income": NaN,
        "Operating Expense": NaN,
        "Research And Development": NaN,
        "Selling General And Administration": NaN,
        "Selling And Marketing Expense": NaN,
        "General And Administrative Expense": NaN,
        "Other Gand A": NaN,
        "Gross Profit": 14006000.0,
        "Cost Of Revenue": 0.0,
        "Total Revenue": NaN,
        "Operating Revenue": NaN
    },
    "2022-06-30": {
        "Tax Effect Of Unusual Items": 0.0,
        "Tax Rate For Calcs": 0.087,
        "Normalized EBITDA": 4321000.0,
        "Net Income From Continuing Operation Net Minority Interest": -1819000.0,
        "Reconciled Depreciation": 215000.0,
        "Reconciled Cost Of Revenue": 0.0,
        "EBITDA": 4321000.0,
        "EBIT": 4106000.0,
        "Net Interest Income": -6099000.0,
        "Interest Income": NaN,
        "Normalized Income": -1819000.0,
        "Net Income From Continuing And Discontinued Operation": -1819000.0,
        "Total Expenses": 3877000.0,
        "Total Operating Income As Reported": 4106000.0,
        "Diluted Average Shares": 33616000.0,
        "Basic Average Shares": 33616000.0,
        "Diluted EPS": -0.05,
        "Basic EPS": -0.05,
        "Diluted NI Availto Com Stockholders": -1819000.0,
        "Net Income Common Stockholders": -1819000.0,
        "Net Income": -1819000.0,
        "Net Income Including Noncontrolling Interests": -1819000.0,
        "Net Income Continuous Operations": -1819000.0,
        "Tax Provision": -174000.0,
        "Pretax Income": -1993000.0,
        "Other Income Expense": NaN,
        "Other Non Operating Income Expenses": NaN,
        "Net Non Operating Interest Income Expense": -6099000.0,
        "Total Other Finance Cost": 6099000.0,
        "Interest Income Non Operating": NaN,
        "Operating Income": 4106000.0,
        "Operating Expense": 3877000.0,
        "Research And Development": 355000.0,
        "Selling General And Administration": 3522000.0,
        "Selling And Marketing Expense": 218000.0,
        "General And Administrative Expense": 3304000.0,
        "Other Gand A": 3304000.0,
        "Gross Profit": 7983000.0,
        "Cost Of Revenue": 0.0,
        "Total Revenue": 7983000.0,
        "Operating Revenue": 7983000.0
    },
    "2022-03-31": {
        "Diluted EPS": 0.15,
        "Total Revenue": 7,
        "Gross Profit": 7,
        "Operating Income": 4,
        "EBIT": 4,
        "Net Income": 5
    },
    "2021-12-31": {
        "Diluted EPS": 0.03,
        "Total Revenue": 10,
        "Gross Profit": 10,
        "Operating Income": 6,
        "EBIT": 6,
        "Net Income": 1
    },
    "2021-09-30": {
        "Diluted EPS": 0.12,
        "Total Revenue": 7,
        "Gross Profit": 7,
        "Operating Income": 4,
        "EBIT": 3,
        "Net Income": 4
    },
    "2021-06-30": {
        "Diluted EPS": 0.17,
        "Total Revenue": 11,
        "Gross Profit": 11,
        "Operating Income": 6,
        "EBIT": 6,
        "Net Income": 5
    },
    "2021-03-31": {
        "Diluted EPS": 0.07,
        "Total Revenue": 7,
        "Gross Profit": 7,
        "Operating Income": 2,
        "EBIT": 3,
        "Net Income": 2
    },
    "2020-12-31": {
        "Diluted EPS": 0.27,
        "Total Revenue": 11,
        "Gross Profit": 11,
        "Operating Income": 5,
        "EBIT": 5,
        "Net Income": 8
    },
    "2020-09-30": {
        "Diluted EPS": 0.11,
        "Total Revenue": 8,
        "Gross Profit": 8,
        "Operating Income": 3,
        "EBIT": 3,
        "Net Income": 3
    },
    "2020-06-30": {
        "Diluted EPS": -0.03,
        "Total Revenue": 6,
        "Gross Profit": 6,
        "Operating Income": -1,
        "EBIT": -1,
        "Net Income": -1
    },
    "2020-03-31": {
        "Diluted EPS": -0.16,
        "Total Revenue": 6,
        "Gross Profit": 6,
        "Operating Income": -5,
        "EBIT": -3,
        "Net Income": -5
    },
    "2019-12-31": {
        "Diluted EPS": 0.02,
        "Total Revenue": 11,
        "Gross Profit": 11,
        "Operating Income": 0,
        "EBIT": 1,
        "Net Income": 1
    },
    "2019-09-30": {
        "Diluted EPS": -0.04,
        "Total Revenue": 11,
        "Gross Profit": 11,
        "Operating Income": -1,
        "EBIT": -1,
        "Net Income": -1
    },
    "2019-06-30": {
        "Diluted EPS": -0.27,
        "Total Revenue": 9,
        "Gross Profit": 9,
        "Operating Income": -9,
        "EBIT": -9,
        "Net Income": -9
    },
    "2019-03-31": {
        "Diluted EPS": -0.35,
        "Total Revenue": 5,
        "Gross Profit": 5,
        "Operating Income": -11,
        "EBIT": -11,
        "Net Income": -11
    },
    "2018-12-31": {
        "Diluted EPS": -0.16,
        "Total Revenue": 11,
        "Gross Profit": 11,
        "Operating Income": -4,
        "EBIT": -3,
        "Net Income": -3
    },
    "2018-09-30": {
        "Diluted EPS": -0.15,
        "Total Revenue": 9,
        "Gross Profit": 8,
        "Operating Income": -5,
        "EBIT": -5,
        "Net Income": -5
    },
    "2018-06-30": {
        "Diluted EPS": -0.25,
        "Total Revenue": 6,
        "Gross Profit": 6,
        "Operating Income": -8,
        "EBIT": -8,
        "Net Income": -8
    },
    "2018-03-31": {
        "Diluted EPS": 2.29,
        "Total Revenue": 85,
        "Gross Profit": 85,
        "Operating Income": 70,
        "EBIT": 70,
        "Net Income": 70
    },
    "2017-12-31": {
        "Diluted EPS": -0.42,
        "Total Revenue": 7,
        "Gross Profit": 7,
        "Operating Income": -12,
        "EBIT": -12,
        "Net Income": -12
    },
    "2017-09-30": {
        "Diluted EPS": -0.18,
        "Total Revenue": 12,
        "Gross Profit": 12,
        "Operating Income": -5,
        "EBIT": -5,
        "Net Income": -5
    },
    "2017-06-30": {
        "Diluted EPS": -0.51,
        "Total Revenue": 7,
        "Gross Profit": 7,
        "Operating Income": -15,
        "EBIT": -15,
        "Net Income": -15
    },
    "2017-03-31": {
        "Diluted EPS": -0.44,
        "Total Revenue": 9,
        "Gross Profit": 9,
        "Operating Income": -13,
        "EBIT": -13,
        "Net Income": -13
    },
    "2016-12-31": {
        "Diluted EPS": -1.32,
        "Total Revenue": 9,
        "Gross Profit": 9,
        "Operating Income": -11,
        "EBIT": -11,
        "Net Income": -38
    },
    "2016-09-30": {
        "Diluted EPS": 0.24,
        "Total Revenue": 26,
        "Gross Profit": 26,
        "Operating Income": 10,
        "EBIT": 10,
        "Net Income": 7
    },
    "2016-06-30": {
        "Diluted EPS": -0.2,
        "Total Revenue": 8,
        "Gross Profit": 8,
        "Operating Income": -10,
        "EBIT": -9,
        "Net Income": -6
    },
    "2016-03-31": {
        "Diluted EPS": -0.09,
        "Total Revenue": 14,
        "Gross Profit": 14,
        "Operating Income": -5,
        "EBIT": -4,
        "Net Income": -3
    },
    "2015-12-31": {
        "Diluted EPS": 0.03,
        "Total Revenue": 17,
        "Gross Profit": 16,
        "Operating Income": 1,
        "EBIT": 2,
        "Net Income": 1
    },
    "2015-09-30": {
        "Diluted EPS": 0.01,
        "Total Revenue": 14,
        "Gross Profit": 14,
        "Operating Income": 1,
        "EBIT": 2,
        "Net Income": 0
    },
    "2015-06-30": {
        "Diluted EPS": 0.06,
        "Total Revenue": 16,
        "Gross Profit": 16,
        "Operating Income": 2,
        "EBIT": 2,
        "Net Income": 2
    },
    "2015-03-31": {
        "Diluted EPS": 0.0,
        "Total Revenue": 16,
        "Gross Profit": 16,
        "Operating Income": 0,
        "EBIT": 0,
        "Net Income": 0
    },
    "2014-12-31": {
        "Diluted EPS": 0.03,
        "Total Revenue": 14,
        "Gross Profit": 13,
        "Operating Income": 1,
        "EBIT": 1,
        "Net Income": 1
    },
    "2014-09-30": {
        "Diluted EPS": 0.04,
        "Total Revenue": 12,
        "Gross Profit": 12,
        "Operating Income": 2,
        "EBIT": 2,
        "Net Income": 1
    },
    "2014-06-30": {
        "Diluted EPS": 0.01,
        "Total Revenue": 12,
        "Gross Profit": 12,
        "Operating Income": 0,
        "EBIT": 0,
        "Net Income": 0
    },
    "2014-03-31": {
        "Diluted EPS": 0.06,
        "Total Revenue": 15,
        "Gross Profit": 15,
        "Operating Income": 3,
        "EBIT": 3,
        "Net Income": 2
    },
    "2013-12-31": {
        "Diluted EPS": 1.27,
        "Total Revenue": 12,
        "Gross Profit": 12,
        "Operating Income": 1,
        "EBIT": 1,
        "Net Income": 37
    },
    "2013-09-30": {
        "Diluted EPS": 0.02,
        "Total Revenue": 11,
        "Gross Profit": 11,
        "Operating Income": 1,
        "EBIT": 1,
        "Net Income": 1
    },
    "2013-06-30": {
        "Diluted EPS": 0.02,
        "Total Revenue": 10,
        "Gross Profit": 10,
        "Operating Income": 0,
        "EBIT": 1,
        "Net Income": 0
    },
    "2013-03-31": {
        "Diluted EPS": 0.06,
        "Total Revenue": 14,
        "Gross Profit": 14,
        "Operating Income": 2,
        "EBIT": 2,
        "Net Income": 2
    },
    "2012-12-31": {
        "Diluted EPS": -0.06,
        "Total Revenue": 9,
        "Gross Profit": 8,
        "Operating Income": -2,
        "EBIT": -3,
        "Net Income": -2
    },
    "2012-09-30": {
        "Diluted EPS": -0.11,
        "Total Revenue": 7,
        "Gross Profit": 7,
        "Operating Income": -3,
        "EBIT": -2,
        "Net Income": -3
    },
    "2012-06-30": {
        "Diluted EPS": -0.08,
        "Total Revenue": 6,
        "Gross Profit": 6,
        "Operating Income": -2,
        "EBIT": -2,
        "Net Income": -2
    },
    "2012-03-31": {
        "Diluted EPS": -0.01,
        "Total Revenue": 10,
        "Gross Profit": 9,
        "Operating Income": 0,
        "EBIT": 1,
        "Net Income": 0
    },
    "2011-12-31": {
        "Diluted EPS": -0.07,
        "Total Revenue": 8,
        "Gross Profit": 7,
        "Operating Income": -2,
        "EBIT": -2,
        "Net Income": -2
    },
    "2011-09-30": {
        "Diluted EPS": -0.05,
        "Total Revenue": 6,
        "Gross Profit": 6,
        "Operating Income": -1,
        "EBIT": 0,
        "Net Income": -1
    },
    "2011-06-30": {
        "Diluted EPS": -0.05,
        "Total Revenue": 7,
        "Gross Profit": 6,
        "Operating Income": -1,
        "EBIT": -1,
        "Net Income": -1
    },
    "2011-03-31": {
        "Diluted EPS": 0.05,
        "Total Revenue": 10,
        "Gross Profit": 9,
        "Operating Income": 2,
        "EBIT": 2,
        "Net Income": 1
    },
    "2010-12-31": {
        "Diluted EPS": -0.09,
        "Total Revenue": 6,
        "Gross Profit": 6,
        "Operating Income": -2,
        "EBIT": -1,
        "Net Income": -2
    },
    "2010-09-30": {
        "Diluted EPS": -0.04,
        "Total Revenue": 7,
        "Gross Profit": 6,
        "Operating Income": -1,
        "EBIT": 0,
        "Net Income": -1
    },
    "2010-06-30": {
        "Diluted EPS": 0.01,
        "Total Revenue": 8,
        "Gross Profit": 8,
        "Operating Income": 1,
        "EBIT": 1,
        "Net Income": 0
    },
    "2010-03-31": {
        "Diluted EPS": -0.09,
        "Total Revenue": 10,
        "Gross Profit": 8,
        "Operating Income": -2,
        "EBIT": -2,
        "Net Income": -3
    },
    "2009-12-31": {
        "Diluted EPS": -0.15,
        "Total Revenue": 7,
        "Gross Profit": 6,
        "Operating Income": -5,
        "EBIT": -5,
        "Net Income": -4
    },
    "2009-09-30": {
        "Diluted EPS": -0.32,
        "Total Revenue": 7,
        "Gross Profit": 3,
        "Operating Income": -9,
        "EBIT": -9,
        "Net Income": -9
    },
    "2009-06-30": {
        "Diluted EPS": -0.32,
        "Total Revenue": 7,
        "Gross Profit": 4,
        "Operating Income": -9,
        "EBIT": -8,
        "Net Income": -9
    },
    "2009-03-31": {
        "Diluted EPS": -0.22,
        "Total Revenue": 8,
        "Gross Profit": 6,
        "Operating Income": -7,
        "EBIT": -7,
        "Net Income": -6
    },
    "2023-06-30": {
        "Tax Effect Of Unusual Items": NaN,
        "Tax Rate For Calcs": NaN,
        "Normalized EBITDA": NaN,
        "Total Unusual Items": 0.0,
        "Total Unusual Items Excluding Goodwill": 0.0,
        "Net Income From Continuing Operation Net Minority Interest": NaN,
        "Reconciled Depreciation": NaN,
        "Reconciled Cost Of Revenue": 0.0,
        "EBITDA": NaN,
        "EBIT": NaN,
        "Net Interest Income": NaN,
        "Interest Expense": 0.0,
        "Interest Income": 6759000.0,
        "Normalized Income": NaN,
        "Net Income From Continuing And Discontinued Operation": NaN,
        "Total Expenses": NaN,
        "Rent Expense Supplemental": NaN,
        "Total Operating Income As Reported": NaN,
        "Diluted Average Shares": NaN,
        "Basic Average Shares": NaN,
        "Diluted EPS": NaN,
        "Basic EPS": NaN,
        "Diluted NI Availto Com Stockholders": NaN,
        "Net Income Common Stockholders": NaN,
        "Net Income": NaN,
        "Minority Interests": NaN,
        "Net Income Including Noncontrolling Interests": NaN,
        "Net Income Discontinuous Operations": 0.0,
        "Net Income Continuous Operations": NaN,
        "Tax Provision": NaN,
        "Pretax Income": NaN,
        "Other Income Expense": NaN,
        "Other Non Operating Income Expenses": -85000.0,
        "Special Income Charges": 0.0,
        "Restructuring And Mergern Acquisition": 0.0,
        "Net Non Operating Interest Income Expense": NaN,
        "Interest Expense Non Operating": 0.0,
        "Interest Income Non Operating": 6759000.0,
        "Operating Income": NaN,
        "Operating Expense": NaN,
        "Depreciation Amortization Depletion Income Statement": 0.0,
        "Depreciation And Amortization In Income Statement": 0.0,
        "Research And Development": 99000.0,
        "Selling General And Administration": NaN,
        "Selling And Marketing Expense": 398000.0,
        "General And Administrative Expense": 3870000.0,
        "Other Gand A": 3870000.0,
        "Gross Profit": 6983000.0,
        "Cost Of Revenue": 0.0,
        "Total Revenue": NaN,
        "Operating Revenue": NaN
    },
    "2023-09-30": {
        "Tax Effect Of Unusual Items": 0.0,
        "Tax Rate For Calcs": 0.324,
        "Normalized EBITDA": 6347000.0,
        "Total Unusual Items": NaN,
        "Total Unusual Items Excluding Goodwill": NaN,
        "Net Income From Continuing Operation Net Minority Interest": 2680000.0,
        "Reconciled Depreciation": -217000.0,
        "Reconciled Cost Of Revenue": NaN,
        "EBITDA": 6347000.0,
        "EBIT": 6347000.0,
        "Net Interest Income": -2382000.0,
        "Interest Expense": 2382000.0,
        "Interest Income": NaN,
        "Normalized Income": 2680000.0,
        "Net Income From Continuing And Discontinued Operation": 2680000.0,
        "Total Expenses": 2963000.0,
        "Rent Expense Supplemental": NaN,
        "Total Operating Income As Reported": 6519000.0,
        "Diluted Average Shares": 32750000.0,
        "Basic Average Shares": 32523000.0,
        "Diluted EPS": 0.08,
        "Basic EPS": 0.08,
        "Diluted NI Availto Com Stockholders": 2680000.0,
        "Net Income Common Stockholders": 2680000.0,
        "Net Income": 2680000.0,
        "Minority Interests": NaN,
        "Net Income Including Noncontrolling Interests": 2680000.0,
        "Net Income Discontinuous Operations": NaN,
        "Net Income Continuous Operations": 2680000.0,
        "Tax Provision": 1285000.0,
        "Pretax Income": 3965000.0,
        "Other Income Expense": -172000.0,
        "Other Non Operating Income Expenses": -172000.0,
        "Special Income Charges": NaN,
        "Restructuring And Mergern Acquisition": NaN,
        "Net Non Operating Interest Income Expense": -2382000.0,
        "Interest Expense Non Operating": 2382000.0,
        "Interest Income Non Operating": NaN,
        "Operating Income": 6519000.0,
        "Operating Expense": 2963000.0,
        "Depreciation Amortization Depletion Income Statement": NaN,
        "Depreciation And Amortization In Income Statement": NaN,
        "Research And Development": 30000.0,
        "Selling General And Administration": 2933000.0,
        "Selling And Marketing Expense": 367000.0,
        "General And Administrative Expense": 2566000.0,
        "Other Gand A": 2566000.0,
        "Gross Profit": NaN,
        "Cost Of Revenue": NaN,
        "Total Revenue": 9482000.0,
        "Operating Revenue": 9482000.0
    },
    "2023-12-31": {
        "Tax Effect Of Unusual Items": 0.0,
        "Tax Rate For Calcs": 0.171202,
        "Normalized EBITDA": 5047000.0,
        "Total Unusual Items": NaN,
        "Total Unusual Items Excluding Goodwill": NaN,
        "Net Income From Continuing Operation Net Minority Interest": 15990000.0,
        "Reconciled Depreciation": 11000.0,
        "Reconciled Cost Of Revenue": NaN,
        "EBITDA": 5047000.0,
        "EBIT": 5036000.0,
        "Net Interest Income": 14132000.0,
        "Interest Expense": NaN,
        "Interest Income": NaN,
        "Normalized Income": 15990000.0,
        "Net Income From Continuing And Discontinued Operation": 15990000.0,
        "Total Expenses": 5344000.0,
        "Rent Expense Supplemental": NaN,
        "Total Operating Income As Reported": 5036000.0,
        "Diluted Average Shares": 32707000.0,
        "Basic Average Shares": 32465000.0,
        "Diluted EPS": 0.49,
        "Basic EPS": 0.49,
        "Diluted NI Availto Com Stockholders": 15990000.0,
        "Net Income Common Stockholders": 15990000.0,
        "Net Income": 15990000.0,
        "Minority Interests": NaN,
        "Net Income Including Noncontrolling Interests": 15990000.0,
        "Net Income Discontinuous Operations": NaN,
        "Net Income Continuous Operations": 15990000.0,
        "Tax Provision": 3303000.0,
        "Pretax Income": 19293000.0,
        "Other Income Expense": 125000.0,
        "Other Non Operating Income Expenses": 125000.0,
        "Special Income Charges": NaN,
        "Restructuring And Mergern Acquisition": NaN,
        "Net Non Operating Interest Income Expense": 14132000.0,
        "Interest Expense Non Operating": NaN,
        "Interest Income Non Operating": NaN,
        "Operating Income": 5036000.0,
        "Operating Expense": 5344000.0,
        "Depreciation Amortization Depletion Income Statement": NaN,
        "Depreciation And Amortization In Income Statement": NaN,
        "Research And Development": 22000.0,
        "Selling General And Administration": 5322000.0,
        "Selling And Marketing Expense": 890000.0,
        "General And Administrative Expense": 4432000.0,
        "Other Gand A": 4432000.0,
        "Gross Profit": NaN,
        "Cost Of Revenue": NaN,
        "Total Revenue": 10380000.0,
        "Operating Revenue": 10380000.0
    },
    "2024-03-31": {
        "Tax Effect Of Unusual Items": 0.0,
        "Tax Rate For Calcs": 0.245,
        "Normalized EBITDA": 16632000.0,
        "Total Unusual Items": NaN,
        "Total Unusual Items Excluding Goodwill": NaN,
        "Net Income From Continuing Operation Net Minority Interest": 18655000.0,
        "Reconciled Depreciation": 18000.0,
        "Reconciled Cost Of Revenue": NaN,
        "EBITDA": 16632000.0,
        "EBIT": 16614000.0,
        "Net Interest Income": 8288000.0,
        "Interest Expense": NaN,
        "Interest Income": 8288000.0,
        "Normalized Income": 18655000.0,
        "Net Income From Continuing And Discontinued Operation": 18655000.0,
        "Total Expenses": 27233000.0,
        "Rent Expense Supplemental": NaN,
        "Total Operating Income As Reported": 16614000.0,
        "Diluted Average Shares": 31406000.0,
        "Basic Average Shares": 31028000.0,
        "Diluted EPS": 0.59,
        "Basic EPS": 0.6,
        "Diluted NI Availto Com Stockholders": 18655000.0,
        "Net Income Common Stockholders": 18655000.0,
        "Net Income": 18655000.0,
        "Minority Interests": NaN,
        "Net Income Including Noncontrolling Interests": 18655000.0,
        "Net Income Discontinuous Operations": NaN,
        "Net Income Continuous Operations": 18655000.0,
        "Tax Provision": 6065000.0,
        "Pretax Income": 24720000.0,
        "Other Income Expense": -182000.0,
        "Other Non Operating Income Expenses": -182000.0,
        "Special Income Charges": NaN,
        "Restructuring And Mergern Acquisition": NaN,
        "Net Non Operating Interest Income Expense": 8288000.0,
        "Interest Expense Non Operating": NaN,
        "Interest Income Non Operating": 8288000.0,
        "Operating Income": 16614000.0,
        "Operating Expense": 27233000.0,
        "Depreciation Amortization Depletion Income Statement": NaN,
        "Depreciation And Amortization In Income Statement": NaN,
        "Research And Development": 42000.0,
        "Selling General And Administration": 27191000.0,
        "Selling And Marketing Expense": 1338000.0,
        "General And Administrative Expense": 25853000.0,
        "Other Gand A": 25853000.0,
        "Gross Profit": NaN,
        "Cost Of Revenue": NaN,
        "Total Revenue": 43847000.0,
        "Operating Revenue": 43847000.0
    },
    "2024-06-30": {
        "Tax Effect Of Unusual Items": -668218.0,
        "Tax Rate For Calcs": 0.281,
        "Normalized EBITDA": 34594000.0,
        "Total Unusual Items": -2378000.0,
        "Total Unusual Items Excluding Goodwill": -2378000.0,
        "Net Income From Continuing Operation Net Minority Interest": 20936000.0,
        "Reconciled Depreciation": 2201000.0,
        "Reconciled Cost Of Revenue": 40745000.0,
        "EBITDA": 32216000.0,
        "EBIT": 30015000.0,
        "Net Interest Income": 3708000.0,
        "Interest Expense": 901000.0,
        "Interest Income": 4609000.0,
        "Normalized Income": 22645782.0,
        "Net Income From Continuing And Discontinued Operation": 28945000.0,
        "Total Expenses": 71640000.0,
        "Rent Expense Supplemental": NaN,
        "Total Operating Income As Reported": 25406000.0,
        "Diluted Average Shares": 32525000.0,
        "Basic Average Shares": 31879000.0,
        "Diluted EPS": 0.89,
        "Basic EPS": 0.91,
        "Diluted NI Availto Com Stockholders": 28945000.0,
        "Net Income Common Stockholders": 28945000.0,
        "Net Income": 28945000.0,
        "Minority Interests": NaN,
        "Net Income Including Noncontrolling Interests": 28945000.0,
        "Net Income Discontinuous Operations": 8009000.0,
        "Net Income Continuous Operations": 20936000.0,
        "Tax Provision": 8178000.0,
        "Pretax Income": 29114000.0,
        "Other Income Expense": -2378000.0,
        "Other Non Operating Income Expenses": NaN,
        "Special Income Charges": -2378000.0,
        "Restructuring And Mergern Acquisition": 2378000.0,
        "Net Non Operating Interest Income Expense": 3708000.0,
        "Interest Expense Non Operating": 901000.0,
        "Interest Income Non Operating": 4609000.0,
        "Operating Income": 27784000.0,
        "Operating Expense": 30834000.0,
        "Depreciation Amortization Depletion Income Statement": 2140000.0,
        "Depreciation And Amortization In Income Statement": 2140000.0,
        "Research And Development": NaN,
        "Selling General And Administration": 28694000.0,
        "Selling And Marketing Expense": NaN,
        "General And Administrative Expense": 28694000.0,
        "Other Gand A": 28694000.0,
        "Gross Profit": 58618000.0,
        "Cost Of Revenue": 40806000.0,
        "Total Revenue": 99424000.0,
        "Operating Revenue": 99424000.0
    },
    "2024-10-31": {
        "Tax Effect Of Unusual Items": -7139.0,
        "Tax Rate For Calcs": 0.121,
        "Normalized EBITDA": 77397000.0,
        "Total Unusual Items": -59000.0,
        "Total Unusual Items Excluding Goodwill": -59000.0,
        "Net Income From Continuing Operation Net Minority Interest": 27157000.0,
        "Reconciled Depreciation": 9391000.0,
        "Reconciled Cost Of Revenue": 465510000.0,
        "EBITDA": 77338000.0,
        "EBIT": 67947000.0,
        "Net Interest Income": -1007000.0,
        "Interest Expense": 4547000.0,
        "Interest Income": 3540000.0,
        "Normalized Income": 27208861.0,
        "Net Income From Continuing And Discontinued Operation": 27157000.0,
        "Total Expenses": 551783000.0,
        "Rent Expense Supplemental": 22387000.0,
        "Total Operating Income As Reported": 64407000.0,
        "Diluted Average Shares": 32917000.0,
        "Basic Average Shares": 32222000.0,
        "Diluted EPS": 0.83,
        "Basic EPS": 0.84,
        "Diluted NI Availto Com Stockholders": 27157000.0,
        "Net Income Common Stockholders": 27157000.0,
        "Net Income": 27157000.0,
        "Minority Interests": -28602000.0,
        "Net Income Including Noncontrolling Interests": 55759000.0,
        "Net Income Discontinuous Operations": NaN,
        "Net Income Continuous Operations": 55759000.0,
        "Tax Provision": 7641000.0,
        "Pretax Income": 63400000.0,
        "Other Income Expense": -59000.0,
        "Other Non Operating Income Expenses": NaN,
        "Special Income Charges": -59000.0,
        "Restructuring And Mergern Acquisition": 59000.0,
        "Net Non Operating Interest Income Expense": -1007000.0,
        "Interest Expense Non Operating": 4547000.0,
        "Interest Income Non Operating": 3540000.0,
        "Operating Income": 64466000.0,
        "Operating Expense": 86273000.0,
        "Depreciation Amortization Depletion Income Statement": 9391000.0,
        "Depreciation And Amortization In Income Statement": 9391000.0,
        "Research And Development": NaN,
        "Selling General And Administration": 76882000.0,
        "Selling And Marketing Expense": NaN,
        "General And Administrative Expense": NaN,
        "Other Gand A": NaN,
        "Gross Profit": 150739000.0,
        "Cost Of Revenue": 465510000.0,
        "Total Revenue": 616249000.0,
        "Operating Revenue": 616249000.0
    }
}