{
    "2023-03-31": {
        "Tax Effect Of Unusual Items": NaN,
        "Tax Rate For Calcs": NaN,
        "Normalized EBITDA": NaN,
        "Total Unusual Items": NaN,
        "Total Unusual Items Excluding Goodwill": NaN,
        "Net Income From Continuing Operation Net Minority Interest": NaN,
        "Reconciled Depreciation": NaN,
        "Reconciled Cost Of Revenue": NaN,
        "EBITDA": NaN,
        "EBIT": NaN,
        "Net Interest Income": NaN,
        "Interest Expense": NaN,
        "Normalized Income": NaN,
        "Net Income From Continuing And Discontinued Operation": NaN,
        "Total Expenses": NaN,
        "Total Operating Income As Reported": NaN,
        "Diluted Average Shares": NaN,
        "Basic Average Shares": NaN,
        "Diluted EPS": NaN,
        "Basic EPS": NaN,
        "Diluted NI Availto Com Stockholders": NaN,
        "Net Income Common Stockholders": NaN,
        "Net Income": NaN,
        "Net Income Including Noncontrolling Interests": NaN,
        "Net Income Continuous Operations": NaN,
        "Tax Provision": NaN,
        "Pretax Income": NaN,
        "Other Income Expense": NaN,
        "Special Income Charges": NaN,
        "Restructuring And Mergern Acquisition": NaN,
        "Net Non Operating Interest Income Expense": NaN,
        "Interest Expense Non Operating": NaN,
        "Operating Income": NaN,
        "Operating Expense": NaN,
        "Other Operating Expenses": -1746000.0,
        "Depreciation Amortization Depletion Income Statement": NaN,
        "Depreciation And Amortization In Income Statement": NaN,
        "Selling General And Administration": NaN,
        "Selling And Marketing Expense": 11337000.0,
        "General And Administrative Expense": NaN,
        "Other Gand A": NaN,
        "Salaries And Wages": NaN,
        "Gross Profit": NaN,
        "Cost Of Revenue": NaN,
        "Total Revenue": NaN,
        "Operating Revenue": NaN
    },
    "2022-12-31": {
        "Tax Effect Of Unusual Items": NaN,
        "Tax Rate For Calcs": NaN,
        "Normalized EBITDA": NaN,
        "Total Unusual Items": NaN,
        "Total Unusual Items Excluding Goodwill": NaN,
        "Net Income From Continuing Operation Net Minority Interest": NaN,
        "Reconciled Depreciation": NaN,
        "Reconciled Cost Of Revenue": NaN,
        "EBITDA": NaN,
        "EBIT": NaN,
        "Net Interest Income": NaN,
        "Interest Expense": NaN,
        "Normalized Income": NaN,
        "Net Income From Continuing And Discontinued Operation": NaN,
        "Total Expenses": NaN,
        "Total Operating Income As Reported": NaN,
        "Diluted Average Shares": NaN,
        "Basic Average Shares": NaN,
        "Diluted EPS": NaN,
        "Basic EPS": NaN,
        "Diluted NI Availto Com Stockholders": NaN,
        "Net Income Common Stockholders": NaN,
        "Net Income": NaN,
        "Net Income Including Noncontrolling Interests": NaN,
        "Net Income Continuous Operations": NaN,
        "Tax Provision": NaN,
        "Pretax Income": NaN,
        "Other Income Expense": NaN,
        "Special Income Charges": NaN,
        "Restructuring And Mergern Acquisition": NaN,
        "Net Non Operating Interest Income Expense": NaN,
        "Interest Expense Non Operating": NaN,
        "Operating Income": NaN,
        "Operating Expense": NaN,
        "Other Operating Expenses": -1414000.0,
        "Depreciation Amortization Depletion Income Statement": NaN,
        "Depreciation And Amortization In Income Statement": NaN,
        "Selling General And Administration": NaN,
        "Selling And Marketing Expense": NaN,
        "General And Administrative Expense": NaN,
        "Other Gand A": NaN,
        "Salaries And Wages": NaN,
        "Gross Profit": NaN,
        "Cost Of Revenue": NaN,
        "Total Revenue": NaN,
        "Operating Revenue": NaN
    },
    "2022-09-30": {
        "Tax Effect Of Unusual Items": NaN,
        "Tax Rate For Calcs": NaN,
        "Normalized EBITDA": NaN,
        "Net Income From Continuing Operation Net Minority Interest": NaN,
        "Reconciled Depreciation": NaN,
        "Reconciled Cost Of Revenue": NaN,
        "EBITDA": NaN,
        "EBIT": NaN,
        "Net Interest Income": NaN,
        "Interest Expense": NaN,
        "Normalized Income": NaN,
        "Net Income From Continuing And Discontinued Operation": NaN,
        "Total Expenses": NaN,
        "Total Operating Income As Reported": NaN,
        "Diluted Average Shares": NaN,
        "Basic Average Shares": NaN,
        "Diluted EPS": NaN,
        "Basic EPS": NaN,
        "Diluted NI Availto Com Stockholders": NaN,
        "Net Income Common Stockholders": NaN,
        "Net Income": NaN,
        "Net Income Including Noncontrolling Interests": NaN,
        "Net Income Continuous Operations": NaN,
        "Tax Provision": NaN,
        "Pretax Income": NaN,
        "Net Non Operating Interest Income Expense": NaN,
        "Interest Expense Non Operating": NaN,
        "Operating Income": NaN,
        "Operating Expense": NaN,
        "Other Operating Expenses": NaN,
        "Depreciation Amortization Depletion Income Statement": NaN,
        "Depreciation And Amortization In Income Statement": NaN,
        "Selling General And Administration": NaN,
        "Selling And Marketing Expense": 10232000.0,
        "General And Administrative Expense": NaN,
        "Other Gand A": NaN,
        "Salaries And Wages": NaN,
        "Gross Profit": NaN,
        "Cost Of Revenue": NaN,
        "Total Revenue": NaN,
        "Operating Revenue": NaN
    },
    "2022-06-30": {
        "Tax Effect Of Unusual Items": 0.0,
        "Tax Rate For Calcs": 0.276578,
        "Normalized EBITDA": 25458000.0,
        "Net Income From Continuing Operation Net Minority Interest": 15984000.0,
        "Reconciled Depreciation": 2251000.0,
        "Reconciled Cost Of Revenue": 92066000.0,
        "EBITDA": 25458000.0,
        "EBIT": 23207000.0,
        "Net Interest Income": -1112000.0,
        "Interest Expense": 1112000.0,
        "Normalized Income": 15984000.0,
        "Net Income From Continuing And Discontinued Operation": 15984000.0,
        "Total Expenses": 113728000.0,
        "Total Operating Income As Reported": 23207000.0,
        "Diluted Average Shares": 39228991.0,
        "Basic Average Shares": 38257156.0,
        "Diluted EPS": 0.41,
        "Basic EPS": 0.42,
        "Diluted NI Availto Com Stockholders": 15984000.0,
        "Net Income Common Stockholders": 15984000.0,
        "Net Income": 15984000.0,
        "Net Income Including Noncontrolling Interests": 15984000.0,
        "Net Income Continuous Operations": 15984000.0,
        "Tax Provision": 6111000.0,
        "Pretax Income": 22095000.0,
        "Net Non Operating Interest Income Expense": -1112000.0,
        "Interest Expense Non Operating": 1112000.0,
        "Operating Income": 23207000.0,
        "Operating Expense": 21662000.0,
        "Depreciation Amortization Depletion Income Statement": 2251000.0,
        "Depreciation And Amortization In Income Statement": 2251000.0,
        "Selling General And Administration": 19411000.0,
        "Selling And Marketing Expense": 7663000.0,
        "General And Administrative Expense": 19411000.0,
        "Other Gand A": 7663000.0,
        "Salaries And Wages": 11748000.0,
        "Gross Profit": 44869000.0,
        "Cost Of Revenue": 92066000.0,
        "Total Revenue": 136935000.0,
        "Operating Revenue": 135817000.0
    },
    "2023-06-30": {
        "Tax Effect Of Unusual Items": NaN,
        "Tax Rate For Calcs": NaN,
        "Normalized EBITDA": NaN,
        "Total Unusual Items": 0.0,
        "Total Unusual Items Excluding Goodwill": 0.0,
        "Net Income From Continuing Operation Net Minority Interest": NaN,
        "Reconciled Depreciation": NaN,
        "Reconciled Cost Of Revenue": NaN,
        "EBITDA": NaN,
        "EBIT": NaN,
        "Net Interest Income": NaN,
        "Interest Expense": NaN,
        "Normalized Income": NaN,
        "Net Income From Continuing And Discontinued Operation": NaN,
        "Total Expenses": NaN,
        "Total Operating Income As Reported": NaN,
        "Diluted Average Shares": NaN,
        "Basic Average Shares": NaN,
        "Diluted EPS": NaN,
        "Basic EPS": NaN,
        "Diluted NI Availto Com Stockholders": NaN,
        "Net Income Common Stockholders": NaN,
        "Net Income": NaN,
        "Net Income Including Noncontrolling Interests": NaN,
        "Net Income Continuous Operations": NaN,
        "Tax Provision": NaN,
        "Pretax Income": NaN,
        "Other Income Expense": NaN,
        "Special Income Charges": 0.0,
        "Restructuring And Mergern Acquisition": 0.0,
        "Net Non Operating Interest Income Expense": NaN,
        "Interest Expense Non Operating": NaN,
        "Operating Income": NaN,
        "Operating Expense": NaN,
        "Other Operating Expenses": -2250000.0,
        "Depreciation Amortization Depletion Income Statement": NaN,
        "Depreciation And Amortization In Income Statement": NaN,
        "Selling General And Administration": NaN,
        "Selling And Marketing Expense": NaN,
        "General And Administrative Expense": NaN,
        "Other Gand A": NaN,
        "Salaries And Wages": NaN,
        "Gross Profit": NaN,
        "Cost Of Revenue": NaN,
        "Total Revenue": NaN,
        "Operating Revenue": NaN
    },
    "2022-03-31": {
        "Diluted EPS": 0.3,
        "Total Revenue": 115,
        "Gross Profit": 26,
        "Operating Income": 17,
        "EBIT": 19,
        "Net Income": 12
    },
    "2021-12-31": {
        "Diluted EPS": 0.34,
        "Total Revenue": 127,
        "Gross Profit": 29,
        "Operating Income": 19,
        "EBIT": 21,
        "Net Income": 13
    },
    "2021-09-30": {
        "Diluted EPS": 0.29,
        "Total Revenue": 121,
        "Gross Profit": 28,
        "Operating Income": 16,
        "EBIT": 18,
        "Net Income": 12
    },
    "2021-06-30": {
        "Diluted EPS": 0.34,
        "Total Revenue": 117,
        "Gross Profit": 29,
        "Operating Income": 19,
        "EBIT": 22,
        "Net Income": 13
    },
    "2021-03-31": {
        "Diluted EPS": 0.23,
        "Total Revenue": 95,
        "Gross Profit": 21,
        "Operating Income": 13,
        "EBIT": 16,
        "Net Income": 9
    },
    "2020-12-31": {
        "Diluted EPS": 0.24,
        "Total Revenue": 99,
        "Gross Profit": 23,
        "Operating Income": 15,
        "EBIT": 18,
        "Net Income": 10
    },
    "2020-09-30": {
        "Diluted EPS": 0.25,
        "Total Revenue": 96,
        "Gross Profit": 24,
        "Operating Income": 15,
        "EBIT": 17,
        "Net Income": 9
    },
    "2020-06-30": {
        "Diluted EPS": 0.24,
        "Total Revenue": 85,
        "Gross Profit": 22,
        "Operating Income": 14,
        "EBIT": 17,
        "Net Income": 9
    },
    "2020-03-31": {
        "Diluted EPS": 0.15,
        "Total Revenue": 77,
        "Gross Profit": 18,
        "Operating Income": 10,
        "EBIT": 12,
        "Net Income": 6
    },
    "2019-12-31": {
        "Diluted EPS": 0.13,
        "Total Revenue": 83,
        "Gross Profit": 19,
        "Operating Income": 10,
        "EBIT": 13,
        "Net Income": 5
    },
    "2019-09-30": {
        "Diluted EPS": 0.11,
        "Total Revenue": 85,
        "Gross Profit": 21,
        "Operating Income": 8,
        "EBIT": 12,
        "Net Income": 4
    },
    "2019-06-30": {
        "Diluted EPS": 0.19,
        "Total Revenue": 83,
        "Gross Profit": 20,
        "Operating Income": 12,
        "EBIT": 15,
        "Net Income": 7
    },
    "2019-03-31": {
        "Diluted EPS": 0.09,
        "Total Revenue": 68,
        "Gross Profit": 15,
        "Operating Income": 6,
        "EBIT": 9,
        "Net Income": 3
    },
    "2018-12-31": {
        "Diluted EPS": 0.07,
        "Total Revenue": 75,
        "Gross Profit": 17,
        "Operating Income": 7,
        "EBIT": 11,
        "Net Income": 5
    },
    "2018-09-30": {
        "Diluted EPS": -0.43,
        "Total Revenue": 73,
        "Gross Profit": 7,
        "Operating Income": -2,
        "EBIT": 2,
        "Net Income": -13
    },
    "2018-06-30": {
        "Diluted EPS": 0.11,
        "Total Revenue": 70,
        "Gross Profit": 14,
        "Operating Income": 6,
        "EBIT": 10,
        "Net Income": 2
    },
    "2018-03-31": {
        "Diluted EPS": -0.03,
        "Total Revenue": 56,
        "Gross Profit": 10,
        "Operating Income": 3,
        "EBIT": 6,
        "Net Income": -1
    },
    "2017-12-31": {
        "Diluted EPS": -0.74,
        "Total Revenue": 159,
        "Gross Profit": 17,
        "Operating Income": -7,
        "EBIT": -2,
        "Net Income": -13
    },
    "2017-09-30": {
        "Diluted EPS": -0.03,
        "Total Revenue": 56,
        "Gross Profit": 13,
        "Operating Income": 4,
        "EBIT": 4,
        "Net Income": -1
    },
    "2017-06-30": {
        "Diluted EPS": 0.01,
        "Total Revenue": NaN,
        "Gross Profit": NaN,
        "Operating Income": 0,
        "EBIT": 0,
        "Net Income": 0
    },
    "2017-03-31": {
        "Diluted EPS": -0.02,
        "Total Revenue": NaN,
        "Gross Profit": NaN,
        "Operating Income": 0,
        "EBIT": 0,
        "Net Income": 0
    },
    "2016-12-31": {
        "Diluted EPS": 0.0,
        "Total Revenue": NaN,
        "Gross Profit": NaN,
        "Operating Income": NaN,
        "EBIT": NaN,
        "Net Income": NaN
    },
    "2016-09-30": {
        "Diluted EPS": 0.0,
        "Total Revenue": NaN,
        "Gross Profit": NaN,
        "Operating Income": 0,
        "EBIT": 0,
        "Net Income": 0
    },
    "2015-12-31": {
        "Diluted EPS": 0.0,
        "Total Revenue": NaN,
        "Gross Profit": NaN,
        "Operating Income": NaN,
        "EBIT": NaN,
        "Net Income": NaN
    },
    "2023-09-30": {
        "Tax Effect Of Unusual Items": -353305.440306,
        "Tax Rate For Calcs": 0.308564,
        "Normalized EBITDA": 28870000.0,
        "Total Unusual Items": -1145000.0,
        "Total Unusual Items Excluding Goodwill": -1145000.0,
        "Net Income From Continuing Operation Net Minority Interest": 14832000.0,
        "Reconciled Depreciation": 3473000.0,
        "Reconciled Cost Of Revenue": 112870000.0,
        "EBITDA": 27725000.0,
        "EBIT": 24252000.0,
        "Net Interest Income": -2801000.0,
        "Interest Expense": 2801000.0,
        "Normalized Income": 15623694.559694,
        "Net Income From Continuing And Discontinued Operation": 14832000.0,
        "Total Expenses": 147040000.0,
        "Total Operating Income As Reported": 24252000.0,
        "Diluted Average Shares": 36082163.0,
        "Basic Average Shares": 35320809.0,
        "Diluted EPS": 0.41,
        "Basic EPS": 0.42,
        "Diluted NI Availto Com Stockholders": 14832000.0,
        "Net Income Common Stockholders": 14832000.0,
        "Net Income": 14832000.0,
        "Net Income Including Noncontrolling Interests": 14832000.0,
        "Net Income Continuous Operations": 14832000.0,
        "Tax Provision": 6619000.0,
        "Pretax Income": 21451000.0,
        "Other Income Expense": -1145000.0,
        "Special Income Charges": -1145000.0,
        "Restructuring And Mergern Acquisition": 1145000.0,
        "Net Non Operating Interest Income Expense": -2801000.0,
        "Interest Expense Non Operating": 2801000.0,
        "Operating Income": 25397000.0,
        "Operating Expense": 34169000.0,
        "Other Operating Expenses": -2362000.0,
        "Depreciation Amortization Depletion Income Statement": 3472000.0,
        "Depreciation And Amortization In Income Statement": 3472000.0,
        "Selling General And Administration": 30697000.0,
        "Selling And Marketing Expense": NaN,
        "General And Administrative Expense": 30697000.0,
        "Other Gand A": 12908000.0,
        "Salaries And Wages": 17789000.0,
        "Gross Profit": 59566000.0,
        "Cost Of Revenue": 112871000.0,
        "Total Revenue": 172437000.0,
        "Operating Revenue": 170075000.0
    },
    "2023-12-31": {
        "Tax Effect Of Unusual Items": 0.0,
        "Tax Rate For Calcs": 0.296494,
        "Normalized EBITDA": 31012000.0,
        "Total Unusual Items": NaN,
        "Total Unusual Items Excluding Goodwill": NaN,
        "Net Income From Continuing Operation Net Minority Interest": 17499000.0,
        "Reconciled Depreciation": 3355000.0,
        "Reconciled Cost Of Revenue": 110882000.0,
        "EBITDA": 31012000.0,
        "EBIT": 27657000.0,
        "Net Interest Income": -2783000.0,
        "Interest Expense": 2783000.0,
        "Normalized Income": 17499000.0,
        "Net Income From Continuing And Discontinued Operation": 17499000.0,
        "Total Expenses": 143681000.0,
        "Total Operating Income As Reported": 27657000.0,
        "Diluted Average Shares": 35426435.0,
        "Basic Average Shares": 34638245.0,
        "Diluted EPS": 0.49,
        "Basic EPS": 0.51,
        "Diluted NI Availto Com Stockholders": 17499000.0,
        "Net Income Common Stockholders": 17499000.0,
        "Net Income": 17499000.0,
        "Net Income Including Noncontrolling Interests": 17499000.0,
        "Net Income Continuous Operations": 17499000.0,
        "Tax Provision": 7375000.0,
        "Pretax Income": 24874000.0,
        "Other Income Expense": NaN,
        "Special Income Charges": NaN,
        "Restructuring And Mergern Acquisition": NaN,
        "Net Non Operating Interest Income Expense": -2783000.0,
        "Interest Expense Non Operating": 2783000.0,
        "Operating Income": 28102000.0,
        "Operating Expense": 32799000.0,
        "Other Operating Expenses": -2929000.0,
        "Depreciation Amortization Depletion Income Statement": 3355000.0,
        "Depreciation And Amortization In Income Statement": 3355000.0,
        "Selling General And Administration": 29444000.0,
        "Selling And Marketing Expense": NaN,
        "General And Administrative Expense": 29444000.0,
        "Other Gand A": 10769000.0,
        "Salaries And Wages": 18675000.0,
        "Gross Profit": 60901000.0,
        "Cost Of Revenue": 110882000.0,
        "Total Revenue": 171783000.0,
        "Operating Revenue": 168854000.0
    },
    "2024-03-31": {
        "Tax Effect Of Unusual Items": 0.0,
        "Tax Rate For Calcs": 0.28299,
        "Normalized EBITDA": 22814000.0,
        "Total Unusual Items": NaN,
        "Total Unusual Items Excluding Goodwill": NaN,
        "Net Income From Continuing Operation Net Minority Interest": 12106000.0,
        "Reconciled Depreciation": 3228000.0,
        "Reconciled Cost Of Revenue": 97934000.0,
        "EBITDA": 22814000.0,
        "EBIT": 19586000.0,
        "Net Interest Income": -2702000.0,
        "Interest Expense": 2702000.0,
        "Normalized Income": 12106000.0,
        "Net Income From Continuing And Discontinued Operation": 12106000.0,
        "Total Expenses": 130826000.0,
        "Total Operating Income As Reported": 19586000.0,
        "Diluted Average Shares": 34188814.0,
        "Basic Average Shares": 33675441.0,
        "Diluted EPS": 0.35,
        "Basic EPS": 0.36,
        "Diluted NI Availto Com Stockholders": 12106000.0,
        "Net Income Common Stockholders": 12106000.0,
        "Net Income": 12106000.0,
        "Net Income Including Noncontrolling Interests": 12106000.0,
        "Net Income Continuous Operations": 12106000.0,
        "Tax Provision": 4778000.0,
        "Pretax Income": 16884000.0,
        "Other Income Expense": NaN,
        "Special Income Charges": NaN,
        "Restructuring And Mergern Acquisition": NaN,
        "Net Non Operating Interest Income Expense": -2702000.0,
        "Interest Expense Non Operating": 2702000.0,
        "Operating Income": 19586000.0,
        "Operating Expense": 32892000.0,
        "Other Operating Expenses": NaN,
        "Depreciation Amortization Depletion Income Statement": 3228000.0,
        "Depreciation And Amortization In Income Statement": 3228000.0,
        "Selling General And Administration": 29664000.0,
        "Selling And Marketing Expense": NaN,
        "General And Administrative Expense": 29664000.0,
        "Other Gand A": 11558000.0,
        "Salaries And Wages": 18106000.0,
        "Gross Profit": 52478000.0,
        "Cost Of Revenue": 97934000.0,
        "Total Revenue": 150412000.0,
        "Operating Revenue": 147267000.0
    },
    "2024-06-30": {
        "Tax Effect Of Unusual Items": -790485.940734,
        "Tax Rate For Calcs": 0.291585,
        "Normalized EBITDA": 28986000.0,
        "Total Unusual Items": -2711000.0,
        "Total Unusual Items Excluding Goodwill": -2711000.0,
        "Net Income From Continuing Operation Net Minority Interest": 14033000.0,
        "Reconciled Depreciation": 3371000.0,
        "Reconciled Cost Of Revenue": 113369000.0,
        "EBITDA": 26275000.0,
        "EBIT": 22904000.0,
        "Net Interest Income": -3095000.0,
        "Interest Expense": 3095000.0,
        "Normalized Income": 15953514.059266,
        "Net Income From Continuing And Discontinued Operation": 14033000.0,
        "Total Expenses": 145916000.0,
        "Total Operating Income As Reported": 22904000.0,
        "Diluted Average Shares": 33090806.0,
        "Basic Average Shares": 32698951.0,
        "Diluted EPS": 0.42,
        "Basic EPS": 0.43,
        "Diluted NI Availto Com Stockholders": 14033000.0,
        "Net Income Common Stockholders": 14033000.0,
        "Net Income": 14033000.0,
        "Net Income Including Noncontrolling Interests": 14033000.0,
        "Net Income Continuous Operations": 14033000.0,
        "Tax Provision": 5776000.0,
        "Pretax Income": 19809000.0,
        "Other Income Expense": -2711000.0,
        "Special Income Charges": -2711000.0,
        "Restructuring And Mergern Acquisition": 2711000.0,
        "Net Non Operating Interest Income Expense": -3095000.0,
        "Interest Expense Non Operating": 3095000.0,
        "Operating Income": 25615000.0,
        "Operating Expense": 32547000.0,
        "Other Operating Expenses": NaN,
        "Depreciation Amortization Depletion Income Statement": 3371000.0,
        "Depreciation And Amortization In Income Statement": 3371000.0,
        "Selling General And Administration": 29176000.0,
        "Selling And Marketing Expense": NaN,
        "General And Administrative Expense": 29176000.0,
        "Other Gand A": 12283000.0,
        "Salaries And Wages": 16893000.0,
        "Gross Profit": 58162000.0,
        "Cost Of Revenue": 113369000.0,
        "Total Revenue": 171531000.0,
        "Operating Revenue": 168637000.0
    },
    "2024-09-30": {
        "Tax Effect Of Unusual Items": -8034.761421,
        "Tax Rate For Calcs": 0.297584,
        "Normalized EBITDA": 31234000.0,
        "Total Unusual Items": -27000.0,
        "Total Unusual Items Excluding Goodwill": -27000.0,
        "Net Income From Continuing Operation Net Minority Interest": 17297000.0,
        "Reconciled Depreciation": 3382000.0,
        "Reconciled Cost Of Revenue": 111348000.0,
        "EBITDA": 31207000.0,
        "EBIT": 27825000.0,
        "Net Interest Income": -3200000.0,
        "Interest Expense": 3200000.0,
        "Normalized Income": 17315965.238579,
        "Net Income From Continuing And Discontinued Operation": 17297000.0,
        "Total Expenses": 144095000.0,
        "Total Operating Income As Reported": 27825000.0,
        "Diluted Average Shares": 32732465.0,
        "Basic Average Shares": 32366831.0,
        "Diluted EPS": 0.53,
        "Basic EPS": 0.53,
        "Diluted NI Availto Com Stockholders": 17297000.0,
        "Net Income Common Stockholders": 17297000.0,
        "Net Income": 17297000.0,
        "Net Income Including Noncontrolling Interests": 17297000.0,
        "Net Income Continuous Operations": 17297000.0,
        "Tax Provision": 7328000.0,
        "Pretax Income": 24625000.0,
        "Other Income Expense": -27000.0,
        "Special Income Charges": -27000.0,
        "Restructuring And Mergern Acquisition": 27000.0,
        "Net Non Operating Interest Income Expense": -3200000.0,
        "Interest Expense Non Operating": 3200000.0,
        "Operating Income": 27852000.0,
        "Operating Expense": 32747000.0,
        "Other Operating Expenses": NaN,
        "Depreciation Amortization Depletion Income Statement": 3382000.0,
        "Depreciation And Amortization In Income Statement": 3382000.0,
        "Selling General And Administration": 29365000.0,
        "Selling And Marketing Expense": NaN,
        "General And Administrative Expense": 29365000.0,
        "Other Gand A": 12127000.0,
        "Salaries And Wages": 17238000.0,
        "Gross Profit": 60599000.0,
        "Cost Of Revenue": 111348000.0,
        "Total Revenue": 171947000.0,
        "Operating Revenue": 168554000.0
    }
}